timestamp;buyer;seller;symbol;currency;price;quantity
0;;SUBMISSION;VELVETFRUIT_EXTRACT;XIREC;5265.0;25
0;;SUBMISSION;VELVETFRUIT_EXTRACT;XIREC;5264.0;25
0;;SUBMISSION;VEV_4000;XIREC;1257.0;15
0;;SUBMISSION;VEV_4000;XIREC;1254.0;27
0;;SUBMISSION;VEV_4500;XIREC;759.0;7
0;;SUBMISSION;VEV_4500;XIREC;757.0;14
0;;SUBMISSION;VEV_5000;XIREC;267.0;7
0;;SUBMISSION;VEV_5000;XIREC;266.0;14
0;;SUBMISSION;VEV_5100;XIREC;177.0;7
0;;SUBMISSION;VEV_5100;XIREC;176.0;14
0;;SUBMISSION;VEV_5200;XIREC;102.0;21
0;;SUBMISSION;VEV_5300;XIREC;52.0;20
100;;SUBMISSION;VELVETFRUIT_EXTRACT;XIREC;5263.0;50
100;;SUBMISSION;VEV_4000;XIREC;1255.0;12
100;;SUBMISSION;VEV_4000;XIREC;1252.0;20
100;;SUBMISSION;VEV_4500;XIREC;757.0;10
100;;SUBMISSION;VEV_4500;XIREC;756.0;14
100;;SUBMISSION;VEV_5000;XIREC;265.0;24
100;;SUBMISSION;VEV_5300;XIREC;51.0;20
200;;SUBMISSION;VELVETFRUIT_EXTRACT;XIREC;5263.0;50
200;;SUBMISSION;VEV_4000;XIREC;1255.0;10
200;;SUBMISSION;VEV_4000;XIREC;1253.0;20
200;;SUBMISSION;VEV_4500;XIREC;758.0;8
200;;SUBMISSION;VEV_4500;XIREC;756.0;15
200;;SUBMISSION;VEV_5000;XIREC;266.0;8
200;;SUBMISSION;VEV_5000;XIREC;265.0;15
200;;SUBMISSION;VEV_5300;XIREC;51.0;19
300;;SUBMISSION;VELVETFRUIT_EXTRACT;XIREC;5264.0;23
300;;SUBMISSION;VELVETFRUIT_EXTRACT;XIREC;5263.0;27
300;;SUBMISSION;VEV_4000;XIREC;1256.0;10
300;;SUBMISSION;VEV_4000;XIREC;1253.0;18
300;;SUBMISSION;VEV_4500;XIREC;758.0;9
300;;SUBMISSION;VEV_4500;XIREC;756.0;17
300;;SUBMISSION;VEV_5000;XIREC;266.0;9
300;;SUBMISSION;VEV_5000;XIREC;265.0;17
300;;SUBMISSION;VEV_5300;XIREC;51.0;20
400;;SUBMISSION;VEV_4000;XIREC;1254.0;8
400;;SUBMISSION;VEV_4000;XIREC;1252.0;30
400;;SUBMISSION;VEV_4500;XIREC;757.0;8
400;;SUBMISSION;VEV_4500;XIREC;755.0;14
400;;SUBMISSION;VEV_5300;XIREC;51.0;20
600;;SUBMISSION;VEV_4000;XIREC;1261.0;5
600;;SUBMISSION;VEV_4000;XIREC;1251.0;9
600;;SUBMISSION;VEV_4000;XIREC;1249.0;23
600;;SUBMISSION;VEV_4500;XIREC;761.0;5
600;;SUBMISSION;VEV_4500;XIREC;754.0;9
600;;SUBMISSION;VEV_4500;XIREC;752.0;14
900;Mark 67;Mark 49;VELVETFRUIT_EXTRACT;XIREC;5262.0;8
1300;Mark 14;Mark 38;VEV_4000;XIREC;1251.0;3
1500;;SUBMISSION;VEV_4000;XIREC;1254.0;8
1500;;SUBMISSION;VEV_4000;XIREC;1252.0;26
1500;;SUBMISSION;VEV_4500;XIREC;757.0;10
1500;;SUBMISSION;VEV_4500;XIREC;755.0;23
1500;;SUBMISSION;VEV_5300;XIREC;51.0;20
1600;;SUBMISSION;VEV_4000;XIREC;1254.0;13
1600;;SUBMISSION;VEV_4000;XIREC;1252.0;29
1600;;SUBMISSION;VEV_4500;XIREC;757.0;7
1600;;SUBMISSION;VEV_4500;XIREC;755.0;13
1600;;SUBMISSION;VEV_5300;XIREC;51.0;19
1700;;SUBMISSION;VEV_4000;XIREC;1255.0;14
1700;;SUBMISSION;VEV_4000;XIREC;1253.0;3
1700;;SUBMISSION;VEV_4500;XIREC;758.0;6
1700;;SUBMISSION;VEV_4500;XIREC;756.0;13
1700;;SUBMISSION;VEV_5000;XIREC;266.0;6
1700;;SUBMISSION;VEV_5000;XIREC;265.0;13
1700;;SUBMISSION;VEV_5300;XIREC;51.0;20
1800;;SUBMISSION;VEV_4500;XIREC;758.0;6
1800;;SUBMISSION;VEV_4500;XIREC;756.0;21
1800;;SUBMISSION;VEV_5000;XIREC;265.0;27
1800;;SUBMISSION;VEV_5300;XIREC;51.0;20
1900;;SUBMISSION;VEV_4500;XIREC;758.0;11
1900;;SUBMISSION;VEV_4500;XIREC;756.0;14
1900;;SUBMISSION;VEV_5000;XIREC;266.0;11
1900;;SUBMISSION;VEV_5000;XIREC;265.0;14
1900;;SUBMISSION;VEV_5300;XIREC;51.0;16
2000;;SUBMISSION;VEV_4500;XIREC;760.0;9
2000;;SUBMISSION;VEV_4500;XIREC;758.0;14
2000;;SUBMISSION;VEV_5000;XIREC;268.0;9
2000;;SUBMISSION;VEV_5000;XIREC;267.0;14
2000;;SUBMISSION;VEV_5100;XIREC;177.0;23
2000;;SUBMISSION;VEV_5200;XIREC;103.0;23
2000;;SUBMISSION;VEV_5300;XIREC;52.0;19
2100;;SUBMISSION;VEV_4500;XIREC;761.0;9
2100;;SUBMISSION;VEV_5000;XIREC;269.0;9
2100;;SUBMISSION;VEV_5000;XIREC;268.0;13
2100;;SUBMISSION;VEV_5100;XIREC;178.0;22
2100;;SUBMISSION;VEV_5200;XIREC;104.0;22
2100;;SUBMISSION;VEV_5300;XIREC;53.0;20
2200;;SUBMISSION;VEV_5000;XIREC;268.0;6
2200;;SUBMISSION;VEV_5000;XIREC;267.0;12
2200;;SUBMISSION;VEV_5100;XIREC;177.0;18
2200;;SUBMISSION;VEV_5200;XIREC;103.0;18
2200;;SUBMISSION;VEV_5300;XIREC;52.0;19
2300;;SUBMISSION;VEV_5000;XIREC;269.0;10
2300;;SUBMISSION;VEV_5000;XIREC;268.0;15
2300;;SUBMISSION;VEV_5100;XIREC;178.0;25
2300;;SUBMISSION;VEV_5200;XIREC;104.0;25
2300;;SUBMISSION;VEV_5300;XIREC;53.0;9
2300;;SUBMISSION;VEV_5300;XIREC;52.0;11
2400;;SUBMISSION;VEV_5000;XIREC;270.0;7
2400;;SUBMISSION;VEV_5000;XIREC;269.0;13
2400;;SUBMISSION;VEV_5100;XIREC;179.0;20
2400;;SUBMISSION;VEV_5200;XIREC;105.0;7
2400;;SUBMISSION;VEV_5200;XIREC;104.0;13
2400;;SUBMISSION;VEV_5300;XIREC;53.0;20
2500;;SUBMISSION;VEV_5000;XIREC;272.0;10
2500;;SUBMISSION;VEV_5000;XIREC;271.0;13
2500;;SUBMISSION;VEV_5100;XIREC;181.0;10
2500;;SUBMISSION;VEV_5100;XIREC;180.0;13
2500;;SUBMISSION;VEV_5200;XIREC;106.0;23
2500;;SUBMISSION;VEV_5300;XIREC;54.0;8
2600;;SUBMISSION;VEV_5000;XIREC;272.0;4
2600;;SUBMISSION;VEV_5100;XIREC;181.0;22
2600;;SUBMISSION;VEV_5200;XIREC;106.0;22
2700;;SUBMISSION;VEV_5100;XIREC;181.0;8
2700;;SUBMISSION;VEV_5100;XIREC;180.0;14
2700;;SUBMISSION;VEV_5200;XIREC;106.0;22
2700;Mark 01;Mark 55;VELVETFRUIT_EXTRACT;XIREC;5269.0;8
2800;;SUBMISSION;VEV_5100;XIREC;180.0;22
2800;;SUBMISSION;VEV_5200;XIREC;106.0;8
2800;;SUBMISSION;VEV_5200;XIREC;105.0;14
2900;;SUBMISSION;VEV_5100;XIREC;178.0;24
2900;;SUBMISSION;VEV_5200;XIREC;104.0;24
2900;Mark 55;Mark 14;VELVETFRUIT_EXTRACT;XIREC;5272.0;8
3000;;SUBMISSION;HYDROGEL_PACK;XIREC;10019.0;13
3000;;SUBMISSION;HYDROGEL_PACK;XIREC;10017.0;27
3000;;SUBMISSION;VEV_5100;XIREC;179.0;22
3000;;SUBMISSION;VEV_5200;XIREC;105.0;22
3100;;SUBMISSION;HYDROGEL_PACK;XIREC;10019.0;10
3100;;SUBMISSION;HYDROGEL_PACK;XIREC;10017.0;25
3100;;SUBMISSION;VEV_5100;XIREC;181.0;11
3100;;SUBMISSION;VEV_5100;XIREC;180.0;16
3100;;SUBMISSION;VEV_5200;XIREC;106.0;27
3200;;SUBMISSION;HYDROGEL_PACK;XIREC;10022.0;12
3200;;SUBMISSION;HYDROGEL_PACK;XIREC;10019.0;28
3200;;SUBMISSION;VEV_5100;XIREC;181.0;9
3200;;SUBMISSION;VEV_5200;XIREC;106.0;9
3300;;SUBMISSION;HYDROGEL_PACK;XIREC;10021.0;12
3300;;SUBMISSION;HYDROGEL_PACK;XIREC;10018.0;26
3400;;SUBMISSION;HYDROGEL_PACK;XIREC;10023.0;11
3400;;SUBMISSION;HYDROGEL_PACK;XIREC;10021.0;25
3500;;SUBMISSION;HYDROGEL_PACK;XIREC;10021.0;10
3500;;SUBMISSION;HYDROGEL_PACK;XIREC;10018.0;1
4800;Mark 55;Mark 14;VELVETFRUIT_EXTRACT;XIREC;5273.0;3
5500;;SUBMISSION;VEV_5400;XIREC;18.0;20
5600;;SUBMISSION;VEV_5400;XIREC;18.0;20
5700;;SUBMISSION;VEV_5400;XIREC;18.0;20
5700;Mark 01;Mark 55;VELVETFRUIT_EXTRACT;XIREC;5273.0;5
5900;;SUBMISSION;VEV_5400;XIREC;18.0;20
6000;;SUBMISSION;VEV_5400;XIREC;18.0;20
6100;;SUBMISSION;VEV_5400;XIREC;18.0;20
6200;;SUBMISSION;VEV_5400;XIREC;18.0;20
9000;Mark 38;Mark 14;VEV_4000;XIREC;1278.0;1
9900;Mark 22;Mark 55;VELVETFRUIT_EXTRACT;XIREC;5261.0;5
10200;Mark 14;Mark 38;HYDROGEL_PACK;XIREC;10017.0;6
10700;Mark 55;Mark 14;VELVETFRUIT_EXTRACT;XIREC;5265.0;4
11200;Mark 38;Mark 14;HYDROGEL_PACK;XIREC;10030.0;4
12100;Mark 67;Mark 22;VELVETFRUIT_EXTRACT;XIREC;5268.0;5
12600;Mark 01;Mark 55;VELVETFRUIT_EXTRACT;XIREC;5264.0;3
13100;Mark 01;Mark 22;VEV_5400;XIREC;16.0;3
13100;Mark 01;Mark 22;VEV_5500;XIREC;6.0;3
13100;Mark 01;Mark 22;VEV_6000;XIREC;0.0;3
13100;Mark 01;Mark 22;VEV_6500;XIREC;0.0;3
13900;Mark 55;Mark 14;VELVETFRUIT_EXTRACT;XIREC;5269.0;4
15700;Mark 38;Mark 14;HYDROGEL_PACK;XIREC;10035.0;2
16300;Mark 55;Mark 01;VELVETFRUIT_EXTRACT;XIREC;5275.0;5
17200;;SUBMISSION;VEV_5400;XIREC;18.0;20
17300;;SUBMISSION;VEV_5400;XIREC;18.0;19
17400;;SUBMISSION;VEV_5400;XIREC;18.0;20
17400;Mark 14;Mark 55;VELVETFRUIT_EXTRACT;XIREC;5274.0;3
17500;;SUBMISSION;VEV_5400;XIREC;18.0;20
17600;;SUBMISSION;VEV_5400;XIREC;18.0;20
18000;;SUBMISSION;VEV_5400;XIREC;18.0;16
18100;;SUBMISSION;VEV_5400;XIREC;18.0;20
18200;;SUBMISSION;VEV_5400;XIREC;18.0;20
18300;;SUBMISSION;VEV_5400;XIREC;18.0;5
19100;Mark 38;Mark 14;HYDROGEL_PACK;XIREC;10020.0;6
20900;Mark 01;Mark 22;VEV_5300;XIREC;53.0;5
20900;Mark 01;Mark 22;VEV_5400;XIREC;17.0;5
20900;Mark 01;Mark 22;VEV_5500;XIREC;7.0;5
20900;Mark 01;Mark 22;VEV_6000;XIREC;0.0;5
20900;Mark 01;Mark 22;VEV_6500;XIREC;0.0;5
21400;SUBMISSION;;HYDROGEL_PACK;XIREC;10011.0;12
21400;SUBMISSION;;HYDROGEL_PACK;XIREC;10014.0;24
22300;SUBMISSION;;HYDROGEL_PACK;XIREC;10001.0;4
22300;SUBMISSION;;HYDROGEL_PACK;XIREC;10010.0;15
22300;SUBMISSION;;HYDROGEL_PACK;XIREC;10012.0;28
23000;SUBMISSION;;HYDROGEL_PACK;XIREC;10011.0;12
23000;SUBMISSION;;HYDROGEL_PACK;XIREC;10014.0;22
23100;SUBMISSION;;HYDROGEL_PACK;XIREC;10011.0;13
23100;SUBMISSION;;HYDROGEL_PACK;XIREC;10013.0;29
23100;Mark 01;Mark 55;VELVETFRUIT_EXTRACT;XIREC;5264.0;4
23200;SUBMISSION;;HYDROGEL_PACK;XIREC;10003.0;7
23200;SUBMISSION;;HYDROGEL_PACK;XIREC;10012.0;14
23200;SUBMISSION;;HYDROGEL_PACK;XIREC;10014.0;20
23500;Mark 01;Mark 22;VEV_5400;XIREC;16.0;2
23500;Mark 01;Mark 22;VEV_5500;XIREC;6.0;2
23500;Mark 01;Mark 22;VEV_6000;XIREC;0.0;2
23500;Mark 01;Mark 22;VEV_6500;XIREC;0.0;2
25500;Mark 14;Mark 55;VELVETFRUIT_EXTRACT;XIREC;5264.0;6
26500;Mark 55;Mark 14;VELVETFRUIT_EXTRACT;XIREC;5269.0;6
29200;Mark 14;Mark 38;HYDROGEL_PACK;XIREC;9993.0;4
29500;Mark 01;Mark 22;VEV_5400;XIREC;16.0;2
29500;Mark 01;Mark 22;VEV_5500;XIREC;6.0;2
29500;Mark 01;Mark 22;VEV_6000;XIREC;0.0;2
29500;Mark 01;Mark 22;VEV_6500;XIREC;0.0;2
32500;Mark 55;Mark 22;VELVETFRUIT_EXTRACT;XIREC;5266.0;4
33300;Mark 55;Mark 01;VELVETFRUIT_EXTRACT;XIREC;5271.0;7
34100;Mark 38;Mark 14;VEV_4000;XIREC;1282.0;1
35700;Mark 55;Mark 14;VELVETFRUIT_EXTRACT;XIREC;5270.0;3
35800;Mark 14;Mark 55;VELVETFRUIT_EXTRACT;XIREC;5264.0;7
36100;Mark 55;Mark 01;VELVETFRUIT_EXTRACT;XIREC;5271.0;4
38400;Mark 14;Mark 55;VELVETFRUIT_EXTRACT;XIREC;5265.0;8
39500;Mark 14;Mark 38;VEV_4000;XIREC;1254.0;2
40600;SUBMISSION;;VEV_5400;XIREC;16.0;28
40700;SUBMISSION;;VEV_5400;XIREC;15.0;23
40800;SUBMISSION;;VEV_5400;XIREC;15.0;20
40900;SUBMISSION;;VEV_5100;XIREC;169.0;6
40900;SUBMISSION;;VEV_5100;XIREC;170.0;19
40900;SUBMISSION;;VEV_5400;XIREC;15.0;19
41000;SUBMISSION;;VEV_5400;XIREC;15.0;18
41100;SUBMISSION;;VEV_5100;XIREC;170.0;28
41100;SUBMISSION;;VEV_5400;XIREC;15.0;22
41100;Mark 38;Mark 14;HYDROGEL_PACK;XIREC;9998.0;6
41200;SUBMISSION;;VEV_5000;XIREC;259.0;12
41200;SUBMISSION;;VEV_5000;XIREC;260.0;17
41200;SUBMISSION;;VEV_5100;XIREC;169.0;29
41200;SUBMISSION;;VEV_5400;XIREC;15.0;20
41300;SUBMISSION;;VEV_5100;XIREC;169.0;8
41300;SUBMISSION;;VEV_5100;XIREC;170.0;23
41300;SUBMISSION;;VEV_5400;XIREC;15.0;27
41400;SUBMISSION;;VEV_5100;XIREC;169.0;25
41400;SUBMISSION;;VEV_5400;XIREC;15.0;21
41500;SUBMISSION;;VELVETFRUIT_EXTRACT;XIREC;5254.0;24
41500;SUBMISSION;;VELVETFRUIT_EXTRACT;XIREC;5255.0;26
41500;SUBMISSION;;VEV_4000;XIREC;1262.0;15
41500;SUBMISSION;;VEV_4000;XIREC;1265.0;21
41500;SUBMISSION;;VEV_4500;XIREC;760.0;11
41500;SUBMISSION;;VEV_4500;XIREC;761.0;15
41500;SUBMISSION;;VEV_5000;XIREC;258.0;11
41500;SUBMISSION;;VEV_5000;XIREC;259.0;15
41500;SUBMISSION;;VEV_5100;XIREC;168.0;26
41500;SUBMISSION;;VEV_5200;XIREC;96.0;26
41500;SUBMISSION;;VEV_5400;XIREC;15.0;27
41600;SUBMISSION;;VELVETFRUIT_EXTRACT;XIREC;5254.0;50
41600;SUBMISSION;;VEV_4000;XIREC;1261.0;11
41600;SUBMISSION;;VEV_4000;XIREC;1264.0;25
41600;SUBMISSION;;VEV_4500;XIREC;759.0;11
41600;SUBMISSION;;VEV_4500;XIREC;761.0;20
41600;SUBMISSION;;VEV_5000;XIREC;258.0;31
41600;SUBMISSION;;VEV_5100;XIREC;167.0;11
41600;SUBMISSION;;VEV_5100;XIREC;168.0;20
41600;SUBMISSION;;VEV_5200;XIREC;95.0;31
41600;SUBMISSION;;VEV_5300;XIREC;47.0;20
41600;SUBMISSION;;VEV_5400;XIREC;15.0;20
41700;SUBMISSION;;VELVETFRUIT_EXTRACT;XIREC;5254.0;50
41700;SUBMISSION;;VEV_4000;XIREC;1262.0;15
41700;SUBMISSION;;VEV_4000;XIREC;1264.0;29
41700;SUBMISSION;;VEV_4500;XIREC;759.0;11
41700;SUBMISSION;;VEV_4500;XIREC;761.0;22
41700;SUBMISSION;;VEV_5000;XIREC;258.0;11
41700;SUBMISSION;;VEV_5000;XIREC;259.0;22
41700;SUBMISSION;;VEV_5100;XIREC;168.0;33
41700;SUBMISSION;;VEV_5200;XIREC;95.0;11
41700;SUBMISSION;;VEV_5200;XIREC;96.0;22
41700;SUBMISSION;;VEV_5400;XIREC;15.0;27
41700;Mark 55;Mark 01;VELVETFRUIT_EXTRACT;XIREC;5254.0;5
41800;SUBMISSION;;VELVETFRUIT_EXTRACT;XIREC;5255.0;50
41800;SUBMISSION;;VEV_4500;XIREC;760.0;9
41800;SUBMISSION;;VEV_4500;XIREC;762.0;16
41800;SUBMISSION;;VEV_5000;XIREC;259.0;25
41800;SUBMISSION;;VEV_5100;XIREC;168.0;9
41800;SUBMISSION;;VEV_5100;XIREC;169.0;16
41800;SUBMISSION;;VEV_5200;XIREC;96.0;25
41800;SUBMISSION;;VEV_5400;XIREC;15.0;28
41900;SUBMISSION;;VEV_4000;XIREC;1250.0;2
41900;SUBMISSION;;VEV_4000;XIREC;1261.0;15
41900;SUBMISSION;;VEV_4000;XIREC;1263.0;27
41900;SUBMISSION;;VEV_4500;XIREC;750.0;2
41900;SUBMISSION;;VEV_4500;XIREC;758.0;10
41900;SUBMISSION;;VEV_4500;XIREC;760.0;21
41900;SUBMISSION;;VEV_5000;XIREC;254.0;2
41900;SUBMISSION;;VEV_5000;XIREC;257.0;10
41900;SUBMISSION;;VEV_5000;XIREC;258.0;21
41900;SUBMISSION;;VEV_5100;XIREC;164.0;2
41900;SUBMISSION;;VEV_5100;XIREC;167.0;31
41900;SUBMISSION;;VEV_5200;XIREC;93.0;2
41900;SUBMISSION;;VEV_5200;XIREC;95.0;31
41900;SUBMISSION;;VEV_5300;XIREC;45.0;2
41900;SUBMISSION;;VEV_5300;XIREC;46.0;15
41900;Mark 01;Mark 22;VEV_5400;XIREC;13.0;2
41900;Mark 01;Mark 22;VEV_5500;XIREC;5.0;2
41900;Mark 01;Mark 22;VEV_6000;XIREC;0.0;2
41900;Mark 01;Mark 22;VEV_6500;XIREC;0.0;2
42000;SUBMISSION;;VEV_4000;XIREC;1260.0;10
42000;SUBMISSION;;VEV_4000;XIREC;1262.0;19
42000;SUBMISSION;;VEV_4500;XIREC;757.0;9
42000;SUBMISSION;;VEV_4500;XIREC;759.0;20
42000;SUBMISSION;;VEV_5000;XIREC;256.0;9
42000;SUBMISSION;;VEV_5000;XIREC;257.0;20
42000;SUBMISSION;;VEV_5100;XIREC;166.0;14
42000;SUBMISSION;;VEV_5200;XIREC;94.0;29
42000;SUBMISSION;;VEV_5300;XIREC;46.0;22
42000;Mark 14;Mark 55;VELVETFRUIT_EXTRACT;XIREC;5247.0;8
42100;SUBMISSION;;VEV_4000;XIREC;1262.0;10
42100;SUBMISSION;;VEV_4000;XIREC;1264.0;16
42100;SUBMISSION;;VEV_4500;XIREC;759.0;7
42100;SUBMISSION;;VEV_4500;XIREC;761.0;20
42100;SUBMISSION;;VEV_5000;XIREC;258.0;7
42100;SUBMISSION;;VEV_5000;XIREC;259.0;20
42100;SUBMISSION;;VEV_5200;XIREC;95.0;7
42100;SUBMISSION;;VEV_5200;XIREC;96.0;20
42100;SUBMISSION;;VEV_5300;XIREC;47.0;22
42200;SUBMISSION;;VEV_5000;XIREC;259.0;10
42200;SUBMISSION;;VEV_5000;XIREC;260.0;13
42200;SUBMISSION;;VEV_5200;XIREC;96.0;10
42200;SUBMISSION;;VEV_5200;XIREC;97.0;13
42800;SUBMISSION;;VEV_5000;XIREC;260.0;31
42900;SUBMISSION;;VEV_4000;XIREC;1253.0;4
42900;SUBMISSION;;VEV_4000;XIREC;1264.0;11
42900;SUBMISSION;;VEV_4000;XIREC;1266.0;15
42900;SUBMISSION;;VEV_4500;XIREC;753.0;4
42900;SUBMISSION;;VEV_4500;XIREC;761.0;6
42900;SUBMISSION;;VEV_4500;XIREC;763.0;14
42900;SUBMISSION;;VEV_5000;XIREC;256.0;4
42900;SUBMISSION;;VEV_5000;XIREC;260.0;6
42900;SUBMISSION;;VEV_5000;XIREC;261.0;3
42900;SUBMISSION;;VEV_5200;XIREC;95.0;4
42900;SUBMISSION;;VEV_5200;XIREC;97.0;20
42900;SUBMISSION;;VEV_5300;XIREC;46.0;4
42900;SUBMISSION;;VEV_5300;XIREC;47.0;5
42900;SUBMISSION;;VEV_5300;XIREC;48.0;20
42900;Mark 01;Mark 22;VEV_5400;XIREC;14.0;4
42900;Mark 01;Mark 22;VEV_5500;XIREC;5.0;4
42900;Mark 01;Mark 22;VEV_6000;XIREC;0.0;4
42900;Mark 01;Mark 22;VEV_6500;XIREC;0.0;4
43000;Mark 01;Mark 55;VELVETFRUIT_EXTRACT;XIREC;5250.0;8
43500;SUBMISSION;;VEV_4000;XIREC;1262.0;12
43500;SUBMISSION;;VEV_4000;XIREC;1265.0;30
43500;SUBMISSION;;VEV_4500;XIREC;760.0;10
43500;SUBMISSION;;VEV_4500;XIREC;762.0;14
43500;SUBMISSION;;VEV_5200;XIREC;96.0;24
43600;SUBMISSION;;VEV_5200;XIREC;96.0;25
43700;SUBMISSION;;VEV_4000;XIREC;1262.0;7
43700;SUBMISSION;;VEV_4000;XIREC;1265.0;6
43700;SUBMISSION;;VEV_4500;XIREC;760.0;9
43700;SUBMISSION;;VEV_4500;XIREC;761.0;13
43800;SUBMISSION;;VEV_4500;XIREC;758.0;7
43800;SUBMISSION;;VEV_4500;XIREC;760.0;12
43800;SUBMISSION;;VEV_5300;XIREC;46.0;19
43900;SUBMISSION;;VEV_4500;XIREC;759.0;7
43900;SUBMISSION;;VEV_5300;XIREC;46.0;8
43900;SUBMISSION;;VEV_5300;XIREC;47.0;13
44000;Mark 14;Mark 38;HYDROGEL_PACK;XIREC;9978.0;4
44700;Mark 14;Mark 55;VELVETFRUIT_EXTRACT;XIREC;5255.0;8
44900;Mark 67;Mark 49;VELVETFRUIT_EXTRACT;XIREC;5257.0;14
45100;Mark 38;Mark 14;HYDROGEL_PACK;XIREC;9991.0;3
45100;Mark 14;Mark 22;VEV_5400;XIREC;15.0;5
45100;Mark 01;Mark 22;VEV_5500;XIREC;5.0;5
45100;Mark 01;Mark 22;VEV_6000;XIREC;0.0;5
45100;Mark 01;Mark 22;VEV_6500;XIREC;0.0;5
46800;Mark 14;Mark 55;VELVETFRUIT_EXTRACT;XIREC;5256.0;8
48100;Mark 55;Mark 01;VELVETFRUIT_EXTRACT;XIREC;5261.0;7
48400;Mark 67;Mark 22;VELVETFRUIT_EXTRACT;XIREC;5258.0;5
48900;SUBMISSION;;HYDROGEL_PACK;XIREC;9968.0;11
48900;SUBMISSION;;HYDROGEL_PACK;XIREC;9970.0;24
49000;SUBMISSION;;HYDROGEL_PACK;XIREC;9965.0;13
49000;SUBMISSION;;HYDROGEL_PACK;XIREC;9968.0;22
49100;SUBMISSION;;HYDROGEL_PACK;XIREC;9966.0;13
49100;SUBMISSION;;HYDROGEL_PACK;XIREC;9969.0;30
49200;SUBMISSION;;HYDROGEL_PACK;XIREC;9967.0;15
49200;SUBMISSION;;HYDROGEL_PACK;XIREC;9969.0;29
49300;SUBMISSION;;HYDROGEL_PACK;XIREC;9967.0;12
49300;SUBMISSION;;HYDROGEL_PACK;XIREC;9970.0;30
49400;Mark 22;Mark 38;HYDROGEL_PACK;XIREC;9958.0;4
49500;SUBMISSION;;HYDROGEL_PACK;XIREC;9964.0;1
49800;Mark 38;Mark 14;HYDROGEL_PACK;XIREC;9960.0;3
50200;Mark 14;Mark 38;VEV_4000;XIREC;1249.0;3
50900;;SUBMISSION;VELVETFRUIT_EXTRACT;XIREC;5263.0;19
50900;;SUBMISSION;VELVETFRUIT_EXTRACT;XIREC;5262.0;31
50900;;SUBMISSION;VEV_4000;XIREC;1255.0;11
50900;;SUBMISSION;VEV_4000;XIREC;1252.0;24
50900;;SUBMISSION;VEV_4500;XIREC;757.0;11
50900;;SUBMISSION;VEV_4500;XIREC;755.0;13
51300;;SUBMISSION;VELVETFRUIT_EXTRACT;XIREC;5262.0;15
51300;;SUBMISSION;VELVETFRUIT_EXTRACT;XIREC;5261.0;35
51300;;SUBMISSION;VEV_4000;XIREC;1254.0;12
51300;;SUBMISSION;VEV_4000;XIREC;1251.0;30
51300;;SUBMISSION;VEV_4500;XIREC;756.0;9
51300;;SUBMISSION;VEV_4500;XIREC;754.0;16
51400;;SUBMISSION;VELVETFRUIT_EXTRACT;XIREC;5262.0;22
51400;;SUBMISSION;VELVETFRUIT_EXTRACT;XIREC;5261.0;28
51400;;SUBMISSION;VEV_4000;XIREC;1254.0;11
51400;;SUBMISSION;VEV_4000;XIREC;1251.0;16
51600;;SUBMISSION;VELVETFRUIT_EXTRACT;XIREC;5262.0;19
51600;;SUBMISSION;VELVETFRUIT_EXTRACT;XIREC;5261.0;31
51600;;SUBMISSION;VEV_4000;XIREC;1254.0;12
51600;;SUBMISSION;VEV_4000;XIREC;1251.0;21
52600;Mark 55;Mark 01;VELVETFRUIT_EXTRACT;XIREC;5263.0;8
52900;Mark 01;Mark 22;VEV_5500;XIREC;6.0;5
52900;Mark 01;Mark 22;VEV_6000;XIREC;0.0;5
52900;Mark 01;Mark 22;VEV_6500;XIREC;0.0;5
53200;Mark 55;Mark 01;VELVETFRUIT_EXTRACT;XIREC;5264.0;5
53600;Mark 01;Mark 55;VELVETFRUIT_EXTRACT;XIREC;5257.0;5
56300;SUBMISSION;;VELVETFRUIT_EXTRACT;XIREC;5254.0;24
56300;SUBMISSION;;VELVETFRUIT_EXTRACT;XIREC;5255.0;26
56300;SUBMISSION;;VEV_4000;XIREC;1262.0;15
56300;SUBMISSION;;VEV_4000;XIREC;1265.0;25
56300;SUBMISSION;;VEV_4500;XIREC;760.0;12
56300;SUBMISSION;;VEV_4500;XIREC;761.0;21
56300;SUBMISSION;;VEV_5300;XIREC;46.0;24
56400;SUBMISSION;;VEV_4000;XIREC;1262.0;7
56400;SUBMISSION;;VEV_4000;XIREC;1265.0;24
56400;SUBMISSION;;VEV_4500;XIREC;760.0;12
56400;SUBMISSION;;VEV_4500;XIREC;762.0;4
56400;SUBMISSION;;VEV_5300;XIREC;46.0;9
56400;SUBMISSION;;VEV_5300;XIREC;47.0;19
56600;SUBMISSION;;VELVETFRUIT_EXTRACT;XIREC;5251.0;8
56600;SUBMISSION;;VELVETFRUIT_EXTRACT;XIREC;5254.0;23
56600;SUBMISSION;;VELVETFRUIT_EXTRACT;XIREC;5255.0;19
56600;SUBMISSION;;VEV_4000;XIREC;1262.0;15
56600;SUBMISSION;;VEV_4000;XIREC;1265.0;22
56600;SUBMISSION;;VEV_5300;XIREC;47.0;28
56700;SUBMISSION;;VELVETFRUIT_EXTRACT;XIREC;5254.0;50
56700;SUBMISSION;;VEV_4000;XIREC;1262.0;8
56700;SUBMISSION;;VEV_4000;XIREC;1264.0;21
56700;SUBMISSION;;VEV_5300;XIREC;46.0;15
56800;SUBMISSION;;VEV_5300;XIREC;47.0;26
57000;SUBMISSION;;VELVETFRUIT_EXTRACT;XIREC;5254.0;50
57000;SUBMISSION;;VEV_5300;XIREC;46.0;28
57100;SUBMISSION;;VEV_5300;XIREC;46.0;1
58300;Mark 38;Mark 14;HYDROGEL_PACK;XIREC;9963.0;6
59200;Mark 55;Mark 01;VELVETFRUIT_EXTRACT;XIREC;5244.0;8
60700;Mark 38;Mark 14;HYDROGEL_PACK;XIREC;9973.0;5
63800;Mark 38;Mark 14;VEV_4000;XIREC;1262.0;3
64300;Mark 01;Mark 55;VELVETFRUIT_EXTRACT;XIREC;5249.0;3
65000;;SUBMISSION;HYDROGEL_PACK;XIREC;9979.0;15
65000;;SUBMISSION;HYDROGEL_PACK;XIREC;9977.0;25
65100;;SUBMISSION;HYDROGEL_PACK;XIREC;9982.0;13
65100;;SUBMISSION;HYDROGEL_PACK;XIREC;9980.0;25
65200;;SUBMISSION;HYDROGEL_PACK;XIREC;9980.0;12
65200;;SUBMISSION;HYDROGEL_PACK;XIREC;9977.0;23
65300;;SUBMISSION;HYDROGEL_PACK;XIREC;9979.0;11
65300;;SUBMISSION;HYDROGEL_PACK;XIREC;9976.0;21
65400;;SUBMISSION;HYDROGEL_PACK;XIREC;9977.0;13
65400;;SUBMISSION;HYDROGEL_PACK;XIREC;9974.0;23
65600;;SUBMISSION;HYDROGEL_PACK;XIREC;9978.0;11
65600;;SUBMISSION;HYDROGEL_PACK;XIREC;9975.0;8
67600;Mark 55;Mark 01;VELVETFRUIT_EXTRACT;XIREC;5262.0;4
70000;Mark 01;Mark 55;VELVETFRUIT_EXTRACT;XIREC;5255.0;6
70400;Mark 55;Mark 14;VELVETFRUIT_EXTRACT;XIREC;5260.0;5
70900;Mark 38;Mark 14;HYDROGEL_PACK;XIREC;9994.0;2
71500;Mark 22;Mark 55;VELVETFRUIT_EXTRACT;XIREC;5251.0;4
71800;Mark 14;Mark 38;HYDROGEL_PACK;XIREC;9975.0;5
72700;Mark 38;Mark 14;HYDROGEL_PACK;XIREC;9988.0;3
73100;Mark 01;Mark 55;VELVETFRUIT_EXTRACT;XIREC;5256.0;7
73200;Mark 01;Mark 55;VELVETFRUIT_EXTRACT;XIREC;5254.0;5
75200;Mark 01;Mark 22;VEV_5300;XIREC;46.0;4
75200;Mark 01;Mark 22;VEV_5400;XIREC;14.0;4
75200;Mark 01;Mark 22;VEV_5500;XIREC;5.0;4
75200;Mark 01;Mark 22;VEV_6000;XIREC;0.0;4
75200;Mark 01;Mark 22;VEV_6500;XIREC;0.0;4
76600;SUBMISSION;;HYDROGEL_PACK;XIREC;9969.0;14
76600;SUBMISSION;;HYDROGEL_PACK;XIREC;9971.0;29
76700;SUBMISSION;;HYDROGEL_PACK;XIREC;9969.0;12
76700;SUBMISSION;;HYDROGEL_PACK;XIREC;9972.0;27
76700;Mark 55;Mark 01;VELVETFRUIT_EXTRACT;XIREC;5258.0;4
76800;SUBMISSION;;HYDROGEL_PACK;XIREC;9966.0;11
76800;SUBMISSION;;HYDROGEL_PACK;XIREC;9969.0;26
76900;SUBMISSION;;HYDROGEL_PACK;XIREC;9962.0;13
76900;SUBMISSION;;HYDROGEL_PACK;XIREC;9965.0;21
77000;SUBMISSION;;HYDROGEL_PACK;XIREC;9960.0;12
77000;SUBMISSION;;HYDROGEL_PACK;XIREC;9962.0;20
77100;SUBMISSION;;HYDROGEL_PACK;XIREC;9962.0;13
77100;SUBMISSION;;HYDROGEL_PACK;XIREC;9964.0;2
78700;Mark 14;Mark 38;HYDROGEL_PACK;XIREC;9939.0;3
79300;Mark 14;Mark 22;VEV_5300;XIREC;47.0;5
79300;Mark 01;Mark 22;VEV_5400;XIREC;14.0;5
79300;Mark 01;Mark 22;VEV_5500;XIREC;5.0;5
79300;Mark 01;Mark 22;VEV_6000;XIREC;0.0;5
79300;Mark 01;Mark 22;VEV_6500;XIREC;0.0;5
80800;Mark 38;Mark 14;VEV_4000;XIREC;1274.0;1
81000;;SUBMISSION;VELVETFRUIT_EXTRACT;XIREC;5262.0;17
81000;;SUBMISSION;VELVETFRUIT_EXTRACT;XIREC;5261.0;32
81000;;SUBMISSION;VEV_4000;XIREC;1254.0;11
81000;;SUBMISSION;VEV_4000;XIREC;1251.0;15
81000;;SUBMISSION;VEV_4500;XIREC;756.0;9
81000;;SUBMISSION;VEV_4500;XIREC;754.0;22
81100;;SUBMISSION;VELVETFRUIT_EXTRACT;XIREC;5262.0;50
81100;;SUBMISSION;VEV_4000;XIREC;1254.0;10
81100;;SUBMISSION;VEV_4000;XIREC;1252.0;23
81100;;SUBMISSION;VEV_4500;XIREC;757.0;10
81100;;SUBMISSION;VEV_4500;XIREC;755.0;16
81200;;SUBMISSION;VELVETFRUIT_EXTRACT;XIREC;5262.0;50
81200;;SUBMISSION;VEV_4000;XIREC;1254.0;9
81200;;SUBMISSION;VEV_4000;XIREC;1252.0;16
81200;;SUBMISSION;VEV_4500;XIREC;757.0;7
81200;;SUBMISSION;VEV_4500;XIREC;755.0;15
81300;;SUBMISSION;VELVETFRUIT_EXTRACT;XIREC;5262.0;50
81300;;SUBMISSION;VEV_4000;XIREC;1254.0;12
81300;;SUBMISSION;VEV_4000;XIREC;1251.0;17
81300;;SUBMISSION;VEV_4500;XIREC;756.0;7
81300;;SUBMISSION;VEV_4500;XIREC;755.0;20
81400;;SUBMISSION;VELVETFRUIT_EXTRACT;XIREC;5262.0;1
81400;;SUBMISSION;VEV_4000;XIREC;1254.0;13
81400;;SUBMISSION;VEV_4000;XIREC;1252.0;15
81400;;SUBMISSION;VEV_4500;XIREC;757.0;8
81400;;SUBMISSION;VEV_4500;XIREC;755.0;23
81500;;SUBMISSION;VEV_4000;XIREC;1255.0;9
81500;;SUBMISSION;VEV_4000;XIREC;1253.0;27
81500;;SUBMISSION;VEV_4500;XIREC;758.0;7
81500;;SUBMISSION;VEV_4500;XIREC;756.0;24
81500;;SUBMISSION;VEV_5000;XIREC;266.0;7
81500;;SUBMISSION;VEV_5000;XIREC;265.0;24
81600;;SUBMISSION;VEV_4000;XIREC;1255.0;10
81600;;SUBMISSION;VEV_4000;XIREC;1253.0;23
81600;;SUBMISSION;VEV_4500;XIREC;758.0;6
81600;;SUBMISSION;VEV_4500;XIREC;756.0;20
81600;;SUBMISSION;VEV_5000;XIREC;266.0;6
81600;;SUBMISSION;VEV_5000;XIREC;265.0;20
81700;;SUBMISSION;VEV_4000;XIREC;1255.0;8
81700;;SUBMISSION;VEV_4000;XIREC;1252.0;15
81700;;SUBMISSION;VEV_4500;XIREC;757.0;11
81700;;SUBMISSION;VEV_4500;XIREC;755.0;16
81700;;SUBMISSION;VEV_5000;XIREC;265.0;27
81800;;SUBMISSION;VEV_4000;XIREC;1255.0;15
81800;;SUBMISSION;VEV_4000;XIREC;1253.0;21
81800;;SUBMISSION;VEV_4500;XIREC;758.0;7
81800;;SUBMISSION;VEV_4500;XIREC;756.0;13
81800;;SUBMISSION;VEV_5000;XIREC;266.0;7
81800;;SUBMISSION;VEV_5000;XIREC;265.0;13
81900;;SUBMISSION;VEV_4000;XIREC;1257.0;13
81900;;SUBMISSION;VEV_4000;XIREC;1254.0;18
81900;;SUBMISSION;VEV_4500;XIREC;759.0;11
81900;;SUBMISSION;VEV_4500;XIREC;757.0;22
81900;;SUBMISSION;VEV_5000;XIREC;267.0;11
81900;;SUBMISSION;VEV_5000;XIREC;266.0;22
81900;;SUBMISSION;VEV_5100;XIREC;177.0;11
81900;;SUBMISSION;VEV_5100;XIREC;176.0;22
81900;;SUBMISSION;VEV_5200;XIREC;103.0;30
81900;;SUBMISSION;VEV_5300;XIREC;51.0;8
81900;;SUBMISSION;VEV_5300;XIREC;50.0;11
82000;;SUBMISSION;VEV_4500;XIREC;761.0;6
82000;;SUBMISSION;VEV_4500;XIREC;759.0;20
82000;;SUBMISSION;VEV_5000;XIREC;269.0;6
82000;;SUBMISSION;VEV_5000;XIREC;268.0;21
82000;;SUBMISSION;VEV_5100;XIREC;178.0;27
82000;;SUBMISSION;VEV_5200;XIREC;104.0;27
82000;;SUBMISSION;VEV_5300;XIREC;51.0;20
82100;;SUBMISSION;VEV_5000;XIREC;270.0;23
82100;;SUBMISSION;VEV_5100;XIREC;179.0;23
82100;;SUBMISSION;VEV_5200;XIREC;105.0;23
82100;;SUBMISSION;VEV_5300;XIREC;52.0;20
82100;Mark 55;Mark 22;VELVETFRUIT_EXTRACT;XIREC;5270.0;5
82200;;SUBMISSION;VEV_5000;XIREC;272.0;12
82200;;SUBMISSION;VEV_5000;XIREC;271.0;15
82200;;SUBMISSION;VEV_5100;XIREC;181.0;12
82200;;SUBMISSION;VEV_5100;XIREC;180.0;15
82200;;SUBMISSION;VEV_5200;XIREC;106.0;27
82200;;SUBMISSION;VEV_5300;XIREC;53.0;5
82200;;SUBMISSION;VEV_5300;XIREC;52.0;12
82300;;SUBMISSION;VEV_5000;XIREC;272.0;6
82300;;SUBMISSION;VEV_5000;XIREC;271.0;12
82300;;SUBMISSION;VEV_5100;XIREC;181.0;6
82300;;SUBMISSION;VEV_5100;XIREC;180.0;12
82300;;SUBMISSION;VEV_5200;XIREC;106.0;18
82300;;SUBMISSION;VEV_5300;XIREC;53.0;7
82300;;SUBMISSION;VEV_5300;XIREC;52.0;10
82400;;SUBMISSION;VEV_5000;XIREC;272.0;12
82400;;SUBMISSION;VEV_5000;XIREC;271.0;21
82400;;SUBMISSION;VEV_5100;XIREC;181.0;12
82400;;SUBMISSION;VEV_5100;XIREC;180.0;21
82400;;SUBMISSION;VEV_5200;XIREC;106.0;30
82400;;SUBMISSION;VEV_5300;XIREC;53.0;10
82400;;SUBMISSION;VEV_5300;XIREC;52.0;10
82500;;SUBMISSION;VEV_5000;XIREC;270.0;24
82500;;SUBMISSION;VEV_5100;XIREC;179.0;24
82500;;SUBMISSION;VEV_5200;XIREC;105.0;24
82500;;SUBMISSION;VEV_5300;XIREC;52.0;20
82600;;SUBMISSION;VEV_5000;XIREC;271.0;11
82600;;SUBMISSION;VEV_5100;XIREC;180.0;29
82600;;SUBMISSION;VEV_5200;XIREC;106.0;29
82600;;SUBMISSION;VEV_5300;XIREC;52.0;20
82700;;SUBMISSION;VEV_5100;XIREC;180.0;12
82700;;SUBMISSION;VEV_5100;XIREC;179.0;14
82700;;SUBMISSION;VEV_5200;XIREC;105.0;26
82700;;SUBMISSION;VEV_5300;XIREC;52.0;20
82800;;SUBMISSION;VEV_5100;XIREC;178.0;31
82800;;SUBMISSION;VEV_5200;XIREC;104.0;30
82800;;SUBMISSION;VEV_5300;XIREC;51.0;18
82900;;SUBMISSION;VEV_5100;XIREC;177.0;20
82900;;SUBMISSION;VEV_5200;XIREC;103.0;20
82900;;SUBMISSION;VEV_5300;XIREC;51.0;16
83000;;SUBMISSION;VEV_5100;XIREC;177.0;9
83000;;SUBMISSION;VEV_5200;XIREC;103.0;16
83000;;SUBMISSION;VEV_5300;XIREC;51.0;20
83000;Mark 55;Mark 01;VELVETFRUIT_EXTRACT;XIREC;5271.0;6
83500;;SUBMISSION;VEV_5300;XIREC;51.0;16
83600;;SUBMISSION;VEV_5300;XIREC;51.0;19
83800;;SUBMISSION;VEV_5300;XIREC;51.0;20
83900;;SUBMISSION;VEV_5300;XIREC;51.0;18
84100;Mark 55;Mark 01;VELVETFRUIT_EXTRACT;XIREC;5272.0;8
84400;Mark 55;Mark 14;VELVETFRUIT_EXTRACT;XIREC;5273.0;5
84800;Mark 55;Mark 14;VELVETFRUIT_EXTRACT;XIREC;5276.0;5
85500;Mark 38;Mark 14;HYDROGEL_PACK;XIREC;9954.0;2
85500;Mark 55;Mark 01;VELVETFRUIT_EXTRACT;XIREC;5273.0;8
90100;Mark 38;Mark 14;HYDROGEL_PACK;XIREC;9931.0;3
91700;Mark 38;Mark 14;HYDROGEL_PACK;XIREC;9929.0;2
91700;Mark 14;Mark 55;VELVETFRUIT_EXTRACT;XIREC;5264.0;8
92600;Mark 55;Mark 01;VELVETFRUIT_EXTRACT;XIREC;5271.0;4
95100;Mark 01;Mark 55;VELVETFRUIT_EXTRACT;XIREC;5262.0;8
97200;Mark 55;Mark 14;VELVETFRUIT_EXTRACT;XIREC;5265.0;7
97400;Mark 01;Mark 55;VELVETFRUIT_EXTRACT;XIREC;5258.0;5
97600;Mark 14;Mark 38;HYDROGEL_PACK;XIREC;9937.0;2
98600;Mark 14;Mark 38;VEV_4000;XIREC;1255.0;1
101800;Mark 38;Mark 14;HYDROGEL_PACK;XIREC;9984.0;3
102400;Mark 38;Mark 14;HYDROGEL_PACK;XIREC;9984.0;3
102600;Mark 14;Mark 22;VEV_5400;XIREC;16.0;2
102600;Mark 01;Mark 22;VEV_5500;XIREC;6.0;2
102600;Mark 01;Mark 22;VEV_6000;XIREC;0.0;2
102600;Mark 01;Mark 22;VEV_6500;XIREC;0.0;2
103300;Mark 14;Mark 38;VEV_4000;XIREC;1254.0;1
103500;Mark 01;Mark 55;VELVETFRUIT_EXTRACT;XIREC;5263.0;8
103700;Mark 14;Mark 38;VEV_4000;XIREC;1254.0;3
104500;Mark 38;Mark 14;HYDROGEL_PACK;XIREC;9984.0;2
105500;Mark 01;Mark 22;VEV_5300;XIREC;47.0;5
105500;Mark 01;Mark 22;VEV_5500;XIREC;5.0;5
105500;Mark 01;Mark 22;VEV_6000;XIREC;0.0;5
105500;Mark 01;Mark 22;VEV_6500;XIREC;0.0;5
106300;Mark 55;Mark 14;VELVETFRUIT_EXTRACT;XIREC;5262.0;7
108800;Mark 55;Mark 14;VELVETFRUIT_EXTRACT;XIREC;5263.0;3
109100;Mark 14;Mark 38;VEV_4000;XIREC;1254.0;1
109400;Mark 55;Mark 01;VELVETFRUIT_EXTRACT;XIREC;5266.0;6
109600;Mark 38;Mark 14;HYDROGEL_PACK;XIREC;9990.0;6
109800;Mark 55;Mark 14;VELVETFRUIT_EXTRACT;XIREC;5267.0;3
110500;Mark 55;Mark 14;VELVETFRUIT_EXTRACT;XIREC;5262.0;8
111300;Mark 55;Mark 01;VELVETFRUIT_EXTRACT;XIREC;5263.0;7
111900;Mark 14;Mark 38;VEV_4000;XIREC;1252.0;2
112600;Mark 67;Mark 49;VELVETFRUIT_EXTRACT;XIREC;5257.0;10
114400;;SUBMISSION;HYDROGEL_PACK;XIREC;9977.0;15
114400;;SUBMISSION;HYDROGEL_PACK;XIREC;9974.0;29
114500;;SUBMISSION;HYDROGEL_PACK;XIREC;9978.0;11
114500;;SUBMISSION;HYDROGEL_PACK;XIREC;9975.0;22
114500;Mark 38;Mark 14;HYDROGEL_PACK;XIREC;9994.0;5
114600;;SUBMISSION;HYDROGEL_PACK;XIREC;9980.0;11
114600;;SUBMISSION;HYDROGEL_PACK;XIREC;9977.0;29
114700;;SUBMISSION;HYDROGEL_PACK;XIREC;9982.0;10
114700;;SUBMISSION;HYDROGEL_PACK;XIREC;9979.0;27
114700;Mark 38;Mark 14;VEV_4000;XIREC;1269.0;2
114800;;SUBMISSION;HYDROGEL_PACK;XIREC;9983.0;10
114800;;SUBMISSION;HYDROGEL_PACK;XIREC;9981.0;25
114900;;SUBMISSION;HYDROGEL_PACK;XIREC;9980.0;11
115400;SUBMISSION;;VEV_5100;XIREC;169.0;10
115400;SUBMISSION;;VEV_5100;XIREC;170.0;13
115500;SUBMISSION;;VEV_5100;XIREC;169.0;12
115500;SUBMISSION;;VEV_5100;XIREC;170.0;23
115600;SUBMISSION;;VEV_5100;XIREC;169.0;6
115600;SUBMISSION;;VEV_5100;XIREC;170.0;21
115700;SUBMISSION;;VEV_5100;XIREC;169.0;11
115700;SUBMISSION;;VEV_5100;XIREC;170.0;18
115800;SUBMISSION;;VEV_5100;XIREC;169.0;9
115800;SUBMISSION;;VEV_5100;XIREC;170.0;20
115900;SUBMISSION;;VEV_5000;XIREC;259.0;8
115900;SUBMISSION;;VEV_5000;XIREC;260.0;20
115900;SUBMISSION;;VEV_5100;XIREC;169.0;28
115900;SUBMISSION;;VEV_5300;XIREC;46.0;5
115900;SUBMISSION;;VEV_5300;XIREC;47.0;11
116000;SUBMISSION;;VEV_5100;XIREC;169.0;11
116000;SUBMISSION;;VEV_5100;XIREC;170.0;15
116800;Mark 38;Mark 14;VEV_4000;XIREC;1268.0;2
118100;Mark 55;Mark 01;VELVETFRUIT_EXTRACT;XIREC;5260.0;3
118400;SUBMISSION;;VEV_5100;XIREC;169.0;35
118500;SUBMISSION;;VEV_5100;XIREC;170.0;21
118600;SUBMISSION;;VEV_5100;XIREC;169.0;8
118600;SUBMISSION;;VEV_5100;XIREC;170.0;15
118700;SUBMISSION;;VEV_5000;XIREC;259.0;7
118700;SUBMISSION;;VEV_5000;XIREC;260.0;18
118700;SUBMISSION;;VEV_5100;XIREC;169.0;24
118700;SUBMISSION;;VEV_5300;XIREC;46.0;10
118700;SUBMISSION;;VEV_5300;XIREC;47.0;17
118900;SUBMISSION;;VELVETFRUIT_EXTRACT;XIREC;5254.0;24
118900;SUBMISSION;;VELVETFRUIT_EXTRACT;XIREC;5255.0;26
118900;SUBMISSION;;VEV_4000;XIREC;1262.0;9
118900;SUBMISSION;;VEV_4000;XIREC;1265.0;15
118900;SUBMISSION;;VEV_4500;XIREC;760.0;7
118900;SUBMISSION;;VEV_4500;XIREC;762.0;17
118900;SUBMISSION;;VEV_5000;XIREC;258.0;7
118900;SUBMISSION;;VEV_5000;XIREC;259.0;17
118900;SUBMISSION;;VEV_5200;XIREC;96.0;24
118900;SUBMISSION;;VEV_5300;XIREC;46.0;23
119000;SUBMISSION;;VEV_4500;XIREC;760.0;8
119000;SUBMISSION;;VEV_4500;XIREC;762.0;15
119000;SUBMISSION;;VEV_5000;XIREC;259.0;23
119000;SUBMISSION;;VEV_5200;XIREC;96.0;8
119000;SUBMISSION;;VEV_5200;XIREC;97.0;15
119000;SUBMISSION;;VEV_5300;XIREC;46.0;23
119100;SUBMISSION;;VELVETFRUIT_EXTRACT;XIREC;5253.0;20
119100;SUBMISSION;;VELVETFRUIT_EXTRACT;XIREC;5254.0;30
119100;SUBMISSION;;VEV_4000;XIREC;1261.0;11
119100;SUBMISSION;;VEV_4000;XIREC;1264.0;20
119100;SUBMISSION;;VEV_4500;XIREC;759.0;8
119100;SUBMISSION;;VEV_4500;XIREC;760.0;15
119100;SUBMISSION;;VEV_5000;XIREC;257.0;8
119100;SUBMISSION;;VEV_5000;XIREC;258.0;15
119100;SUBMISSION;;VEV_5200;XIREC;95.0;8
119100;SUBMISSION;;VEV_5200;XIREC;96.0;15
119100;SUBMISSION;;VEV_5300;XIREC;46.0;20
119200;SUBMISSION;;VELVETFRUIT_EXTRACT;XIREC;5253.0;50
119200;SUBMISSION;;VEV_4000;XIREC;1261.0;8
119200;SUBMISSION;;VEV_4000;XIREC;1263.0;22
119200;SUBMISSION;;VEV_4500;XIREC;758.0;9
119200;SUBMISSION;;VEV_4500;XIREC;760.0;20
119200;SUBMISSION;;VEV_5000;XIREC;257.0;29
119200;SUBMISSION;;VEV_5200;XIREC;95.0;29
119200;SUBMISSION;;VEV_5300;XIREC;45.0;19
119300;SUBMISSION;;VELVETFRUIT_EXTRACT;XIREC;5252.0;23
119300;SUBMISSION;;VELVETFRUIT_EXTRACT;XIREC;5253.0;27
119300;SUBMISSION;;VEV_4000;XIREC;1260.0;11
119300;SUBMISSION;;VEV_4000;XIREC;1263.0;23
119300;SUBMISSION;;VEV_4500;XIREC;758.0;7
119300;SUBMISSION;;VEV_4500;XIREC;760.0;24
119300;SUBMISSION;;VEV_5000;XIREC;256.0;7
119300;SUBMISSION;;VEV_5000;XIREC;257.0;24
119300;SUBMISSION;;VEV_5200;XIREC;95.0;31
119300;SUBMISSION;;VEV_5300;XIREC;45.0;21
119400;SUBMISSION;;VEV_4000;XIREC;1259.0;15
119400;SUBMISSION;;VEV_4000;XIREC;1262.0;24
119400;SUBMISSION;;VEV_4500;XIREC;757.0;11
119400;SUBMISSION;;VEV_4500;XIREC;759.0;21
119400;SUBMISSION;;VEV_5000;XIREC;256.0;32
119400;SUBMISSION;;VEV_5200;XIREC;94.0;11
119400;SUBMISSION;;VEV_5200;XIREC;95.0;21
119400;SUBMISSION;;VEV_5300;XIREC;45.0;27
119500;SUBMISSION;;VEV_4000;XIREC;1259.0;10
119500;SUBMISSION;;VEV_4000;XIREC;1262.0;27
119500;SUBMISSION;;VEV_4500;XIREC;757.0;8
119500;SUBMISSION;;VEV_4500;XIREC;759.0;18
119500;SUBMISSION;;VEV_5000;XIREC;256.0;26
119500;SUBMISSION;;VEV_5200;XIREC;94.0;26
119500;SUBMISSION;;VEV_5300;XIREC;45.0;18
119600;SUBMISSION;;VEV_4000;XIREC;1262.0;7
119600;SUBMISSION;;VEV_4000;XIREC;1264.0;22
119600;SUBMISSION;;VEV_4500;XIREC;759.0;12
119600;SUBMISSION;;VEV_4500;XIREC;761.0;13
119600;SUBMISSION;;VEV_5000;XIREC;258.0;25
119600;SUBMISSION;;VEV_5200;XIREC;96.0;25
119600;SUBMISSION;;VEV_5300;XIREC;46.0;22
119700;SUBMISSION;;VEV_4000;XIREC;1261.0;8
119700;SUBMISSION;;VEV_4000;XIREC;1264.0;24
119700;SUBMISSION;;VEV_4500;XIREC;759.0;9
119700;SUBMISSION;;VEV_4500;XIREC;761.0;20
119700;SUBMISSION;;VEV_5000;XIREC;257.0;9
119700;SUBMISSION;;VEV_5000;XIREC;258.0;20
119700;SUBMISSION;;VEV_5200;XIREC;95.0;9
119700;SUBMISSION;;VEV_5200;XIREC;96.0;20
119700;SUBMISSION;;VEV_5300;XIREC;46.0;25
119800;SUBMISSION;;VEV_4000;XIREC;1262.0;12
119800;SUBMISSION;;VEV_4000;XIREC;1264.0;19
119800;SUBMISSION;;VEV_4500;XIREC;759.0;12
119800;SUBMISSION;;VEV_4500;XIREC;761.0;17
119800;SUBMISSION;;VEV_5000;XIREC;258.0;5
119800;SUBMISSION;;VEV_5200;XIREC;96.0;29
119800;SUBMISSION;;VEV_5300;XIREC;46.0;17
119900;SUBMISSION;;VEV_4500;XIREC;760.0;8
119900;SUBMISSION;;VEV_4500;XIREC;762.0;12
119900;SUBMISSION;;VEV_5300;XIREC;46.0;17
120000;SUBMISSION;;VEV_5300;XIREC;46.0;8
120000;SUBMISSION;;VEV_5300;XIREC;47.0;13
120100;SUBMISSION;;VEV_5300;XIREC;46.0;4
122900;Mark 01;Mark 55;VELVETFRUIT_EXTRACT;XIREC;5258.0;8
123400;;SUBMISSION;VELVETFRUIT_EXTRACT;XIREC;5262.0;16
123400;;SUBMISSION;VELVETFRUIT_EXTRACT;XIREC;5261.0;33
123400;;SUBMISSION;VEV_4000;XIREC;1254.0;14
123400;;SUBMISSION;VEV_4000;XIREC;1251.0;28
123500;;SUBMISSION;VELVETFRUIT_EXTRACT;XIREC;5262.0;22
123500;;SUBMISSION;VELVETFRUIT_EXTRACT;XIREC;5261.0;28
123500;;SUBMISSION;VEV_4000;XIREC;1264.0;5
123500;;SUBMISSION;VEV_4000;XIREC;1254.0;13
123500;;SUBMISSION;VEV_4000;XIREC;1251.0;28
123500;;SUBMISSION;VEV_4500;XIREC;764.0;5
123500;;SUBMISSION;VEV_4500;XIREC;756.0;8
123500;;SUBMISSION;VEV_4500;XIREC;754.0;17
123500;;SUBMISSION;VEV_5000;XIREC;267.0;5
123500;;SUBMISSION;VEV_5000;XIREC;264.0;8
123500;;SUBMISSION;VEV_5000;XIREC;263.0;17
123600;;SUBMISSION;VELVETFRUIT_EXTRACT;XIREC;5262.0;22
123600;;SUBMISSION;VELVETFRUIT_EXTRACT;XIREC;5261.0;28
123600;;SUBMISSION;VEV_4000;XIREC;1254.0;7
123600;;SUBMISSION;VEV_4000;XIREC;1251.0;19
123700;;SUBMISSION;VELVETFRUIT_EXTRACT;XIREC;5262.0;15
123700;;SUBMISSION;VELVETFRUIT_EXTRACT;XIREC;5261.0;35
123700;;SUBMISSION;VEV_4000;XIREC;1254.0;13
123700;;SUBMISSION;VEV_4000;XIREC;1251.0;24
123800;;SUBMISSION;VELVETFRUIT_EXTRACT;XIREC;5262.0;1
123800;;SUBMISSION;VEV_4000;XIREC;1254.0;7
123800;;SUBMISSION;VEV_4000;XIREC;1251.0;24
124900;Mark 38;Mark 14;HYDROGEL_PACK;XIREC;10022.0;3
125800;;SUBMISSION;VEV_4000;XIREC;1254.0;13
125800;;SUBMISSION;VEV_4000;XIREC;1252.0;16
125800;;SUBMISSION;VEV_4500;XIREC;757.0;6
125800;;SUBMISSION;VEV_4500;XIREC;755.0;16
125900;;SUBMISSION;VEV_4000;XIREC;1254.0;15
125900;;SUBMISSION;VEV_4000;XIREC;1251.0;28
125900;;SUBMISSION;VEV_4500;XIREC;756.0;10
125900;;SUBMISSION;VEV_4500;XIREC;754.0;23
126800;Mark 38;Mark 22;HYDROGEL_PACK;XIREC;10015.0;2
129300;Mark 22;Mark 49;VELVETFRUIT_EXTRACT;XIREC;5255.0;8
129300;Mark 67;Mark 49;VELVETFRUIT_EXTRACT;XIREC;5255.0;5
129400;Mark 38;Mark 14;HYDROGEL_PACK;XIREC;10009.0;4
129600;Mark 14;Mark 55;VELVETFRUIT_EXTRACT;XIREC;5255.0;6
129700;SUBMISSION;;VEV_4000;XIREC;1256.0;4
129700;SUBMISSION;;VEV_4000;XIREC;1267.0;10
129700;SUBMISSION;;VEV_4000;XIREC;1270.0;27
129700;Mark 01;Mark 22;VEV_5300;XIREC;46.0;4
129700;Mark 01;Mark 22;VEV_5400;XIREC;14.0;4
129700;Mark 01;Mark 22;VEV_5500;XIREC;5.0;4
129700;Mark 01;Mark 22;VEV_6000;XIREC;0.0;4
129700;Mark 01;Mark 22;VEV_6500;XIREC;0.0;4
130100;Mark 55;Mark 14;VELVETFRUIT_EXTRACT;XIREC;5256.0;5
130300;Mark 14;Mark 55;VELVETFRUIT_EXTRACT;XIREC;5252.0;6
130500;SUBMISSION;;VEV_5000;XIREC;259.0;11
130500;SUBMISSION;;VEV_5000;XIREC;260.0;19
133000;Mark 55;Mark 01;VELVETFRUIT_EXTRACT;XIREC;5260.0;7
134300;Mark 67;Mark 49;VELVETFRUIT_EXTRACT;XIREC;5255.0;9
135500;Mark 55;Mark 01;VELVETFRUIT_EXTRACT;XIREC;5259.0;7
137000;Mark 14;Mark 38;HYDROGEL_PACK;XIREC;10007.0;3
138700;Mark 55;Mark 01;VELVETFRUIT_EXTRACT;XIREC;5262.0;3
140500;Mark 55;Mark 22;VELVETFRUIT_EXTRACT;XIREC;5257.0;6
140900;Mark 14;Mark 38;VEV_4000;XIREC;1246.0;1
141500;;SUBMISSION;HYDROGEL_PACK;XIREC;10020.0;12
141500;;SUBMISSION;HYDROGEL_PACK;XIREC;10017.0;20
141600;;SUBMISSION;HYDROGEL_PACK;XIREC;10020.0;13
141600;;SUBMISSION;HYDROGEL_PACK;XIREC;10017.0;27
141700;;SUBMISSION;HYDROGEL_PACK;XIREC;10021.0;15
141700;;SUBMISSION;HYDROGEL_PACK;XIREC;10018.0;24
142300;Mark 55;Mark 14;VELVETFRUIT_EXTRACT;XIREC;5259.0;6
143100;Mark 55;Mark 01;VELVETFRUIT_EXTRACT;XIREC;5261.0;7
143700;SUBMISSION;;HYDROGEL_PACK;XIREC;10007.0;5
143700;SUBMISSION;;HYDROGEL_PACK;XIREC;10015.0;10
143700;SUBMISSION;;HYDROGEL_PACK;XIREC;10018.0;26
143800;;SUBMISSION;VEV_4000;XIREC;1262.0;3
143800;;SUBMISSION;VEV_4000;XIREC;1252.0;9
143800;;SUBMISSION;VEV_4000;XIREC;1249.0;17
143800;;SUBMISSION;VEV_4500;XIREC;762.0;3
143800;;SUBMISSION;VEV_4500;XIREC;754.0;10
143800;;SUBMISSION;VEV_4500;XIREC;752.0;23
143800;Mark 14;Mark 38;HYDROGEL_PACK;XIREC;9996.0;5
143900;SUBMISSION;;HYDROGEL_PACK;XIREC;10009.0;12
143900;SUBMISSION;;HYDROGEL_PACK;XIREC;10011.0;21
144000;SUBMISSION;;HYDROGEL_PACK;XIREC;10006.0;15
144000;SUBMISSION;;HYDROGEL_PACK;XIREC;10008.0;22
144300;;SUBMISSION;VEV_4000;XIREC;1262.0;3
144300;;SUBMISSION;VEV_4000;XIREC;1252.0;12
144300;;SUBMISSION;VEV_4000;XIREC;1250.0;24
144300;;SUBMISSION;VEV_4500;XIREC;762.0;3
144300;;SUBMISSION;VEV_4500;XIREC;755.0;11
144300;;SUBMISSION;VEV_4500;XIREC;753.0;13
144300;Mark 55;Mark 01;VELVETFRUIT_EXTRACT;XIREC;5266.0;6
144400;Mark 14;Mark 38;VEV_4000;XIREC;1253.0;1
144600;;SUBMISSION;VEV_4000;XIREC;1254.0;6
144600;;SUBMISSION;VEV_4500;XIREC;757.0;8
144600;;SUBMISSION;VEV_4500;XIREC;755.0;16
144700;;SUBMISSION;VEV_4500;XIREC;757.0;12
144700;;SUBMISSION;VEV_4500;XIREC;755.0;14
144800;;SUBMISSION;VEV_4500;XIREC;757.0;8
144800;;SUBMISSION;VEV_4500;XIREC;756.0;22
144800;;SUBMISSION;VEV_5000;XIREC;265.0;30
144900;;SUBMISSION;VEV_4500;XIREC;758.0;11
144900;;SUBMISSION;VEV_4500;XIREC;756.0;20
144900;;SUBMISSION;VEV_5000;XIREC;266.0;11
144900;;SUBMISSION;VEV_5000;XIREC;265.0;20
145000;;SUBMISSION;VEV_4500;XIREC;759.0;8
145000;;SUBMISSION;VEV_4500;XIREC;757.0;22
145000;;SUBMISSION;VEV_5000;XIREC;267.0;8
145000;;SUBMISSION;VEV_5000;XIREC;266.0;22
145000;;SUBMISSION;VEV_5100;XIREC;176.0;30
145100;;SUBMISSION;VEV_4500;XIREC;760.0;2
145100;;SUBMISSION;VEV_5000;XIREC;267.0;23
145100;;SUBMISSION;VEV_5100;XIREC;177.0;23
145100;;SUBMISSION;VEV_5200;XIREC;103.0;23
145100;Mark 38;Mark 14;HYDROGEL_PACK;XIREC;10012.0;5
145200;;SUBMISSION;VEV_5000;XIREC;269.0;22
145200;;SUBMISSION;VEV_5100;XIREC;179.0;7
145200;;SUBMISSION;VEV_5100;XIREC;178.0;15
145200;;SUBMISSION;VEV_5200;XIREC;104.0;22
145200;;SUBMISSION;VEV_5300;XIREC;51.0;20
145300;;SUBMISSION;VEV_5000;XIREC;268.0;20
145300;;SUBMISSION;VEV_5100;XIREC;178.0;20
145300;;SUBMISSION;VEV_5200;XIREC;104.0;8
145300;;SUBMISSION;VEV_5200;XIREC;103.0;12
145300;;SUBMISSION;VEV_5300;XIREC;51.0;7
145300;;SUBMISSION;VEV_5300;XIREC;50.0;13
145400;;SUBMISSION;VEV_5000;XIREC;269.0;12
145400;;SUBMISSION;VEV_5000;XIREC;268.0;16
145400;;SUBMISSION;VEV_5100;XIREC;178.0;28
145400;;SUBMISSION;VEV_5200;XIREC;104.0;28
145400;;SUBMISSION;VEV_5300;XIREC;51.0;20
145400;Mark 14;Mark 38;HYDROGEL_PACK;XIREC;9995.0;2
145500;;SUBMISSION;VEV_5000;XIREC;268.0;7
145500;;SUBMISSION;VEV_5000;XIREC;267.0;16
145500;;SUBMISSION;VEV_5100;XIREC;177.0;23
145500;;SUBMISSION;VEV_5200;XIREC;103.0;23
145600;;SUBMISSION;VEV_5000;XIREC;268.0;12
145600;;SUBMISSION;VEV_5000;XIREC;267.0;20
145600;;SUBMISSION;VEV_5100;XIREC;177.0;32
145600;;SUBMISSION;VEV_5200;XIREC;103.0;30
145700;;SUBMISSION;VEV_5000;XIREC;267.0;9
145700;;SUBMISSION;VEV_5000;XIREC;266.0;24
145700;;SUBMISSION;VEV_5100;XIREC;176.0;33
145800;;SUBMISSION;VEV_5000;XIREC;267.0;28
145800;;SUBMISSION;VEV_5100;XIREC;177.0;33
145800;;SUBMISSION;VEV_5200;XIREC;103.0;30
145800;Mark 14;Mark 38;VEV_4000;XIREC;1257.0;1
145900;;SUBMISSION;VEV_5100;XIREC;178.0;12
145900;;SUBMISSION;VEV_5100;XIREC;177.0;23
145900;;SUBMISSION;VEV_5200;XIREC;104.0;12
145900;;SUBMISSION;VEV_5200;XIREC;103.0;18
146000;;SUBMISSION;VEV_5100;XIREC;177.0;21
146000;;SUBMISSION;VEV_5200;XIREC;103.0;26
146100;;SUBMISSION;VEV_5200;XIREC;103.0;10
146100;;SUBMISSION;VEV_5200;XIREC;102.0;20
147200;Mark 01;Mark 55;VELVETFRUIT_EXTRACT;XIREC;5259.0;8
149300;;SUBMISSION;VEV_5200;XIREC;103.0;5
149300;;SUBMISSION;VEV_5200;XIREC;102.0;4
149600;;SUBMISSION;VEV_5300;XIREC;51.0;20
149700;;SUBMISSION;VEV_5300;XIREC;51.0;20
149800;;SUBMISSION;VEV_5300;XIREC;51.0;7
149800;;SUBMISSION;VEV_5300;XIREC;50.0;13
149900;;SUBMISSION;VEV_5300;XIREC;51.0;20
149900;Mark 14;Mark 38;HYDROGEL_PACK;XIREC;10007.0;3
150400;Mark 38;Mark 14;VEV_4000;XIREC;1278.0;1
150600;Mark 38;Mark 14;HYDROGEL_PACK;XIREC;10028.0;4
150700;;SUBMISSION;VEV_5300;XIREC;51.0;20
150800;;SUBMISSION;VEV_5300;XIREC;52.0;10
150800;;SUBMISSION;VEV_5300;XIREC;51.0;10
150900;;SUBMISSION;VEV_5300;XIREC;52.0;20
151000;;SUBMISSION;VEV_5300;XIREC;52.0;18
151100;;SUBMISSION;VEV_5300;XIREC;52.0;20
151200;;SUBMISSION;VEV_5300;XIREC;53.0;20
151300;;SUBMISSION;VEV_5300;XIREC;52.0;20
151400;;SUBMISSION;VEV_5300;XIREC;52.0;19
151400;Mark 14;Mark 38;HYDROGEL_PACK;XIREC;10014.0;3
151500;;SUBMISSION;VEV_5300;XIREC;52.0;3
151600;Mark 14;Mark 38;HYDROGEL_PACK;XIREC;10014.0;6
153100;Mark 38;Mark 14;VEV_4000;XIREC;1284.0;3
153200;Mark 14;Mark 38;HYDROGEL_PACK;XIREC;10008.0;5
154300;Mark 55;Mark 01;VELVETFRUIT_EXTRACT;XIREC;5275.0;6
155100;Mark 55;Mark 01;VELVETFRUIT_EXTRACT;XIREC;5277.0;8
155300;Mark 55;Mark 14;VELVETFRUIT_EXTRACT;XIREC;5277.0;3
155700;Mark 55;Mark 14;VELVETFRUIT_EXTRACT;XIREC;5277.0;4
155800;Mark 14;Mark 55;VELVETFRUIT_EXTRACT;XIREC;5274.0;7
155900;Mark 38;Mark 14;VEV_4000;XIREC;1285.0;2
156200;Mark 67;Mark 49;VELVETFRUIT_EXTRACT;XIREC;5275.0;14
157000;Mark 38;Mark 14;HYDROGEL_PACK;XIREC;10024.0;4
157400;Mark 67;Mark 49;VELVETFRUIT_EXTRACT;XIREC;5272.0;13
160000;;SUBMISSION;HYDROGEL_PACK;XIREC;10019.0;10
160000;;SUBMISSION;HYDROGEL_PACK;XIREC;10016.0;28
160200;;SUBMISSION;HYDROGEL_PACK;XIREC;10019.0;15
160200;;SUBMISSION;HYDROGEL_PACK;XIREC;10016.0;30
160400;;SUBMISSION;HYDROGEL_PACK;XIREC;10021.0;13
160400;;SUBMISSION;HYDROGEL_PACK;XIREC;10019.0;22
160500;;SUBMISSION;HYDROGEL_PACK;XIREC;10022.0;14
160500;;SUBMISSION;HYDROGEL_PACK;XIREC;10020.0;24
160600;;SUBMISSION;HYDROGEL_PACK;XIREC;10020.0;13
160600;;SUBMISSION;HYDROGEL_PACK;XIREC;10017.0;24
161100;Mark 38;Mark 14;HYDROGEL_PACK;XIREC;10028.0;4
164000;;SUBMISSION;HYDROGEL_PACK;XIREC;10019.0;7
164100;Mark 55;Mark 14;VELVETFRUIT_EXTRACT;XIREC;5282.0;5
164200;Mark 14;Mark 55;VELVETFRUIT_EXTRACT;XIREC;5278.0;7
164300;;SUBMISSION;VEV_5400;XIREC;18.0;20
164400;;SUBMISSION;VEV_5400;XIREC;18.0;18
164500;;SUBMISSION;VEV_5400;XIREC;18.0;17
164600;;SUBMISSION;VEV_5400;XIREC;18.0;19
164600;Mark 14;Mark 38;HYDROGEL_PACK;XIREC;10023.0;6
164900;;SUBMISSION;VEV_5400;XIREC;18.0;20
165700;Mark 67;Mark 22;VELVETFRUIT_EXTRACT;XIREC;5273.0;10
166700;Mark 38;Mark 14;VEV_4000;XIREC;1283.0;3
169000;Mark 38;Mark 14;HYDROGEL_PACK;XIREC;10028.0;2
169000;Mark 01;Mark 22;VEV_5300;XIREC;52.0;3
169000;Mark 01;Mark 22;VEV_5400;XIREC;16.0;3
169000;Mark 01;Mark 22;VEV_5500;XIREC;6.0;3
169000;Mark 01;Mark 22;VEV_6000;XIREC;0.0;3
169000;Mark 01;Mark 22;VEV_6500;XIREC;0.0;3
169200;Mark 38;Mark 14;HYDROGEL_PACK;XIREC;10025.0;5
169200;Mark 14;Mark 38;VEV_4000;XIREC;1261.0;3
169900;Mark 14;Mark 55;VELVETFRUIT_EXTRACT;XIREC;5267.0;3
170100;Mark 38;Mark 14;HYDROGEL_PACK;XIREC;10020.0;4
170500;Mark 55;Mark 14;VELVETFRUIT_EXTRACT;XIREC;5272.0;7
171500;Mark 14;Mark 55;VELVETFRUIT_EXTRACT;XIREC;5271.0;7
171800;Mark 01;Mark 22;VEV_5400;XIREC;17.0;5
171800;Mark 01;Mark 22;VEV_5500;XIREC;7.0;5
171800;Mark 01;Mark 22;VEV_6000;XIREC;0.0;5
171800;Mark 01;Mark 22;VEV_6500;XIREC;0.0;5
172600;Mark 55;Mark 01;VELVETFRUIT_EXTRACT;XIREC;5276.0;8
174000;Mark 55;Mark 14;VELVETFRUIT_EXTRACT;XIREC;5278.0;6
175000;Mark 55;Mark 01;VELVETFRUIT_EXTRACT;XIREC;5279.0;4
176200;;SUBMISSION;VEV_5400;XIREC;18.0;20
176500;;SUBMISSION;VEV_5400;XIREC;18.0;18
176600;;SUBMISSION;VEV_5400;XIREC;18.0;20
176700;;SUBMISSION;VEV_5400;XIREC;18.0;20
176800;;SUBMISSION;VEV_5400;XIREC;18.0;20
176900;;SUBMISSION;VEV_5400;XIREC;18.0;20
177000;;SUBMISSION;VEV_5400;XIREC;18.0;20
177100;;SUBMISSION;VEV_5400;XIREC;18.0;20
177100;Mark 14;Mark 38;HYDROGEL_PACK;XIREC;10011.0;3
178100;Mark 14;Mark 38;HYDROGEL_PACK;XIREC;10007.0;3
178200;Mark 01;Mark 55;VELVETFRUIT_EXTRACT;XIREC;5272.0;3
179100;Mark 55;Mark 01;VELVETFRUIT_EXTRACT;XIREC;5275.0;8
181600;Mark 14;Mark 38;HYDROGEL_PACK;XIREC;9996.0;5
182000;SUBMISSION;;HYDROGEL_PACK;XIREC;10011.0;11
182000;SUBMISSION;;HYDROGEL_PACK;XIREC;10013.0;20
182200;SUBMISSION;;HYDROGEL_PACK;XIREC;10011.0;11
182200;SUBMISSION;;HYDROGEL_PACK;XIREC;10014.0;20
183300;SUBMISSION;;HYDROGEL_PACK;XIREC;10011.0;13
183300;SUBMISSION;;HYDROGEL_PACK;XIREC;10014.0;25
183400;SUBMISSION;;HYDROGEL_PACK;XIREC;10007.0;13
183400;SUBMISSION;;HYDROGEL_PACK;XIREC;10009.0;22
183500;SUBMISSION;;HYDROGEL_PACK;XIREC;10010.0;13
183500;SUBMISSION;;HYDROGEL_PACK;XIREC;10012.0;21
183600;SUBMISSION;;HYDROGEL_PACK;XIREC;10007.0;11
183600;SUBMISSION;;HYDROGEL_PACK;XIREC;10009.0;20
184200;SUBMISSION;;VEV_5400;XIREC;16.0;22
184400;SUBMISSION;;VEV_5400;XIREC;16.0;21
184500;SUBMISSION;;VEV_5400;XIREC;16.0;23
184600;SUBMISSION;;VEV_5400;XIREC;16.0;21
184700;SUBMISSION;;VEV_5400;XIREC;16.0;25
185000;SUBMISSION;;VEV_5400;XIREC;16.0;20
185100;SUBMISSION;;VEV_5400;XIREC;16.0;29
185400;SUBMISSION;;VEV_5400;XIREC;16.0;21
185500;SUBMISSION;;VEV_5400;XIREC;15.0;18
185500;Mark 55;Mark 14;VELVETFRUIT_EXTRACT;XIREC;5262.0;5
185600;SUBMISSION;;VEV_5400;XIREC;15.0;7
185600;SUBMISSION;;VEV_5400;XIREC;16.0;16
185700;SUBMISSION;;VEV_5400;XIREC;16.0;25
185800;SUBMISSION;;VEV_5400;XIREC;16.0;4
188200;Mark 01;Mark 55;VELVETFRUIT_EXTRACT;XIREC;5255.0;3
189100;Mark 01;Mark 22;VEV_5300;XIREC;47.0;4
189100;Mark 01;Mark 22;VEV_5400;XIREC;14.0;4
189100;Mark 01;Mark 22;VEV_5500;XIREC;6.0;4
189100;Mark 01;Mark 22;VEV_6000;XIREC;0.0;4
189100;Mark 01;Mark 22;VEV_6500;XIREC;0.0;4
189700;Mark 01;Mark 55;VELVETFRUIT_EXTRACT;XIREC;5257.0;6
190900;Mark 38;Mark 14;VEV_4000;XIREC;1270.0;1
192700;Mark 14;Mark 38;VEV_4000;XIREC;1253.0;2
193400;Mark 38;Mark 14;HYDROGEL_PACK;XIREC;9993.0;4
194700;Mark 67;Mark 22;VELVETFRUIT_EXTRACT;XIREC;5262.0;10
194900;Mark 01;Mark 55;VELVETFRUIT_EXTRACT;XIREC;5257.0;6
195200;Mark 38;Mark 14;VEV_4000;XIREC;1270.0;2
195500;Mark 55;Mark 14;VELVETFRUIT_EXTRACT;XIREC;5264.0;6
195600;Mark 14;Mark 38;HYDROGEL_PACK;XIREC;9972.0;5
196700;Mark 14;Mark 55;VELVETFRUIT_EXTRACT;XIREC;5261.0;6
196800;Mark 14;Mark 38;VEV_4000;XIREC;1253.0;2
199400;Mark 67;Mark 49;VELVETFRUIT_EXTRACT;XIREC;5262.0;8
200400;Mark 14;Mark 38;VEV_4000;XIREC;1252.0;1
201300;Mark 22;Mark 55;VELVETFRUIT_EXTRACT;XIREC;5259.0;6
201500;Mark 14;Mark 38;VEV_4000;XIREC;1248.0;1
202300;Mark 14;Mark 38;VEV_4000;XIREC;1249.0;1
203500;Mark 55;Mark 01;VELVETFRUIT_EXTRACT;XIREC;5263.0;4
204400;Mark 01;Mark 22;VEV_5300;XIREC;47.0;5
204400;Mark 01;Mark 22;VEV_5400;XIREC;14.0;5
204400;Mark 01;Mark 22;VEV_5500;XIREC;6.0;5
204400;Mark 01;Mark 22;VEV_6000;XIREC;0.0;5
204400;Mark 01;Mark 22;VEV_6500;XIREC;0.0;5
205000;Mark 49;Mark 22;VELVETFRUIT_EXTRACT;XIREC;5263.0;5
206000;Mark 55;Mark 01;VELVETFRUIT_EXTRACT;XIREC;5268.0;6
206200;Mark 38;Mark 14;HYDROGEL_PACK;XIREC;9992.0;3
206600;Mark 14;Mark 38;HYDROGEL_PACK;XIREC;9976.0;3
206700;Mark 22;Mark 38;HYDROGEL_PACK;XIREC;9981.0;5
207000;Mark 67;Mark 49;VELVETFRUIT_EXTRACT;XIREC;5268.0;15
209400;Mark 01;Mark 55;VELVETFRUIT_EXTRACT;XIREC;5265.0;4
211400;Mark 01;Mark 55;VELVETFRUIT_EXTRACT;XIREC;5264.0;7
212100;Mark 55;Mark 01;VELVETFRUIT_EXTRACT;XIREC;5271.0;4
212100;Mark 14;Mark 38;VEV_4000;XIREC;1257.0;2
212200;Mark 55;Mark 22;VELVETFRUIT_EXTRACT;XIREC;5267.0;5
212900;Mark 14;Mark 55;VELVETFRUIT_EXTRACT;XIREC;5266.0;5
217200;Mark 14;Mark 55;VELVETFRUIT_EXTRACT;XIREC;5262.0;4
217800;Mark 01;Mark 55;VELVETFRUIT_EXTRACT;XIREC;5260.0;6
219200;Mark 14;Mark 38;HYDROGEL_PACK;XIREC;9954.0;4
219300;SUBMISSION;;HYDROGEL_PACK;XIREC;9969.0;15
219300;SUBMISSION;;HYDROGEL_PACK;XIREC;9971.0;24
219400;SUBMISSION;;HYDROGEL_PACK;XIREC;9963.0;11
219400;SUBMISSION;;HYDROGEL_PACK;XIREC;9965.0;29
219500;SUBMISSION;;HYDROGEL_PACK;XIREC;9963.0;15
219500;SUBMISSION;;HYDROGEL_PACK;XIREC;9965.0;30
219600;SUBMISSION;;HYDROGEL_PACK;XIREC;9966.0;14
219600;SUBMISSION;;HYDROGEL_PACK;XIREC;9969.0;28
219700;SUBMISSION;;HYDROGEL_PACK;XIREC;9964.0;11
219700;SUBMISSION;;HYDROGEL_PACK;XIREC;9967.0;23
220600;Mark 14;Mark 55;VELVETFRUIT_EXTRACT;XIREC;5260.0;4
220800;Mark 55;Mark 14;VELVETFRUIT_EXTRACT;XIREC;5265.0;6
221200;Mark 38;Mark 14;HYDROGEL_PACK;XIREC;9963.0;6
224300;Mark 38;Mark 14;HYDROGEL_PACK;XIREC;9942.0;4
225500;Mark 14;Mark 22;VEV_5300;XIREC;50.0;5
225500;Mark 01;Mark 22;VEV_5400;XIREC;16.0;5
225500;Mark 01;Mark 22;VEV_5500;XIREC;6.0;5
225500;Mark 01;Mark 22;VEV_6000;XIREC;0.0;5
225500;Mark 01;Mark 22;VEV_6500;XIREC;0.0;5
229400;Mark 14;Mark 55;VELVETFRUIT_EXTRACT;XIREC;5260.0;7
231600;Mark 14;Mark 55;VELVETFRUIT_EXTRACT;XIREC;5262.0;5
231900;Mark 38;Mark 14;VEV_4000;XIREC;1275.0;2
232000;Mark 55;Mark 01;VELVETFRUIT_EXTRACT;XIREC;5267.0;8
233000;Mark 38;Mark 14;HYDROGEL_PACK;XIREC;9927.0;3
235700;Mark 14;Mark 38;HYDROGEL_PACK;XIREC;9906.0;6
237400;Mark 55;Mark 01;VELVETFRUIT_EXTRACT;XIREC;5273.0;6
237600;Mark 67;Mark 49;VELVETFRUIT_EXTRACT;XIREC;5271.0;8
237700;Mark 55;Mark 14;VELVETFRUIT_EXTRACT;XIREC;5273.0;8
238900;Mark 14;Mark 38;HYDROGEL_PACK;XIREC;9910.0;4
239300;Mark 14;Mark 38;HYDROGEL_PACK;XIREC;9909.0;2
239400;Mark 14;Mark 38;HYDROGEL_PACK;XIREC;9910.0;4
239400;Mark 01;Mark 22;VEV_5400;XIREC;15.0;2
239400;Mark 01;Mark 22;VEV_5500;XIREC;6.0;2
239400;Mark 01;Mark 22;VEV_6000;XIREC;0.0;2
239400;Mark 01;Mark 22;VEV_6500;XIREC;0.0;2
239800;Mark 38;Mark 14;HYDROGEL_PACK;XIREC;9925.0;5
242100;Mark 55;Mark 14;VELVETFRUIT_EXTRACT;XIREC;5276.0;8
243500;Mark 55;Mark 14;VELVETFRUIT_EXTRACT;XIREC;5274.0;4
243800;Mark 14;Mark 38;HYDROGEL_PACK;XIREC;9919.0;4
244900;Mark 55;Mark 14;VELVETFRUIT_EXTRACT;XIREC;5276.0;4
246400;;SUBMISSION;VEV_5400;XIREC;18.0;16
246500;;SUBMISSION;VEV_5400;XIREC;18.0;20
246600;;SUBMISSION;VEV_5400;XIREC;18.0;17
246700;;SUBMISSION;VEV_5400;XIREC;18.0;20
246800;;SUBMISSION;VEV_5400;XIREC;18.0;17
246900;;SUBMISSION;VEV_5400;XIREC;18.0;20
247000;;SUBMISSION;VEV_5400;XIREC;18.0;19
247100;;SUBMISSION;VEV_5400;XIREC;18.0;20
247200;;SUBMISSION;VEV_5400;XIREC;18.0;20
247500;;SUBMISSION;VEV_5400;XIREC;18.0;20
247900;;SUBMISSION;VEV_5400;XIREC;18.0;20
248000;;SUBMISSION;VEV_5400;XIREC;18.0;20
249400;Mark 38;Mark 14;VEV_4000;XIREC;1286.0;3
249500;;SUBMISSION;VEV_5400;XIREC;18.0;16
249800;;SUBMISSION;VEV_5400;XIREC;18.0;20
249800;Mark 14;Mark 38;VEV_4000;XIREC;1267.0;2
249900;;SUBMISSION;VEV_5400;XIREC;18.0;17
250000;;SUBMISSION;VEV_5400;XIREC;18.0;18
253000;Mark 01;Mark 22;VEV_5400;XIREC;16.0;3
253000;Mark 01;Mark 22;VEV_5500;XIREC;6.0;3
253000;Mark 01;Mark 22;VEV_6000;XIREC;0.0;3
253000;Mark 01;Mark 22;VEV_6500;XIREC;0.0;3
254300;Mark 38;Mark 14;HYDROGEL_PACK;XIREC;9951.0;2
256200;Mark 14;Mark 38;HYDROGEL_PACK;XIREC;9927.0;5
258000;Mark 67;Mark 49;VELVETFRUIT_EXTRACT;XIREC;5271.0;15
258900;Mark 38;Mark 14;HYDROGEL_PACK;XIREC;9928.0;2
259500;Mark 01;Mark 55;VELVETFRUIT_EXTRACT;XIREC;5273.0;4
261600;;SUBMISSION;VEV_5500;XIREC;8.0;20
261700;;SUBMISSION;VEV_5500;XIREC;8.0;20
261900;;SUBMISSION;VEV_5500;XIREC;8.0;20
262000;;SUBMISSION;VEV_5500;XIREC;8.0;20
262100;;SUBMISSION;VEV_5500;XIREC;8.0;19
262200;;SUBMISSION;VEV_5500;XIREC;8.0;20
262300;;SUBMISSION;VEV_5500;XIREC;8.0;20
262400;;SUBMISSION;VEV_5500;XIREC;8.0;20
262500;;SUBMISSION;VEV_5500;XIREC;8.0;20
262600;;SUBMISSION;VEV_5500;XIREC;8.0;20
262800;;SUBMISSION;VEV_5500;XIREC;8.0;9
262800;;SUBMISSION;VEV_5500;XIREC;7.0;11
263200;;SUBMISSION;VEV_5500;XIREC;8.0;8
263200;;SUBMISSION;VEV_5500;XIREC;7.0;12
263300;;SUBMISSION;VEV_5500;XIREC;8.0;20
263400;;SUBMISSION;VEV_5500;XIREC;8.0;20
263500;;SUBMISSION;VEV_5500;XIREC;8.0;20
263600;;SUBMISSION;VEV_5500;XIREC;8.0;1
263900;Mark 14;Mark 55;VELVETFRUIT_EXTRACT;XIREC;5281.0;4
264200;Mark 38;Mark 14;HYDROGEL_PACK;XIREC;9927.0;6
264700;Mark 14;Mark 38;HYDROGEL_PACK;XIREC;9907.0;2
265100;Mark 01;Mark 55;VELVETFRUIT_EXTRACT;XIREC;5285.0;6
265200;Mark 14;Mark 38;HYDROGEL_PACK;XIREC;9909.0;5
265500;Mark 14;Mark 55;VELVETFRUIT_EXTRACT;XIREC;5285.0;6
266800;Mark 14;Mark 38;VEV_4000;XIREC;1275.0;1
267000;Mark 55;Mark 14;VELVETFRUIT_EXTRACT;XIREC;5289.0;6
267400;Mark 14;Mark 55;VELVETFRUIT_EXTRACT;XIREC;5283.0;4
267900;Mark 38;Mark 22;HYDROGEL_PACK;XIREC;9926.0;6
268200;Mark 14;Mark 55;VELVETFRUIT_EXTRACT;XIREC;5280.0;7
268600;Mark 01;Mark 55;VELVETFRUIT_EXTRACT;XIREC;5281.0;5
268900;Mark 01;Mark 22;VEV_5400;XIREC;19.0;4
268900;Mark 01;Mark 22;VEV_5500;XIREC;8.0;4
268900;Mark 01;Mark 22;VEV_6000;XIREC;0.0;4
268900;Mark 01;Mark 22;VEV_6500;XIREC;0.0;4
269700;Mark 38;Mark 14;VEV_4000;XIREC;1288.0;1
270500;Mark 38;Mark 14;VEV_4000;XIREC;1291.0;1
271100;Mark 14;Mark 55;VELVETFRUIT_EXTRACT;XIREC;5276.0;3
272000;Mark 01;Mark 22;VEV_5500;XIREC;8.0;3
272000;Mark 01;Mark 22;VEV_6000;XIREC;0.0;3
272000;Mark 01;Mark 22;VEV_6500;XIREC;0.0;3
272700;Mark 01;Mark 55;VELVETFRUIT_EXTRACT;XIREC;5277.0;3
272900;Mark 38;Mark 14;HYDROGEL_PACK;XIREC;9924.0;5
272900;Mark 38;Mark 14;VEV_4000;XIREC;1290.0;3
273400;Mark 38;Mark 14;HYDROGEL_PACK;XIREC;9922.0;3
273500;Mark 38;Mark 14;HYDROGEL_PACK;XIREC;9921.0;6
274100;Mark 22;Mark 55;VELVETFRUIT_EXTRACT;XIREC;5279.0;6
274300;Mark 55;Mark 14;VELVETFRUIT_EXTRACT;XIREC;5280.0;8
274400;Mark 14;Mark 38;HYDROGEL_PACK;XIREC;9907.0;3
274600;Mark 14;Mark 55;VELVETFRUIT_EXTRACT;XIREC;5274.0;3
275200;Mark 01;Mark 22;VEV_5400;XIREC;18.0;5
275200;Mark 01;Mark 22;VEV_5500;XIREC;7.0;5
275200;Mark 01;Mark 22;VEV_6000;XIREC;0.0;5
275200;Mark 01;Mark 22;VEV_6500;XIREC;0.0;5
275800;Mark 38;Mark 14;HYDROGEL_PACK;XIREC;9912.0;6
277000;Mark 38;Mark 14;HYDROGEL_PACK;XIREC;9911.0;6
277300;Mark 38;Mark 14;HYDROGEL_PACK;XIREC;9910.0;3
277900;Mark 14;Mark 38;VEV_4000;XIREC;1259.0;3
278700;Mark 55;Mark 01;VELVETFRUIT_EXTRACT;XIREC;5274.0;6
278800;Mark 14;Mark 38;HYDROGEL_PACK;XIREC;9890.0;2
278800;Mark 55;Mark 14;VELVETFRUIT_EXTRACT;XIREC;5276.0;4
279900;Mark 14;Mark 38;HYDROGEL_PACK;XIREC;9890.0;6
280700;Mark 14;Mark 55;VELVETFRUIT_EXTRACT;XIREC;5268.0;6
281000;SUBMISSION;;VEV_5500;XIREC;7.0;23
281100;Mark 38;Mark 14;VEV_4000;XIREC;1278.0;1
281800;SUBMISSION;;VEV_5500;XIREC;7.0;10
281800;SUBMISSION;;VEV_5500;XIREC;8.0;17
282200;Mark 14;Mark 38;HYDROGEL_PACK;XIREC;9891.0;4
282600;Mark 49;Mark 22;VELVETFRUIT_EXTRACT;XIREC;5269.0;10
282600;Mark 55;Mark 01;VELVETFRUIT_EXTRACT;XIREC;5272.0;6
283300;Mark 14;Mark 55;VELVETFRUIT_EXTRACT;XIREC;5270.0;5
283700;Mark 38;Mark 14;HYDROGEL_PACK;XIREC;9922.0;5
284300;Mark 38;Mark 14;HYDROGEL_PACK;XIREC;9923.0;6
285600;Mark 55;Mark 01;VELVETFRUIT_EXTRACT;XIREC;5278.0;4
285800;Mark 67;Mark 22;VELVETFRUIT_EXTRACT;XIREC;5276.0;6
286000;;SUBMISSION;VEV_5500;XIREC;8.0;19
286100;Mark 22;Mark 55;VELVETFRUIT_EXTRACT;XIREC;5278.0;5
286900;Mark 14;Mark 38;VEV_4000;XIREC;1266.0;3
287100;Mark 01;Mark 22;VEV_5400;XIREC;18.0;2
287100;Mark 01;Mark 22;VEV_5500;XIREC;7.0;2
287100;Mark 01;Mark 22;VEV_6000;XIREC;0.0;2
287100;Mark 01;Mark 22;VEV_6500;XIREC;0.0;2
287600;Mark 01;Mark 22;VEV_5400;XIREC;18.0;2
287600;Mark 01;Mark 22;VEV_5500;XIREC;7.0;2
287600;Mark 01;Mark 22;VEV_6000;XIREC;0.0;2
287600;Mark 01;Mark 22;VEV_6500;XIREC;0.0;2
288000;Mark 38;Mark 14;HYDROGEL_PACK;XIREC;9936.0;5
288000;Mark 01;Mark 55;VELVETFRUIT_EXTRACT;XIREC;5274.0;8
289300;Mark 14;Mark 22;VEV_5300;XIREC;52.0;2
289300;Mark 01;Mark 22;VEV_5400;XIREC;17.0;2
289300;Mark 01;Mark 22;VEV_5500;XIREC;7.0;2
289300;Mark 01;Mark 22;VEV_6000;XIREC;0.0;2
289300;Mark 01;Mark 22;VEV_6500;XIREC;0.0;2
291000;Mark 14;Mark 38;HYDROGEL_PACK;XIREC;9905.0;3
291800;Mark 14;Mark 55;VELVETFRUIT_EXTRACT;XIREC;5267.0;4
292800;Mark 38;Mark 14;HYDROGEL_PACK;XIREC;9921.0;6
293100;Mark 55;Mark 14;VELVETFRUIT_EXTRACT;XIREC;5274.0;5
293400;Mark 55;Mark 14;VELVETFRUIT_EXTRACT;XIREC;5273.0;5
293600;Mark 14;Mark 38;VEV_4000;XIREC;1260.0;2
293700;Mark 01;Mark 55;VELVETFRUIT_EXTRACT;XIREC;5267.0;8
294600;Mark 01;Mark 22;VEV_5400;XIREC;16.0;2
294600;Mark 14;Mark 22;VEV_5500;XIREC;7.0;2
294600;Mark 01;Mark 22;VEV_6000;XIREC;0.0;2
294600;Mark 01;Mark 22;VEV_6500;XIREC;0.0;2
296800;Mark 01;Mark 55;VELVETFRUIT_EXTRACT;XIREC;5268.0;8
299100;Mark 38;Mark 14;HYDROGEL_PACK;XIREC;9963.0;3
300800;Mark 14;Mark 38;HYDROGEL_PACK;XIREC;9946.0;4
301000;Mark 01;Mark 55;VELVETFRUIT_EXTRACT;XIREC;5267.0;8
301300;SUBMISSION;;VEV_5500;XIREC;7.0;23
301700;Mark 14;Mark 38;VEV_4000;XIREC;1256.0;2
301800;SUBMISSION;;VEV_5500;XIREC;7.0;17
301900;SUBMISSION;;VEV_5500;XIREC;7.0;29
302000;SUBMISSION;;VEV_5500;XIREC;7.0;19
302100;SUBMISSION;;VEV_5500;XIREC;7.0;19
302200;SUBMISSION;;VEV_5500;XIREC;7.0;28
302300;SUBMISSION;;VEV_5500;XIREC;7.0;24
302400;SUBMISSION;;VEV_5500;XIREC;7.0;16
302500;SUBMISSION;;VEV_5500;XIREC;7.0;24
302600;SUBMISSION;;VEV_5500;XIREC;7.0;25
302700;SUBMISSION;;VEV_5500;XIREC;7.0;19
302800;SUBMISSION;;VEV_5500;XIREC;7.0;20
302900;SUBMISSION;;VEV_5500;XIREC;7.0;6
303100;Mark 14;Mark 38;VEV_4000;XIREC;1256.0;1
303800;Mark 14;Mark 38;HYDROGEL_PACK;XIREC;9935.0;2
305600;Mark 01;Mark 55;VELVETFRUIT_EXTRACT;XIREC;5267.0;3
305700;Mark 38;Mark 14;HYDROGEL_PACK;XIREC;9951.0;6
306000;Mark 55;Mark 14;VELVETFRUIT_EXTRACT;XIREC;5274.0;5
306100;Mark 38;Mark 14;HYDROGEL_PACK;XIREC;9952.0;5
307600;Mark 38;Mark 14;VEV_4000;XIREC;1281.0;2
307900;Mark 01;Mark 55;VELVETFRUIT_EXTRACT;XIREC;5268.0;8
308400;Mark 01;Mark 55;VELVETFRUIT_EXTRACT;XIREC;5270.0;3
310100;Mark 38;Mark 14;HYDROGEL_PACK;XIREC;9942.0;4
311200;Mark 14;Mark 55;VELVETFRUIT_EXTRACT;XIREC;5265.0;8
311700;Mark 55;Mark 01;VELVETFRUIT_EXTRACT;XIREC;5273.0;6
311800;Mark 38;Mark 14;HYDROGEL_PACK;XIREC;9945.0;2
314800;Mark 38;Mark 14;HYDROGEL_PACK;XIREC;9953.0;3
315400;Mark 38;Mark 14;HYDROGEL_PACK;XIREC;9956.0;4
316700;Mark 01;Mark 22;VEV_5400;XIREC;17.0;3
316700;Mark 01;Mark 22;VEV_5500;XIREC;7.0;3
316700;Mark 01;Mark 22;VEV_6000;XIREC;0.0;3
316700;Mark 01;Mark 22;VEV_6500;XIREC;0.0;3
316800;Mark 67;Mark 22;VELVETFRUIT_EXTRACT;XIREC;5275.0;7
316900;Mark 38;Mark 14;HYDROGEL_PACK;XIREC;9954.0;2
317500;Mark 01;Mark 22;VEV_5400;XIREC;17.0;3
317500;Mark 01;Mark 22;VEV_5500;XIREC;7.0;3
317500;Mark 01;Mark 22;VEV_6000;XIREC;0.0;3
317500;Mark 01;Mark 22;VEV_6500;XIREC;0.0;3
318100;Mark 38;Mark 14;VEV_4000;XIREC;1284.0;1
319900;;SUBMISSION;VEV_5500;XIREC;8.0;18
320000;;SUBMISSION;VEV_5500;XIREC;8.0;8
320000;;SUBMISSION;VEV_5500;XIREC;7.0;10
320800;Mark 01;Mark 22;VEV_5300;XIREC;52.0;5
320800;Mark 01;Mark 22;VEV_5400;XIREC;17.0;5
320800;Mark 01;Mark 22;VEV_5500;XIREC;7.0;5
320800;Mark 01;Mark 22;VEV_6000;XIREC;0.0;5
320800;Mark 01;Mark 22;VEV_6500;XIREC;0.0;5
321600;Mark 01;Mark 22;VEV_5300;XIREC;50.0;4
321600;Mark 01;Mark 22;VEV_5400;XIREC;16.0;4
321600;Mark 01;Mark 22;VEV_5500;XIREC;7.0;4
321600;Mark 01;Mark 22;VEV_6000;XIREC;0.0;4
321600;Mark 01;Mark 22;VEV_6500;XIREC;0.0;4
322300;Mark 38;Mark 14;VEV_4000;XIREC;1282.0;2
323200;Mark 55;Mark 14;VELVETFRUIT_EXTRACT;XIREC;5276.0;5
323500;Mark 67;Mark 49;VELVETFRUIT_EXTRACT;XIREC;5269.0;14
325800;SUBMISSION;;VEV_5500;XIREC;7.0;8
325800;SUBMISSION;;VEV_5500;XIREC;8.0;13
325900;SUBMISSION;;VEV_5500;XIREC;7.0;15
326400;SUBMISSION;;VEV_5400;XIREC;16.0;17
326500;SUBMISSION;;VEV_5400;XIREC;15.0;22
326600;SUBMISSION;;VEV_5400;XIREC;15.0;5
326600;SUBMISSION;;VEV_5400;XIREC;16.0;20
326700;SUBMISSION;;VEV_5400;XIREC;16.0;29
326800;SUBMISSION;;VEV_5400;XIREC;16.0;20
327000;SUBMISSION;;VEV_5400;XIREC;16.0;25
327400;SUBMISSION;;VEV_5400;XIREC;16.0;22
327500;SUBMISSION;;VEV_5400;XIREC;16.0;19
327600;Mark 55;Mark 14;VELVETFRUIT_EXTRACT;XIREC;5266.0;5
328500;Mark 55;Mark 14;VELVETFRUIT_EXTRACT;XIREC;5269.0;7
328700;Mark 55;Mark 14;VELVETFRUIT_EXTRACT;XIREC;5268.0;5
328700;Mark 14;Mark 38;VEV_4000;XIREC;1255.0;3
328900;Mark 38;Mark 14;HYDROGEL_PACK;XIREC;9958.0;2
329800;SUBMISSION;;VEV_5400;XIREC;16.0;22
330000;SUBMISSION;;VEV_5400;XIREC;16.0;26
330100;SUBMISSION;;VEV_5400;XIREC;16.0;30
330200;SUBMISSION;;VEV_5400;XIREC;16.0;29
330300;SUBMISSION;;VEV_5400;XIREC;16.0;14
330400;Mark 14;Mark 55;VELVETFRUIT_EXTRACT;XIREC;5261.0;8
332600;Mark 55;Mark 01;VELVETFRUIT_EXTRACT;XIREC;5274.0;8
332800;Mark 14;Mark 38;HYDROGEL_PACK;XIREC;9947.0;3
333200;Mark 67;Mark 22;VELVETFRUIT_EXTRACT;XIREC;5269.0;7
333900;Mark 55;Mark 01;VELVETFRUIT_EXTRACT;XIREC;5273.0;7
335400;Mark 55;Mark 14;VELVETFRUIT_EXTRACT;XIREC;5271.0;6
336800;Mark 01;Mark 55;VELVETFRUIT_EXTRACT;XIREC;5268.0;5
337000;Mark 67;Mark 22;VELVETFRUIT_EXTRACT;XIREC;5271.0;6
338400;Mark 14;Mark 38;HYDROGEL_PACK;XIREC;9948.0;4
340200;Mark 14;Mark 38;HYDROGEL_PACK;XIREC;9951.0;2
340500;Mark 14;Mark 38;VEV_4000;XIREC;1257.0;3
341400;Mark 01;Mark 22;VEV_5400;XIREC;16.0;4
341400;Mark 14;Mark 22;VEV_5500;XIREC;7.0;4
341400;Mark 01;Mark 22;VEV_6000;XIREC;0.0;4
341400;Mark 01;Mark 22;VEV_6500;XIREC;0.0;4
342300;Mark 38;Mark 14;HYDROGEL_PACK;XIREC;9966.0;2
344000;Mark 01;Mark 55;VELVETFRUIT_EXTRACT;XIREC;5269.0;3
344100;Mark 14;Mark 38;HYDROGEL_PACK;XIREC;9942.0;3
344500;Mark 14;Mark 38;HYDROGEL_PACK;XIREC;9942.0;3
344600;Mark 38;Mark 14;HYDROGEL_PACK;XIREC;9958.0;6
344600;Mark 01;Mark 55;VELVETFRUIT_EXTRACT;XIREC;5265.0;7
344900;Mark 01;Mark 55;VELVETFRUIT_EXTRACT;XIREC;5265.0;6
346100;Mark 38;Mark 14;HYDROGEL_PACK;XIREC;9947.0;2
347400;Mark 38;Mark 14;HYDROGEL_PACK;XIREC;9947.0;4
347800;Mark 01;Mark 22;VEV_5400;XIREC;15.0;4
347800;Mark 01;Mark 22;VEV_5500;XIREC;6.0;4
347800;Mark 01;Mark 22;VEV_6000;XIREC;0.0;4
347800;Mark 01;Mark 22;VEV_6500;XIREC;0.0;4
350600;Mark 55;Mark 14;VELVETFRUIT_EXTRACT;XIREC;5266.0;5
350700;Mark 14;Mark 22;VEV_5300;XIREC;47.0;4
350700;Mark 01;Mark 22;VEV_5400;XIREC;15.0;4
350700;Mark 01;Mark 22;VEV_5500;XIREC;6.0;4
350700;Mark 01;Mark 22;VEV_6000;XIREC;0.0;4
350700;Mark 01;Mark 22;VEV_6500;XIREC;0.0;4
351100;SUBMISSION;;VEV_5300;XIREC;46.0;9
351100;SUBMISSION;;VEV_5300;XIREC;47.0;15
351200;SUBMISSION;;VEV_5300;XIREC;46.0;26
351300;SUBMISSION;;VEV_5300;XIREC;46.0;19
351400;SUBMISSION;;VEV_5300;XIREC;47.0;22
351400;Mark 14;Mark 38;HYDROGEL_PACK;XIREC;9937.0;6
351500;SUBMISSION;;VEV_5300;XIREC;46.0;24
351600;SUBMISSION;;VEV_5300;XIREC;46.0;16
351700;SUBMISSION;;VEV_5100;XIREC;170.0;23
351700;SUBMISSION;;VEV_5300;XIREC;46.0;23
351800;SUBMISSION;;VEV_5100;XIREC;169.0;7
351800;SUBMISSION;;VEV_5100;XIREC;170.0;13
351800;SUBMISSION;;VEV_5200;XIREC;96.0;7
351800;SUBMISSION;;VEV_5200;XIREC;97.0;13
351800;SUBMISSION;;VEV_5300;XIREC;45.0;10
351800;SUBMISSION;;VEV_5300;XIREC;46.0;14
351900;SUBMISSION;;VEV_5100;XIREC;169.0;10
351900;SUBMISSION;;VEV_5100;XIREC;170.0;24
351900;SUBMISSION;;VEV_5200;XIREC;96.0;10
351900;SUBMISSION;;VEV_5200;XIREC;97.0;24
351900;SUBMISSION;;VEV_5300;XIREC;45.0;29
352000;SUBMISSION;;VEV_5100;XIREC;169.0;7
352000;SUBMISSION;;VEV_5100;XIREC;170.0;24
352000;SUBMISSION;;VEV_5200;XIREC;96.0;7
352000;SUBMISSION;;VEV_5200;XIREC;97.0;24
352000;SUBMISSION;;VEV_5300;XIREC;45.0;21
352100;SUBMISSION;;VEV_5100;XIREC;169.0;25
352100;SUBMISSION;;VEV_5200;XIREC;96.0;25
352100;SUBMISSION;;VEV_5300;XIREC;45.0;26
352100;Mark 14;Mark 55;VELVETFRUIT_EXTRACT;XIREC;5252.0;4
352200;SUBMISSION;;VEV_5100;XIREC;169.0;6
352200;SUBMISSION;;VEV_5100;XIREC;170.0;14
352200;SUBMISSION;;VEV_5200;XIREC;96.0;20
352200;SUBMISSION;;VEV_5300;XIREC;45.0;23
352300;SUBMISSION;;VEV_5100;XIREC;169.0;24
352300;SUBMISSION;;VEV_5200;XIREC;96.0;24
352300;SUBMISSION;;VEV_5300;XIREC;45.0;23
352300;Mark 55;Mark 14;VELVETFRUIT_EXTRACT;XIREC;5257.0;8
352400;SUBMISSION;;VEV_5100;XIREC;169.0;22
352400;SUBMISSION;;VEV_5200;XIREC;96.0;22
352500;SUBMISSION;;VEV_5100;XIREC;170.0;25
352700;SUBMISSION;;VEV_5100;XIREC;170.0;35
352800;SUBMISSION;;VEV_5100;XIREC;169.0;35
352800;SUBMISSION;;VEV_5200;XIREC;96.0;35
352900;SUBMISSION;;VEV_5100;XIREC;169.0;6
352900;SUBMISSION;;VEV_5200;XIREC;96.0;27
353200;SUBMISSION;;VEV_5200;XIREC;96.0;30
353300;SUBMISSION;;VEV_5200;XIREC;96.0;26
353600;Mark 01;Mark 55;VELVETFRUIT_EXTRACT;XIREC;5254.0;7
353800;Mark 14;Mark 55;VELVETFRUIT_EXTRACT;XIREC;5257.0;7
356500;Mark 55;Mark 14;VELVETFRUIT_EXTRACT;XIREC;5263.0;6
358300;Mark 14;Mark 55;VELVETFRUIT_EXTRACT;XIREC;5261.0;7
358400;Mark 55;Mark 01;VELVETFRUIT_EXTRACT;XIREC;5266.0;5
358500;Mark 01;Mark 22;VEV_5300;XIREC;47.0;2
358500;Mark 01;Mark 22;VEV_5400;XIREC;15.0;2
358500;Mark 01;Mark 22;VEV_5500;XIREC;6.0;2
358500;Mark 01;Mark 22;VEV_6000;XIREC;0.0;2
358500;Mark 01;Mark 22;VEV_6500;XIREC;0.0;2
359500;Mark 14;Mark 38;HYDROGEL_PACK;XIREC;9972.0;5
360000;Mark 55;Mark 01;VELVETFRUIT_EXTRACT;XIREC;5267.0;7
360200;;SUBMISSION;HYDROGEL_PACK;XIREC;9977.0;15
360200;;SUBMISSION;HYDROGEL_PACK;XIREC;9975.0;26
360300;;SUBMISSION;HYDROGEL_PACK;XIREC;9980.0;15
360300;;SUBMISSION;HYDROGEL_PACK;XIREC;9977.0;27
360400;;SUBMISSION;HYDROGEL_PACK;XIREC;9978.0;13
360400;;SUBMISSION;HYDROGEL_PACK;XIREC;9976.0;24
360500;;SUBMISSION;HYDROGEL_PACK;XIREC;9979.0;10
360500;;SUBMISSION;HYDROGEL_PACK;XIREC;9977.0;27
360600;;SUBMISSION;HYDROGEL_PACK;XIREC;9982.0;12
360600;;SUBMISSION;HYDROGEL_PACK;XIREC;9979.0;21
360700;;SUBMISSION;HYDROGEL_PACK;XIREC;9979.0;10
361300;Mark 55;Mark 01;VELVETFRUIT_EXTRACT;XIREC;5267.0;3
361600;Mark 01;Mark 55;VELVETFRUIT_EXTRACT;XIREC;5260.0;5
362500;Mark 01;Mark 55;VELVETFRUIT_EXTRACT;XIREC;5260.0;5
362600;Mark 01;Mark 22;VEV_5300;XIREC;47.0;5
362600;Mark 01;Mark 22;VEV_5500;XIREC;6.0;5
362600;Mark 01;Mark 22;VEV_6000;XIREC;0.0;5
362600;Mark 01;Mark 22;VEV_6500;XIREC;0.0;5
363300;Mark 38;Mark 14;VEV_4000;XIREC;1272.0;1
365300;Mark 14;Mark 38;HYDROGEL_PACK;XIREC;9984.0;2
365400;Mark 14;Mark 55;VELVETFRUIT_EXTRACT;XIREC;5257.0;7
365600;Mark 01;Mark 22;VEV_5300;XIREC;45.0;4
365600;Mark 01;Mark 22;VEV_5400;XIREC;14.0;4
365600;Mark 01;Mark 22;VEV_5500;XIREC;5.0;4
365600;Mark 01;Mark 22;VEV_6000;XIREC;0.0;4
365600;Mark 01;Mark 22;VEV_6500;XIREC;0.0;4
366500;Mark 38;Mark 14;HYDROGEL_PACK;XIREC;10001.0;2
368100;Mark 14;Mark 55;VELVETFRUIT_EXTRACT;XIREC;5256.0;6
368200;Mark 38;Mark 14;VEV_4000;XIREC;1270.0;2
369400;SUBMISSION;;VEV_5200;XIREC;96.0;6
370000;SUBMISSION;;VEV_4500;XIREC;760.0;9
370000;SUBMISSION;;VEV_4500;XIREC;762.0;15
370000;SUBMISSION;;VEV_5000;XIREC;259.0;24
370100;SUBMISSION;;VELVETFRUIT_EXTRACT;XIREC;5254.0;16
370100;SUBMISSION;;VELVETFRUIT_EXTRACT;XIREC;5255.0;34
370100;SUBMISSION;;VEV_4000;XIREC;1262.0;14
370100;SUBMISSION;;VEV_4000;XIREC;1265.0;17
370100;SUBMISSION;;VEV_4500;XIREC;760.0;9
370100;SUBMISSION;;VEV_4500;XIREC;762.0;23
370100;SUBMISSION;;VEV_5000;XIREC;258.0;9
370100;SUBMISSION;;VEV_5000;XIREC;259.0;23
370200;SUBMISSION;;VELVETFRUIT_EXTRACT;XIREC;5253.0;22
370200;SUBMISSION;;VELVETFRUIT_EXTRACT;XIREC;5254.0;28
370200;SUBMISSION;;VEV_4000;XIREC;1261.0;9
370200;SUBMISSION;;VEV_4000;XIREC;1264.0;20
370200;SUBMISSION;;VEV_4500;XIREC;759.0;8
370200;SUBMISSION;;VEV_4500;XIREC;761.0;23
370200;SUBMISSION;;VEV_5000;XIREC;257.0;8
370200;SUBMISSION;;VEV_5000;XIREC;258.0;23
370300;SUBMISSION;;VELVETFRUIT_EXTRACT;XIREC;5253.0;50
370300;SUBMISSION;;VEV_4000;XIREC;1261.0;15
370300;SUBMISSION;;VEV_4000;XIREC;1263.0;24
370300;SUBMISSION;;VEV_4500;XIREC;758.0;9
370300;SUBMISSION;;VEV_4500;XIREC;760.0;14
370300;SUBMISSION;;VEV_5000;XIREC;257.0;23
370400;SUBMISSION;;VELVETFRUIT_EXTRACT;XIREC;5253.0;24
370400;SUBMISSION;;VELVETFRUIT_EXTRACT;XIREC;5254.0;26
370400;SUBMISSION;;VEV_4000;XIREC;1261.0;14
370400;SUBMISSION;;VEV_4000;XIREC;1264.0;20
370400;SUBMISSION;;VEV_4500;XIREC;759.0;12
370400;SUBMISSION;;VEV_4500;XIREC;761.0;12
370400;SUBMISSION;;VEV_5000;XIREC;257.0;12
370400;SUBMISSION;;VEV_5000;XIREC;258.0;12
370500;SUBMISSION;;VEV_4000;XIREC;1262.0;10
370500;SUBMISSION;;VEV_4000;XIREC;1265.0;18
370500;SUBMISSION;;VEV_4500;XIREC;760.0;10
370500;SUBMISSION;;VEV_4500;XIREC;761.0;14
370500;SUBMISSION;;VEV_5000;XIREC;258.0;10
370500;SUBMISSION;;VEV_5000;XIREC;259.0;14
370600;SUBMISSION;;VEV_4000;XIREC;1261.0;13
370600;SUBMISSION;;VEV_4000;XIREC;1263.0;16
370600;SUBMISSION;;VEV_4500;XIREC;758.0;10
370600;SUBMISSION;;VEV_4500;XIREC;760.0;13
370600;SUBMISSION;;VEV_5000;XIREC;257.0;23
370600;Mark 38;Mark 14;VEV_4000;XIREC;1261.0;3
370700;SUBMISSION;;VEV_4000;XIREC;1262.0;12
370700;SUBMISSION;;VEV_4000;XIREC;1265.0;28
370700;SUBMISSION;;VEV_4500;XIREC;760.0;8
370700;SUBMISSION;;VEV_4500;XIREC;761.0;23
370700;SUBMISSION;;VEV_5000;XIREC;258.0;8
370700;SUBMISSION;;VEV_5000;XIREC;259.0;23
370700;Mark 14;Mark 38;VEV_4000;XIREC;1241.0;2
371000;SUBMISSION;;VEV_4000;XIREC;1262.0;10
371000;SUBMISSION;;VEV_4000;XIREC;1265.0;25
371000;SUBMISSION;;VEV_4500;XIREC;760.0;9
371000;SUBMISSION;;VEV_4500;XIREC;762.0;12
371000;SUBMISSION;;VEV_5000;XIREC;258.0;9
371000;SUBMISSION;;VEV_5000;XIREC;259.0;12
371100;SUBMISSION;;VEV_4000;XIREC;1261.0;14
371100;SUBMISSION;;VEV_4000;XIREC;1264.0;21
371100;SUBMISSION;;VEV_4500;XIREC;759.0;9
371100;SUBMISSION;;VEV_4500;XIREC;761.0;23
371100;SUBMISSION;;VEV_5000;XIREC;257.0;9
371100;SUBMISSION;;VEV_5000;XIREC;258.0;23
371200;SUBMISSION;;VEV_4500;XIREC;759.0;8
371200;SUBMISSION;;VEV_4500;XIREC;760.0;22
371200;SUBMISSION;;VEV_5000;XIREC;257.0;8
371200;SUBMISSION;;VEV_5000;XIREC;258.0;22
371300;SUBMISSION;;VEV_4500;XIREC;759.0;5
371300;SUBMISSION;;VEV_5000;XIREC;257.0;5
372300;Mark 01;Mark 55;VELVETFRUIT_EXTRACT;XIREC;5250.0;6
372300;Mark 38;Mark 14;VEV_4000;XIREC;1264.0;2
373100;Mark 55;Mark 14;VELVETFRUIT_EXTRACT;XIREC;5256.0;6
373800;Mark 01;Mark 22;VEV_5500;XIREC;5.0;4
373800;Mark 01;Mark 22;VEV_6000;XIREC;0.0;4
373800;Mark 01;Mark 22;VEV_6500;XIREC;0.0;4
376300;Mark 01;Mark 22;VEV_5400;XIREC;13.0;5
376300;Mark 01;Mark 22;VEV_5500;XIREC;5.0;5
376300;Mark 01;Mark 22;VEV_6000;XIREC;0.0;5
376300;Mark 01;Mark 22;VEV_6500;XIREC;0.0;5
376700;Mark 14;Mark 55;VELVETFRUIT_EXTRACT;XIREC;5250.0;7
378400;Mark 67;Mark 22;VELVETFRUIT_EXTRACT;XIREC;5249.0;10
382200;Mark 55;Mark 14;VELVETFRUIT_EXTRACT;XIREC;5253.0;5
383100;Mark 55;Mark 14;VELVETFRUIT_EXTRACT;XIREC;5254.0;6
384800;Mark 22;Mark 38;HYDROGEL_PACK;XIREC;9978.0;4
385100;Mark 67;Mark 49;VELVETFRUIT_EXTRACT;XIREC;5245.0;9
385500;Mark 14;Mark 38;HYDROGEL_PACK;XIREC;9972.0;5
387500;Mark 38;Mark 14;HYDROGEL_PACK;XIREC;9991.0;3
389000;Mark 01;Mark 22;VEV_5300;XIREC;38.0;2
389000;Mark 01;Mark 22;VEV_5400;XIREC;11.0;2
389000;Mark 01;Mark 22;VEV_5500;XIREC;4.0;2
389000;Mark 01;Mark 22;VEV_6000;XIREC;0.0;2
389000;Mark 01;Mark 22;VEV_6500;XIREC;0.0;2
389600;Mark 49;Mark 55;VELVETFRUIT_EXTRACT;XIREC;5238.0;7
389600;Mark 38;Mark 14;VEV_4000;XIREC;1249.0;3
390200;Mark 14;Mark 38;VEV_4000;XIREC;1229.0;1
390300;Mark 01;Mark 22;VEV_5300;XIREC;38.0;3
390300;Mark 01;Mark 22;VEV_5400;XIREC;11.0;3
390300;Mark 01;Mark 22;VEV_5500;XIREC;4.0;3
390300;Mark 01;Mark 22;VEV_6000;XIREC;0.0;3
390300;Mark 01;Mark 22;VEV_6500;XIREC;0.0;3
391600;Mark 14;Mark 38;HYDROGEL_PACK;XIREC;9970.0;2
391700;Mark 38;Mark 14;HYDROGEL_PACK;XIREC;9988.0;2
392400;Mark 38;Mark 14;HYDROGEL_PACK;XIREC;9990.0;5
394100;Mark 38;Mark 14;HYDROGEL_PACK;XIREC;9975.0;6
394300;Mark 38;Mark 14;HYDROGEL_PACK;XIREC;9970.0;5
397300;Mark 14;Mark 38;VEV_4000;XIREC;1226.0;2
397500;SUBMISSION;;HYDROGEL_PACK;XIREC;9968.0;13
397500;SUBMISSION;;HYDROGEL_PACK;XIREC;9971.0;21
397600;SUBMISSION;;HYDROGEL_PACK;XIREC;9969.0;10
397600;SUBMISSION;;HYDROGEL_PACK;XIREC;9971.0;25
397600;SUBMISSION;;VEV_5100;XIREC;149.0;26
397600;SUBMISSION;;VEV_5500;XIREC;4.0;6
397600;SUBMISSION;;VEV_5500;XIREC;5.0;13
397700;SUBMISSION;;HYDROGEL_PACK;XIREC;9966.0;10
397700;SUBMISSION;;HYDROGEL_PACK;XIREC;9968.0;22
397800;SUBMISSION;;HYDROGEL_PACK;XIREC;9965.0;14
397800;SUBMISSION;;HYDROGEL_PACK;XIREC;9967.0;28
397900;SUBMISSION;;HYDROGEL_PACK;XIREC;9963.0;12
397900;SUBMISSION;;HYDROGEL_PACK;XIREC;9965.0;24
398000;SUBMISSION;;HYDROGEL_PACK;XIREC;9962.0;14
398000;SUBMISSION;;HYDROGEL_PACK;XIREC;9964.0;7
398200;SUBMISSION;;VEV_4000;XIREC;1233.0;2
398200;SUBMISSION;;VEV_4000;XIREC;1244.0;13
398200;SUBMISSION;;VEV_4000;XIREC;1247.0;19
398200;SUBMISSION;;VEV_4500;XIREC;733.0;2
398200;SUBMISSION;;VEV_4500;XIREC;742.0;9
398200;SUBMISSION;;VEV_4500;XIREC;744.0;24
398200;SUBMISSION;;VEV_5100;XIREC;148.0;2
398200;SUBMISSION;;VEV_5100;XIREC;151.0;33
398200;Mark 01;Mark 22;VEV_5400;XIREC;10.0;2
398200;Mark 01;Mark 22;VEV_5500;XIREC;4.0;2
398200;Mark 01;Mark 22;VEV_6000;XIREC;0.0;2
398200;Mark 01;Mark 22;VEV_6500;XIREC;0.0;2
398700;SUBMISSION;;VEV_5100;XIREC;149.0;27
398700;SUBMISSION;;VEV_5500;XIREC;4.0;7
398700;SUBMISSION;;VEV_5500;XIREC;5.0;10
398800;SUBMISSION;;VEV_5000;XIREC;238.0;12
398800;SUBMISSION;;VEV_5000;XIREC;239.0;12
398800;SUBMISSION;;VEV_5100;XIREC;148.0;12
398800;SUBMISSION;;VEV_5100;XIREC;149.0;12
398800;SUBMISSION;;VEV_5500;XIREC;4.0;20
398900;SUBMISSION;;VEV_5100;XIREC;149.0;9
398900;SUBMISSION;;VEV_5100;XIREC;150.0;18
401000;SUBMISSION;;VEV_5100;XIREC;149.0;8
401000;SUBMISSION;;VEV_5100;XIREC;150.0;21
401000;Mark 14;Mark 55;VELVETFRUIT_EXTRACT;XIREC;5230.0;8
401100;SUBMISSION;;VEV_5000;XIREC;238.0;11
401100;SUBMISSION;;VEV_5000;XIREC;239.0;21
401100;SUBMISSION;;VEV_5100;XIREC;148.0;11
401100;SUBMISSION;;VEV_5100;XIREC;149.0;21
401100;SUBMISSION;;VEV_5500;XIREC;4.0;20
401200;SUBMISSION;;VEV_5000;XIREC;238.0;9
401200;SUBMISSION;;VEV_5000;XIREC;239.0;20
401200;SUBMISSION;;VEV_5100;XIREC;148.0;29
401200;SUBMISSION;;VEV_5500;XIREC;4.0;20
401200;Mark 14;Mark 38;HYDROGEL_PACK;XIREC;9966.0;5
401300;SUBMISSION;;VEV_5000;XIREC;238.0;27
401300;SUBMISSION;;VEV_5100;XIREC;148.0;27
401300;SUBMISSION;;VEV_5500;XIREC;4.0;20
401400;SUBMISSION;;VEV_5000;XIREC;238.0;11
401400;SUBMISSION;;VEV_5000;XIREC;239.0;13
401400;SUBMISSION;;VEV_5100;XIREC;148.0;24
401400;SUBMISSION;;VEV_5500;XIREC;4.0;20
401500;SUBMISSION;;VEV_5000;XIREC;238.0;28
401500;SUBMISSION;;VEV_5100;XIREC;148.0;20
401500;SUBMISSION;;VEV_5500;XIREC;4.0;20
401500;Mark 55;Mark 01;VELVETFRUIT_EXTRACT;XIREC;5233.0;7
401600;SUBMISSION;;VELVETFRUIT_EXTRACT;XIREC;5231.0;17
401600;SUBMISSION;;VELVETFRUIT_EXTRACT;XIREC;5232.0;33
401600;SUBMISSION;;VEV_4000;XIREC;1239.0;15
401600;SUBMISSION;;VEV_4000;XIREC;1241.0;26
401600;SUBMISSION;;VEV_4500;XIREC;736.0;7
401600;SUBMISSION;;VEV_4500;XIREC;738.0;22
401600;SUBMISSION;;VEV_5000;XIREC;236.0;7
401600;SUBMISSION;;VEV_5000;XIREC;237.0;22
401600;SUBMISSION;;VEV_5200;XIREC;79.0;29
401600;SUBMISSION;;VEV_5500;XIREC;4.0;20
401700;SUBMISSION;;VELVETFRUIT_EXTRACT;XIREC;5231.0;50
401700;SUBMISSION;;VEV_4000;XIREC;1239.0;7
401700;SUBMISSION;;VEV_4000;XIREC;1241.0;15
401700;SUBMISSION;;VEV_4500;XIREC;736.0;9
401700;SUBMISSION;;VEV_4500;XIREC;738.0;16
401700;SUBMISSION;;VEV_5000;XIREC;236.0;25
401700;SUBMISSION;;VEV_5200;XIREC;79.0;25
401700;SUBMISSION;;VEV_5500;XIREC;4.0;16
401800;SUBMISSION;;VELVETFRUIT_EXTRACT;XIREC;5231.0;50
401800;SUBMISSION;;VEV_4000;XIREC;1238.0;12
401800;SUBMISSION;;VEV_4000;XIREC;1241.0;28
401800;SUBMISSION;;VEV_4500;XIREC;736.0;10
401800;SUBMISSION;;VEV_4500;XIREC;738.0;17
401800;SUBMISSION;;VEV_5000;XIREC;236.0;27
401800;SUBMISSION;;VEV_5200;XIREC;78.0;10
401800;SUBMISSION;;VEV_5200;XIREC;79.0;17
401800;SUBMISSION;;VEV_5500;XIREC;4.0;18
401900;SUBMISSION;;VELVETFRUIT_EXTRACT;XIREC;5232.0;50
401900;SUBMISSION;;VEV_4000;XIREC;1239.0;12
401900;SUBMISSION;;VEV_4000;XIREC;1242.0;29
401900;SUBMISSION;;VEV_4500;XIREC;737.0;6
401900;SUBMISSION;;VEV_4500;XIREC;739.0;19
401900;SUBMISSION;;VEV_5000;XIREC;237.0;25
401900;SUBMISSION;;VEV_5200;XIREC;79.0;25
401900;SUBMISSION;;VEV_5500;XIREC;4.0;20
402000;SUBMISSION;;VEV_4000;XIREC;1240.0;9
402000;SUBMISSION;;VEV_4000;XIREC;1242.0;15
402000;SUBMISSION;;VEV_4500;XIREC;737.0;10
402000;SUBMISSION;;VEV_4500;XIREC;739.0;23
402000;SUBMISSION;;VEV_5000;XIREC;237.0;30
402000;SUBMISSION;;VEV_5200;XIREC;79.0;30
402000;SUBMISSION;;VEV_5500;XIREC;4.0;20
402100;SUBMISSION;;VEV_4000;XIREC;1239.0;9
402100;SUBMISSION;;VEV_4000;XIREC;1242.0;15
402100;SUBMISSION;;VEV_4500;XIREC;737.0;11
402100;SUBMISSION;;VEV_4500;XIREC;739.0;13
402100;SUBMISSION;;VEV_5200;XIREC;79.0;24
402100;SUBMISSION;;VEV_5500;XIREC;4.0;17
402200;SUBMISSION;;VEV_4000;XIREC;1239.0;12
402200;SUBMISSION;;VEV_4000;XIREC;1241.0;17
402200;SUBMISSION;;VEV_4500;XIREC;736.0;9
402200;SUBMISSION;;VEV_4500;XIREC;738.0;16
402200;SUBMISSION;;VEV_5200;XIREC;79.0;25
402200;SUBMISSION;;VEV_5500;XIREC;4.0;20
402300;SUBMISSION;;VEV_4000;XIREC;1238.0;14
402300;SUBMISSION;;VEV_4000;XIREC;1240.0;30
402300;SUBMISSION;;VEV_4500;XIREC;735.0;10
402300;SUBMISSION;;VEV_4500;XIREC;737.0;17
402300;SUBMISSION;;VEV_5200;XIREC;78.0;27
402300;SUBMISSION;;VEV_5500;XIREC;4.0;13
402400;SUBMISSION;;VEV_4000;XIREC;1237.0;1
402400;SUBMISSION;;VEV_4500;XIREC;735.0;9
402400;SUBMISSION;;VEV_4500;XIREC;736.0;20
402400;SUBMISSION;;VEV_5200;XIREC;78.0;29
402500;SUBMISSION;;VEV_4500;XIREC;735.0;10
402500;SUBMISSION;;VEV_4500;XIREC;737.0;11
402500;SUBMISSION;;VEV_5200;XIREC;78.0;30
402600;SUBMISSION;;VEV_5200;XIREC;78.0;28
402700;SUBMISSION;;VEV_5200;XIREC;79.0;1
404200;;SUBMISSION;HYDROGEL_PACK;XIREC;9977.0;13
404200;;SUBMISSION;HYDROGEL_PACK;XIREC;9975.0;30
404300;;SUBMISSION;HYDROGEL_PACK;XIREC;9977.0;13
404300;;SUBMISSION;HYDROGEL_PACK;XIREC;9975.0;29
404900;;SUBMISSION;HYDROGEL_PACK;XIREC;9977.0;15
404900;;SUBMISSION;HYDROGEL_PACK;XIREC;9974.0;26
405300;;SUBMISSION;HYDROGEL_PACK;XIREC;9977.0;12
405300;;SUBMISSION;HYDROGEL_PACK;XIREC;9974.0;25
405500;;SUBMISSION;HYDROGEL_PACK;XIREC;9978.0;12
405500;;SUBMISSION;HYDROGEL_PACK;XIREC;9975.0;25
406100;Mark 14;Mark 55;VELVETFRUIT_EXTRACT;XIREC;5231.0;4
406300;Mark 14;Mark 38;VEV_4000;XIREC;1220.0;2
406700;SUBMISSION;;VEV_5300;XIREC;35.0;20
407000;Mark 14;Mark 55;VELVETFRUIT_EXTRACT;XIREC;5225.0;4
407300;SUBMISSION;;VEV_5300;XIREC;35.0;20
407500;SUBMISSION;;VEV_5300;XIREC;35.0;19
407600;SUBMISSION;;VEV_5300;XIREC;35.0;20
407700;SUBMISSION;;VEV_5300;XIREC;35.0;19
407800;SUBMISSION;;VEV_5300;XIREC;35.0;20
408000;Mark 38;Mark 14;HYDROGEL_PACK;XIREC;9991.0;3
408100;SUBMISSION;;VEV_5300;XIREC;35.0;20
408500;SUBMISSION;;VEV_5300;XIREC;35.0;17
408600;SUBMISSION;;VEV_5300;XIREC;35.0;20
408700;SUBMISSION;;VEV_5300;XIREC;35.0;20
408900;SUBMISSION;;VEV_5300;XIREC;35.0;20
409000;SUBMISSION;;VEV_5300;XIREC;35.0;20
409100;SUBMISSION;;VEV_5300;XIREC;35.0;20
409400;Mark 38;Mark 14;HYDROGEL_PACK;XIREC;9988.0;3
409800;SUBMISSION;;VEV_5300;XIREC;35.0;20
410100;Mark 38;Mark 14;HYDROGEL_PACK;XIREC;9988.0;6
410200;Mark 01;Mark 22;VEV_5400;XIREC;9.0;5
410200;Mark 01;Mark 22;VEV_5500;XIREC;3.0;5
410200;Mark 01;Mark 22;VEV_6000;XIREC;0.0;5
410200;Mark 01;Mark 22;VEV_6500;XIREC;0.0;5
411400;SUBMISSION;;VEV_5300;XIREC;35.0;20
411700;SUBMISSION;;VEV_5300;XIREC;35.0;5
413100;Mark 38;Mark 14;HYDROGEL_PACK;XIREC;9977.0;2
413500;Mark 38;Mark 14;HYDROGEL_PACK;XIREC;9974.0;5
414900;Mark 14;Mark 22;VEV_5200;XIREC;76.0;3
414900;Mark 01;Mark 22;VEV_5300;XIREC;34.0;3
414900;Mark 01;Mark 22;VEV_5400;XIREC;9.0;3
414900;Mark 01;Mark 22;VEV_5500;XIREC;3.0;3
414900;Mark 01;Mark 22;VEV_6000;XIREC;0.0;3
414900;Mark 01;Mark 22;VEV_6500;XIREC;0.0;3
415400;Mark 38;Mark 14;HYDROGEL_PACK;XIREC;9976.0;6
415500;Mark 01;Mark 22;VEV_5400;XIREC;9.0;4
415500;Mark 01;Mark 22;VEV_5500;XIREC;3.0;4
415500;Mark 01;Mark 22;VEV_6000;XIREC;0.0;4
415500;Mark 01;Mark 22;VEV_6500;XIREC;0.0;4
416600;Mark 38;Mark 14;HYDROGEL_PACK;XIREC;9981.0;4
419300;Mark 14;Mark 38;VEV_4000;XIREC;1221.0;1
420200;Mark 38;Mark 14;HYDROGEL_PACK;XIREC;9975.0;4
421100;Mark 14;Mark 38;HYDROGEL_PACK;XIREC;9961.0;5
421400;Mark 55;Mark 14;VELVETFRUIT_EXTRACT;XIREC;5233.0;6
422200;Mark 14;Mark 38;HYDROGEL_PACK;XIREC;9963.0;2
423400;SUBMISSION;;HYDROGEL_PACK;XIREC;9969.0;15
423400;SUBMISSION;;HYDROGEL_PACK;XIREC;9972.0;21
423500;SUBMISSION;;HYDROGEL_PACK;XIREC;9969.0;13
423500;SUBMISSION;;HYDROGEL_PACK;XIREC;9971.0;26
423800;SUBMISSION;;HYDROGEL_PACK;XIREC;9969.0;15
423800;SUBMISSION;;HYDROGEL_PACK;XIREC;9971.0;26
423800;Mark 38;Mark 14;HYDROGEL_PACK;XIREC;9969.0;3
423800;Mark 14;Mark 22;VEV_5200;XIREC;79.0;5
423800;Mark 01;Mark 22;VEV_5300;XIREC;36.0;5
423800;Mark 01;Mark 22;VEV_5400;XIREC;10.0;5
423800;Mark 14;Mark 22;VEV_5500;XIREC;4.0;5
423800;Mark 01;Mark 22;VEV_6000;XIREC;0.0;5
423800;Mark 01;Mark 22;VEV_6500;XIREC;0.0;5
424000;SUBMISSION;;HYDROGEL_PACK;XIREC;9966.0;13
424000;SUBMISSION;;HYDROGEL_PACK;XIREC;9968.0;27
424100;SUBMISSION;;HYDROGEL_PACK;XIREC;9965.0;10
424100;SUBMISSION;;HYDROGEL_PACK;XIREC;9968.0;22
424200;SUBMISSION;;HYDROGEL_PACK;XIREC;9965.0;12
424400;Mark 38;Mark 14;VEV_4000;XIREC;1244.0;2
424600;Mark 67;Mark 22;VELVETFRUIT_EXTRACT;XIREC;5232.0;6
425300;Mark 55;Mark 14;VELVETFRUIT_EXTRACT;XIREC;5238.0;3
427400;Mark 55;Mark 14;VELVETFRUIT_EXTRACT;XIREC;5241.0;5
428400;Mark 38;Mark 14;VEV_4000;XIREC;1248.0;1
429500;Mark 38;Mark 14;HYDROGEL_PACK;XIREC;9968.0;3
430200;Mark 38;Mark 14;HYDROGEL_PACK;XIREC;9974.0;4
430700;Mark 38;Mark 14;HYDROGEL_PACK;XIREC;9976.0;4
432100;Mark 01;Mark 55;VELVETFRUIT_EXTRACT;XIREC;5233.0;8
433000;Mark 14;Mark 55;VELVETFRUIT_EXTRACT;XIREC;5238.0;4
433100;Mark 14;Mark 22;VEV_5200;XIREC;83.0;2
433100;Mark 01;Mark 22;VEV_5300;XIREC;38.0;2
433100;Mark 01;Mark 22;VEV_5400;XIREC;11.0;2
433100;Mark 01;Mark 22;VEV_5500;XIREC;4.0;2
433100;Mark 01;Mark 22;VEV_6000;XIREC;0.0;2
433100;Mark 01;Mark 22;VEV_6500;XIREC;0.0;2
433900;Mark 38;Mark 14;HYDROGEL_PACK;XIREC;9970.0;4
436100;Mark 55;Mark 01;VELVETFRUIT_EXTRACT;XIREC;5242.0;5
436200;Mark 14;Mark 38;HYDROGEL_PACK;XIREC;9968.0;2
438300;Mark 14;Mark 38;VEV_4000;XIREC;1230.0;3
438500;Mark 55;Mark 14;VELVETFRUIT_EXTRACT;XIREC;5241.0;6
438900;Mark 38;Mark 14;VEV_4000;XIREC;1249.0;3
441300;Mark 01;Mark 55;VELVETFRUIT_EXTRACT;XIREC;5235.0;5
443400;Mark 38;Mark 14;HYDROGEL_PACK;XIREC;9969.0;4
443600;Mark 14;Mark 22;VEV_5200;XIREC;82.0;4
443600;Mark 01;Mark 22;VEV_5400;XIREC;11.0;4
443600;Mark 01;Mark 22;VEV_5500;XIREC;4.0;4
443600;Mark 01;Mark 22;VEV_6000;XIREC;0.0;4
443600;Mark 01;Mark 22;VEV_6500;XIREC;0.0;4
444200;Mark 55;Mark 01;VELVETFRUIT_EXTRACT;XIREC;5244.0;6
444500;;SUBMISSION;VEV_4500;XIREC;734.0;12
444500;;SUBMISSION;VEV_4500;XIREC;732.0;17
444600;;SUBMISSION;VELVETFRUIT_EXTRACT;XIREC;5240.0;18
444600;;SUBMISSION;VELVETFRUIT_EXTRACT;XIREC;5239.0;31
444600;;SUBMISSION;VEV_4000;XIREC;1232.0;15
444600;;SUBMISSION;VEV_4000;XIREC;1229.0;20
444600;;SUBMISSION;VEV_4500;XIREC;734.0;10
444600;;SUBMISSION;VEV_4500;XIREC;732.0;22
444700;;SUBMISSION;VEV_4000;XIREC;1232.0;10
444700;;SUBMISSION;VEV_4000;XIREC;1230.0;19
444700;;SUBMISSION;VEV_4500;XIREC;735.0;12
444700;;SUBMISSION;VEV_4500;XIREC;733.0;15
444800;;SUBMISSION;VELVETFRUIT_EXTRACT;XIREC;5241.0;24
444800;;SUBMISSION;VELVETFRUIT_EXTRACT;XIREC;5240.0;26
444800;;SUBMISSION;VEV_4000;XIREC;1233.0;13
444800;;SUBMISSION;VEV_4000;XIREC;1230.0;30
444800;;SUBMISSION;VEV_4500;XIREC;735.0;10
444800;;SUBMISSION;VEV_4500;XIREC;734.0;18
444900;;SUBMISSION;VELVETFRUIT_EXTRACT;XIREC;5240.0;50
444900;;SUBMISSION;VEV_4000;XIREC;1232.0;15
444900;;SUBMISSION;VEV_4000;XIREC;1230.0;20
444900;;SUBMISSION;VEV_4500;XIREC;735.0;7
444900;;SUBMISSION;VEV_4500;XIREC;733.0;21
445000;;SUBMISSION;VELVETFRUIT_EXTRACT;XIREC;5241.0;50
445000;;SUBMISSION;VEV_4000;XIREC;1233.0;13
445000;;SUBMISSION;VEV_4000;XIREC;1231.0;30
445000;;SUBMISSION;VEV_4500;XIREC;736.0;6
445000;;SUBMISSION;VEV_4500;XIREC;734.0;18
445000;;SUBMISSION;VEV_5000;XIREC;245.0;6
445000;;SUBMISSION;VEV_5000;XIREC;244.0;18
445100;;SUBMISSION;VELVETFRUIT_EXTRACT;XIREC;5243.0;1
445100;;SUBMISSION;VEV_4000;XIREC;1235.0;15
445100;;SUBMISSION;VEV_4000;XIREC;1232.0;21
445100;;SUBMISSION;VEV_4500;XIREC;737.0;9
445100;;SUBMISSION;VEV_4500;XIREC;735.0;18
445100;;SUBMISSION;VEV_5000;XIREC;246.0;9
445100;;SUBMISSION;VEV_5000;XIREC;245.0;18
445100;;SUBMISSION;VEV_5200;XIREC;86.0;27
445100;;SUBMISSION;VEV_5300;XIREC;40.0;18
445200;;SUBMISSION;VEV_4000;XIREC;1237.0;13
445200;;SUBMISSION;VEV_4000;XIREC;1235.0;28
445200;;SUBMISSION;VEV_4500;XIREC;740.0;7
445200;;SUBMISSION;VEV_4500;XIREC;738.0;17
445200;;SUBMISSION;VEV_5000;XIREC;248.0;24
445200;;SUBMISSION;VEV_5100;XIREC;158.0;24
445200;;SUBMISSION;VEV_5200;XIREC;88.0;24
445200;;SUBMISSION;VEV_5300;XIREC;41.0;20
445300;;SUBMISSION;VEV_4000;XIREC;1237.0;8
445300;;SUBMISSION;VEV_4000;XIREC;1234.0;25
445300;;SUBMISSION;VEV_4500;XIREC;739.0;9
445300;;SUBMISSION;VEV_4500;XIREC;737.0;15
445300;;SUBMISSION;VEV_5000;XIREC;248.0;9
445300;;SUBMISSION;VEV_5000;XIREC;247.0;15
445300;;SUBMISSION;VEV_5100;XIREC;158.0;9
445300;;SUBMISSION;VEV_5100;XIREC;157.0;15
445300;;SUBMISSION;VEV_5200;XIREC;87.0;24
445300;;SUBMISSION;VEV_5300;XIREC;41.0;8
445300;;SUBMISSION;VEV_5300;XIREC;40.0;12
445300;Mark 38;Mark 14;HYDROGEL_PACK;XIREC;9974.0;2
445400;;SUBMISSION;VEV_4000;XIREC;1237.0;5
445400;;SUBMISSION;VEV_4500;XIREC;739.0;12
445400;;SUBMISSION;VEV_4500;XIREC;737.0;21
445400;;SUBMISSION;VEV_5000;XIREC;248.0;12
445400;;SUBMISSION;VEV_5000;XIREC;247.0;21
445400;;SUBMISSION;VEV_5100;XIREC;157.0;33
445400;;SUBMISSION;VEV_5200;XIREC;87.0;33
445400;;SUBMISSION;VEV_5300;XIREC;40.0;29
445500;;SUBMISSION;VEV_4500;XIREC;740.0;9
445500;;SUBMISSION;VEV_4500;XIREC;738.0;12
445500;;SUBMISSION;VEV_5000;XIREC;249.0;9
445500;;SUBMISSION;VEV_5000;XIREC;248.0;12
445500;;SUBMISSION;VEV_5100;XIREC;158.0;21
445500;;SUBMISSION;VEV_5200;XIREC;88.0;21
445500;;SUBMISSION;VEV_5300;XIREC;41.0;25
445600;;SUBMISSION;VEV_4500;XIREC;741.0;3
445600;;SUBMISSION;VEV_5000;XIREC;249.0;25
445600;;SUBMISSION;VEV_5100;XIREC;159.0;25
445600;;SUBMISSION;VEV_5200;XIREC;89.0;8
445600;;SUBMISSION;VEV_5200;XIREC;88.0;17
445600;;SUBMISSION;VEV_5300;XIREC;41.0;20
445700;;SUBMISSION;VEV_5000;XIREC;250.0;9
445700;;SUBMISSION;VEV_5000;XIREC;249.0;15
445700;;SUBMISSION;VEV_5100;XIREC;159.0;24
445700;;SUBMISSION;VEV_5200;XIREC;89.0;24
445700;;SUBMISSION;VEV_5300;XIREC;41.0;29
445800;;SUBMISSION;VEV_5000;XIREC;250.0;30
445800;;SUBMISSION;VEV_5100;XIREC;160.0;11
445800;;SUBMISSION;VEV_5100;XIREC;159.0;19
445800;;SUBMISSION;VEV_5200;XIREC;89.0;30
445800;;SUBMISSION;VEV_5300;XIREC;41.0;22
445900;;SUBMISSION;VEV_5000;XIREC;250.0;29
445900;;SUBMISSION;VEV_5100;XIREC;160.0;12
445900;;SUBMISSION;VEV_5100;XIREC;159.0;17
445900;;SUBMISSION;VEV_5200;XIREC;89.0;29
445900;;SUBMISSION;VEV_5300;XIREC;42.0;9
445900;;SUBMISSION;VEV_5300;XIREC;41.0;10
446000;;SUBMISSION;VEV_5000;XIREC;249.0;10
446000;;SUBMISSION;VEV_5000;XIREC;248.0;20
446000;;SUBMISSION;VEV_5100;XIREC;158.0;30
446000;;SUBMISSION;VEV_5200;XIREC;88.0;30
446000;;SUBMISSION;VEV_5300;XIREC;41.0;19
446100;;SUBMISSION;VEV_5000;XIREC;249.0;9
446100;;SUBMISSION;VEV_5100;XIREC;159.0;12
446100;;SUBMISSION;VEV_5100;XIREC;158.0;16
446100;;SUBMISSION;VEV_5200;XIREC;88.0;28
446100;;SUBMISSION;VEV_5300;XIREC;41.0;20
446200;;SUBMISSION;VEV_5100;XIREC;159.0;28
446200;;SUBMISSION;VEV_5200;XIREC;89.0;5
446200;;SUBMISSION;VEV_5300;XIREC;41.0;22
446300;;SUBMISSION;VEV_5100;XIREC;160.0;4
446300;;SUBMISSION;VEV_5300;XIREC;42.0;23
446400;;SUBMISSION;VEV_5300;XIREC;42.0;14
448600;Mark 55;Mark 01;VELVETFRUIT_EXTRACT;XIREC;5252.0;7
448900;Mark 67;Mark 49;VELVETFRUIT_EXTRACT;XIREC;5247.0;9
449000;;SUBMISSION;HYDROGEL_PACK;XIREC;9979.0;11
449000;;SUBMISSION;HYDROGEL_PACK;XIREC;9977.0;30
449000;Mark 14;Mark 38;HYDROGEL_PACK;XIREC;9979.0;6
449100;;SUBMISSION;HYDROGEL_PACK;XIREC;9980.0;10
449100;;SUBMISSION;HYDROGEL_PACK;XIREC;9978.0;27
449200;;SUBMISSION;HYDROGEL_PACK;XIREC;9980.0;11
449200;;SUBMISSION;HYDROGEL_PACK;XIREC;9978.0;28
449300;;SUBMISSION;HYDROGEL_PACK;XIREC;9984.0;11
449300;;SUBMISSION;HYDROGEL_PACK;XIREC;9982.0;20
449400;;SUBMISSION;HYDROGEL_PACK;XIREC;9987.0;10
449400;;SUBMISSION;HYDROGEL_PACK;XIREC;9985.0;27
449500;;SUBMISSION;HYDROGEL_PACK;XIREC;9987.0;14
449500;;SUBMISSION;HYDROGEL_PACK;XIREC;9985.0;1
449500;Mark 14;Mark 38;VEV_4000;XIREC;1238.0;2
450900;Mark 38;Mark 14;HYDROGEL_PACK;XIREC;9988.0;6
452000;Mark 14;Mark 38;HYDROGEL_PACK;XIREC;9965.0;3
452800;Mark 38;Mark 14;HYDROGEL_PACK;XIREC;9974.0;4
453000;Mark 55;Mark 14;VELVETFRUIT_EXTRACT;XIREC;5240.0;3
453800;Mark 14;Mark 55;VELVETFRUIT_EXTRACT;XIREC;5237.0;7
454200;SUBMISSION;;HYDROGEL_PACK;XIREC;9969.0;12
454200;SUBMISSION;;HYDROGEL_PACK;XIREC;9972.0;22
454300;SUBMISSION;;HYDROGEL_PACK;XIREC;9968.0;13
454300;SUBMISSION;;HYDROGEL_PACK;XIREC;9971.0;26
454400;SUBMISSION;;HYDROGEL_PACK;XIREC;9965.0;10
454400;SUBMISSION;;HYDROGEL_PACK;XIREC;9968.0;20
454500;SUBMISSION;;HYDROGEL_PACK;XIREC;9963.0;14
454500;SUBMISSION;;HYDROGEL_PACK;XIREC;9966.0;23
454600;SUBMISSION;;HYDROGEL_PACK;XIREC;9963.0;14
454600;SUBMISSION;;HYDROGEL_PACK;XIREC;9965.0;22
454700;SUBMISSION;;HYDROGEL_PACK;XIREC;9966.0;15
454700;SUBMISSION;;HYDROGEL_PACK;XIREC;9968.0;9
454700;Mark 38;Mark 14;VEV_4000;XIREC;1247.0;1
456200;Mark 14;Mark 22;VEV_5200;XIREC;82.0;2
456200;Mark 01;Mark 22;VEV_5400;XIREC;11.0;2
456200;Mark 01;Mark 22;VEV_5500;XIREC;4.0;2
456200;Mark 01;Mark 22;VEV_6000;XIREC;0.0;2
456200;Mark 01;Mark 22;VEV_6500;XIREC;0.0;2
457600;Mark 55;Mark 14;VELVETFRUIT_EXTRACT;XIREC;5242.0;3
460100;Mark 14;Mark 55;VELVETFRUIT_EXTRACT;XIREC;5235.0;4
461200;Mark 14;Mark 22;VEV_5300;XIREC;37.0;3
461200;Mark 01;Mark 22;VEV_5400;XIREC;10.0;3
461200;Mark 01;Mark 22;VEV_5500;XIREC;3.0;3
461200;Mark 01;Mark 22;VEV_6000;XIREC;0.0;3
461200;Mark 01;Mark 22;VEV_6500;XIREC;0.0;3
462400;;SUBMISSION;HYDROGEL_PACK;XIREC;9982.0;6
462400;;SUBMISSION;HYDROGEL_PACK;XIREC;9974.0;13
462400;;SUBMISSION;HYDROGEL_PACK;XIREC;9972.0;22
463000;;SUBMISSION;HYDROGEL_PACK;XIREC;9977.0;11
463000;;SUBMISSION;HYDROGEL_PACK;XIREC;9974.0;27
463100;;SUBMISSION;HYDROGEL_PACK;XIREC;9979.0;11
463100;;SUBMISSION;HYDROGEL_PACK;XIREC;9976.0;28
463200;;SUBMISSION;HYDROGEL_PACK;XIREC;9981.0;14
463200;;SUBMISSION;HYDROGEL_PACK;XIREC;9979.0;23
463300;;SUBMISSION;HYDROGEL_PACK;XIREC;9981.0;12
463300;;SUBMISSION;HYDROGEL_PACK;XIREC;9979.0;22
463400;;SUBMISSION;HYDROGEL_PACK;XIREC;9984.0;11
463600;Mark 67;Mark 49;VELVETFRUIT_EXTRACT;XIREC;5238.0;11
464700;Mark 67;Mark 22;VELVETFRUIT_EXTRACT;XIREC;5238.0;5
466000;Mark 01;Mark 55;VELVETFRUIT_EXTRACT;XIREC;5234.0;3
466400;Mark 67;Mark 49;VELVETFRUIT_EXTRACT;XIREC;5233.0;14
467700;SUBMISSION;;VEV_5100;XIREC;149.0;11
467700;SUBMISSION;;VEV_5100;XIREC;150.0;23
468600;Mark 55;Mark 01;VELVETFRUIT_EXTRACT;XIREC;5239.0;4
472900;Mark 55;Mark 14;VELVETFRUIT_EXTRACT;XIREC;5238.0;6
473000;Mark 55;Mark 01;VELVETFRUIT_EXTRACT;XIREC;5238.0;4
473800;Mark 55;Mark 14;VELVETFRUIT_EXTRACT;XIREC;5239.0;3
474000;Mark 55;Mark 01;VELVETFRUIT_EXTRACT;XIREC;5238.0;5
476800;;SUBMISSION;VEV_5100;XIREC;157.0;8
476800;;SUBMISSION;VEV_5100;XIREC;156.0;13
476900;;SUBMISSION;VEV_5100;XIREC;156.0;13
477300;Mark 01;Mark 55;VELVETFRUIT_EXTRACT;XIREC;5244.0;8
478900;Mark 38;Mark 14;HYDROGEL_PACK;XIREC;9997.0;3
480500;Mark 14;Mark 55;VELVETFRUIT_EXTRACT;XIREC;5240.0;3
480900;Mark 14;Mark 38;HYDROGEL_PACK;XIREC;9994.0;2
481400;Mark 14;Mark 38;HYDROGEL_PACK;XIREC;9996.0;2
482400;Mark 38;Mark 14;HYDROGEL_PACK;XIREC;10013.0;3
483400;Mark 55;Mark 01;VELVETFRUIT_EXTRACT;XIREC;5249.0;3
483400;Mark 14;Mark 22;VEV_5300;XIREC;40.0;5
483400;Mark 01;Mark 22;VEV_5400;XIREC;12.0;5
483400;Mark 01;Mark 22;VEV_5500;XIREC;4.0;5
483400;Mark 01;Mark 22;VEV_6000;XIREC;0.0;5
483400;Mark 01;Mark 22;VEV_6500;XIREC;0.0;5
486000;Mark 01;Mark 55;VELVETFRUIT_EXTRACT;XIREC;5237.0;5
486200;Mark 55;Mark 01;VELVETFRUIT_EXTRACT;XIREC;5242.0;8
486700;Mark 14;Mark 55;VELVETFRUIT_EXTRACT;XIREC;5236.0;8
488200;Mark 14;Mark 38;HYDROGEL_PACK;XIREC;9994.0;2
488600;Mark 38;Mark 14;VEV_4000;XIREC;1247.0;2
488700;Mark 14;Mark 38;HYDROGEL_PACK;XIREC;9985.0;5
490600;Mark 38;Mark 14;VEV_4000;XIREC;1251.0;2
492000;Mark 14;Mark 55;VELVETFRUIT_EXTRACT;XIREC;5241.0;5
493000;Mark 67;Mark 49;VELVETFRUIT_EXTRACT;XIREC;5240.0;12
493500;Mark 01;Mark 55;VELVETFRUIT_EXTRACT;XIREC;5239.0;6
493800;Mark 38;Mark 14;HYDROGEL_PACK;XIREC;10020.0;6
494300;Mark 55;Mark 01;VELVETFRUIT_EXTRACT;XIREC;5244.0;6
495100;Mark 55;Mark 01;VELVETFRUIT_EXTRACT;XIREC;5247.0;8
495700;Mark 14;Mark 38;HYDROGEL_PACK;XIREC;9985.0;3
495700;Mark 01;Mark 22;VEV_5400;XIREC;11.0;5
495700;Mark 01;Mark 22;VEV_5500;XIREC;4.0;5
495700;Mark 01;Mark 22;VEV_6000;XIREC;0.0;5
495700;Mark 01;Mark 22;VEV_6500;XIREC;0.0;5
498100;Mark 01;Mark 55;VELVETFRUIT_EXTRACT;XIREC;5242.0;8
498500;Mark 14;Mark 38;HYDROGEL_PACK;XIREC;9977.0;4
499900;Mark 38;Mark 14;VEV_4000;XIREC;1256.0;3
500000;Mark 55;Mark 14;VELVETFRUIT_EXTRACT;XIREC;5248.0;3
500600;Mark 14;Mark 38;HYDROGEL_PACK;XIREC;9976.0;5
501300;Mark 55;Mark 01;VELVETFRUIT_EXTRACT;XIREC;5247.0;7
501600;Mark 14;Mark 38;HYDROGEL_PACK;XIREC;9976.0;4
501900;Mark 01;Mark 22;VEV_5300;XIREC;38.0;3
501900;Mark 01;Mark 22;VEV_5400;XIREC;11.0;3
501900;Mark 01;Mark 22;VEV_5500;XIREC;4.0;3
501900;Mark 01;Mark 22;VEV_6000;XIREC;0.0;3
501900;Mark 01;Mark 22;VEV_6500;XIREC;0.0;3
503600;Mark 14;Mark 38;HYDROGEL_PACK;XIREC;9975.0;2
505100;Mark 01;Mark 55;VELVETFRUIT_EXTRACT;XIREC;5232.0;7
508800;Mark 01;Mark 22;VEV_5400;XIREC;10.0;5
508800;Mark 01;Mark 22;VEV_5500;XIREC;3.0;5
508800;Mark 01;Mark 22;VEV_6000;XIREC;0.0;5
508800;Mark 01;Mark 22;VEV_6500;XIREC;0.0;5
511000;Mark 14;Mark 38;HYDROGEL_PACK;XIREC;9989.0;6
512800;Mark 14;Mark 38;HYDROGEL_PACK;XIREC;9982.0;4
513600;Mark 55;Mark 14;VELVETFRUIT_EXTRACT;XIREC;5244.0;5
516500;Mark 14;Mark 38;HYDROGEL_PACK;XIREC;9977.0;5
519600;Mark 14;Mark 22;VEV_5200;XIREC;87.0;5
519600;Mark 01;Mark 22;VEV_5300;XIREC;40.0;5
519600;Mark 01;Mark 22;VEV_5400;XIREC;12.0;5
519600;Mark 01;Mark 22;VEV_5500;XIREC;4.0;5
519600;Mark 01;Mark 22;VEV_6000;XIREC;0.0;5
519600;Mark 01;Mark 22;VEV_6500;XIREC;0.0;5
519800;Mark 38;Mark 14;HYDROGEL_PACK;XIREC;9982.0;6
519800;Mark 01;Mark 55;VELVETFRUIT_EXTRACT;XIREC;5243.0;5
521000;Mark 38;Mark 14;VEV_4000;XIREC;1257.0;1
521700;Mark 67;Mark 22;VELVETFRUIT_EXTRACT;XIREC;5244.0;8
524600;Mark 14;Mark 38;HYDROGEL_PACK;XIREC;9969.0;5
526300;Mark 14;Mark 38;HYDROGEL_PACK;XIREC;9966.0;3
527200;Mark 14;Mark 55;VELVETFRUIT_EXTRACT;XIREC;5244.0;7
527300;Mark 55;Mark 14;VELVETFRUIT_EXTRACT;XIREC;5248.0;5
529800;Mark 55;Mark 14;VELVETFRUIT_EXTRACT;XIREC;5249.0;3
530600;Mark 67;Mark 22;VELVETFRUIT_EXTRACT;XIREC;5246.0;5
530900;Mark 14;Mark 38;HYDROGEL_PACK;XIREC;9988.0;3
533300;Mark 55;Mark 22;VELVETFRUIT_EXTRACT;XIREC;5243.0;3
534700;Mark 14;Mark 38;HYDROGEL_PACK;XIREC;9958.0;3
534900;Mark 38;Mark 14;HYDROGEL_PACK;XIREC;9976.0;3
535100;Mark 14;Mark 38;HYDROGEL_PACK;XIREC;9961.0;2
536500;Mark 38;Mark 14;VEV_4000;XIREC;1252.0;2
538700;Mark 55;Mark 14;VELVETFRUIT_EXTRACT;XIREC;5247.0;5
540500;Mark 38;Mark 14;HYDROGEL_PACK;XIREC;9982.0;2
540600;Mark 38;Mark 14;HYDROGEL_PACK;XIREC;9980.0;2
541400;Mark 55;Mark 14;VELVETFRUIT_EXTRACT;XIREC;5243.0;8
543800;Mark 38;Mark 14;HYDROGEL_PACK;XIREC;9975.0;6
543900;Mark 14;Mark 38;VEV_4000;XIREC;1231.0;1
544400;Mark 38;Mark 14;HYDROGEL_PACK;XIREC;9976.0;6
544700;Mark 55;Mark 01;VELVETFRUIT_EXTRACT;XIREC;5243.0;8
545400;Mark 55;Mark 14;VELVETFRUIT_EXTRACT;XIREC;5240.0;7
545900;Mark 55;Mark 14;VELVETFRUIT_EXTRACT;XIREC;5238.0;5
547000;Mark 14;Mark 38;HYDROGEL_PACK;XIREC;9969.0;6
547100;Mark 67;Mark 49;VELVETFRUIT_EXTRACT;XIREC;5237.0;13
548000;Mark 01;Mark 55;VELVETFRUIT_EXTRACT;XIREC;5235.0;5
548500;Mark 14;Mark 38;HYDROGEL_PACK;XIREC;9963.0;6
548600;Mark 01;Mark 22;VEV_5300;XIREC;36.0;2
548600;Mark 01;Mark 22;VEV_6000;XIREC;0.0;2
548600;Mark 01;Mark 22;VEV_6500;XIREC;0.0;2
548900;Mark 55;Mark 01;VELVETFRUIT_EXTRACT;XIREC;5240.0;7
550200;SUBMISSION;;VEV_5100;XIREC;149.0;26
550300;SUBMISSION;;VEV_5100;XIREC;149.0;23
551000;SUBMISSION;;HYDROGEL_PACK;XIREC;9969.0;15
551000;SUBMISSION;;HYDROGEL_PACK;XIREC;9972.0;28
551100;SUBMISSION;;HYDROGEL_PACK;XIREC;9968.0;15
551100;SUBMISSION;;HYDROGEL_PACK;XIREC;9970.0;26
551300;SUBMISSION;;HYDROGEL_PACK;XIREC;9969.0;13
551300;SUBMISSION;;HYDROGEL_PACK;XIREC;9972.0;25
551500;SUBMISSION;;HYDROGEL_PACK;XIREC;9966.0;12
551500;SUBMISSION;;HYDROGEL_PACK;XIREC;9968.0;25
551500;Mark 01;Mark 55;VELVETFRUIT_EXTRACT;XIREC;5238.0;6
551600;SUBMISSION;;HYDROGEL_PACK;XIREC;9965.0;14
551600;SUBMISSION;;HYDROGEL_PACK;XIREC;9968.0;27
553400;Mark 38;Mark 14;HYDROGEL_PACK;XIREC;9968.0;2
554600;Mark 14;Mark 55;VELVETFRUIT_EXTRACT;XIREC;5240.0;7
554600;Mark 14;Mark 22;VEV_5300;XIREC;38.0;5
554600;Mark 01;Mark 22;VEV_5400;XIREC;11.0;5
554600;Mark 01;Mark 22;VEV_5500;XIREC;4.0;5
554600;Mark 01;Mark 22;VEV_6000;XIREC;0.0;5
554600;Mark 01;Mark 22;VEV_6500;XIREC;0.0;5
555000;Mark 55;Mark 01;VELVETFRUIT_EXTRACT;XIREC;5246.0;3
555700;Mark 14;Mark 55;VELVETFRUIT_EXTRACT;XIREC;5239.0;7
555700;Mark 01;Mark 22;VEV_5400;XIREC;11.0;3
555700;Mark 01;Mark 22;VEV_5500;XIREC;4.0;3
555700;Mark 01;Mark 22;VEV_6000;XIREC;0.0;3
555700;Mark 01;Mark 22;VEV_6500;XIREC;0.0;3
556000;Mark 38;Mark 14;HYDROGEL_PACK;XIREC;9976.0;5
556100;Mark 38;Mark 14;HYDROGEL_PACK;XIREC;9976.0;5
556700;Mark 14;Mark 55;VELVETFRUIT_EXTRACT;XIREC;5238.0;8
558800;Mark 55;Mark 14;VELVETFRUIT_EXTRACT;XIREC;5241.0;8
558900;Mark 55;Mark 14;VELVETFRUIT_EXTRACT;XIREC;5241.0;7
559700;;SUBMISSION;HYDROGEL_PACK;XIREC;9977.0;12
559700;;SUBMISSION;HYDROGEL_PACK;XIREC;9974.0;25
560100;;SUBMISSION;HYDROGEL_PACK;XIREC;9979.0;11
560100;;SUBMISSION;HYDROGEL_PACK;XIREC;9977.0;29
560200;;SUBMISSION;HYDROGEL_PACK;XIREC;9979.0;15
560200;;SUBMISSION;HYDROGEL_PACK;XIREC;9976.0;24
560300;;SUBMISSION;HYDROGEL_PACK;XIREC;9981.0;11
560300;;SUBMISSION;HYDROGEL_PACK;XIREC;9978.0;22
560400;;SUBMISSION;HYDROGEL_PACK;XIREC;9979.0;10
560400;;SUBMISSION;HYDROGEL_PACK;XIREC;9977.0;22
560500;;SUBMISSION;HYDROGEL_PACK;XIREC;9979.0;12
