timestamp;buyer;seller;symbol;currency;price;quantity
0;SUBMISSION;;VELVETFRUIT_EXTRACT;SEASHELLS;5248;50
0;SUBMISSION;;VEV_5200;SEASHELLS;97;15
0;SUBMISSION;;VEV_5300;SEASHELLS;48;15
0;SUBMISSION;;VEV_5400;SEASHELLS;17;15
0;SUBMISSION;;VEV_5500;SEASHELLS;8;15
100;SUBMISSION;;VELVETFRUIT_EXTRACT;SEASHELLS;5248;20
100;SUBMISSION;;VEV_5100;SEASHELLS;168;15
100;SUBMISSION;;VEV_5200;SEASHELLS;98;15
100;SUBMISSION;;VEV_5300;SEASHELLS;48;15
100;SUBMISSION;;VEV_5400;SEASHELLS;17;15
100;SUBMISSION;;VEV_5500;SEASHELLS;8;15
200;SUBMISSION;;VELVETFRUIT_EXTRACT;SEASHELLS;5249;30
200;SUBMISSION;;VEV_5200;SEASHELLS;98;30
200;SUBMISSION;;VEV_5500;SEASHELLS;8;15
300;;SUBMISSION;VEV_4000;SEASHELLS;1237;15
300;SUBMISSION;;VEV_5200;SEASHELLS;99;15
300;SUBMISSION;;VEV_5500;SEASHELLS;8;15
400;SUBMISSION;;VEV_5200;SEASHELLS;99;30
400;SUBMISSION;;VEV_5500;SEASHELLS;8;15
500;;SUBMISSION;HYDROGEL_PACK;SEASHELLS;9955;10
500;SUBMISSION;;VEV_5100;SEASHELLS;169;15
500;SUBMISSION;;VEV_5500;SEASHELLS;8;15
600;;SUBMISSION;HYDROGEL_PACK;SEASHELLS;9956;10
600;SUBMISSION;;VELVETFRUIT_EXTRACT;SEASHELLS;5246;10
600;SUBMISSION;;VEV_5100;SEASHELLS;169;15
600;SUBMISSION;;VEV_5500;SEASHELLS;8;15
700;;SUBMISSION;HYDROGEL_PACK;SEASHELLS;9956;10
700;SUBMISSION;;VELVETFRUIT_EXTRACT;SEASHELLS;5248;50
700;SUBMISSION;;VEV_5100;SEASHELLS;168;15
700;SUBMISSION;;VEV_5300;SEASHELLS;48;15
700;SUBMISSION;;VEV_5400;SEASHELLS;17;15
700;SUBMISSION;;VEV_5500;SEASHELLS;8;15
800;SUBMISSION;;VELVETFRUIT_EXTRACT;SEASHELLS;5248;20
800;SUBMISSION;;VEV_5100;SEASHELLS;168;15
800;SUBMISSION;;VEV_5300;SEASHELLS;48;15
800;SUBMISSION;;VEV_5400;SEASHELLS;17;15
800;SUBMISSION;;VEV_5500;SEASHELLS;8;15
900;SUBMISSION;;VELVETFRUIT_EXTRACT;SEASHELLS;5248;20
900;SUBMISSION;;VEV_5100;SEASHELLS;168;15
900;SUBMISSION;;VEV_5300;SEASHELLS;48;15
900;SUBMISSION;;VEV_5400;SEASHELLS;17;15
900;SUBMISSION;;VEV_5500;SEASHELLS;8;15
1000;SUBMISSION;;VEV_5100;SEASHELLS;169;30
1000;SUBMISSION;;VEV_5500;SEASHELLS;8;15
1100;SUBMISSION;;VEV_5100;SEASHELLS;169;15
1100;SUBMISSION;;VEV_5500;SEASHELLS;8;15
1200;SUBMISSION;;VEV_5500;SEASHELLS;8;15
1300;;SUBMISSION;VEV_5000;SEASHELLS;252;15
1400;;SUBMISSION;VEV_5200;SEASHELLS;98;30
1400;;SUBMISSION;VEV_5300;SEASHELLS;48;15
1500;;SUBMISSION;HYDROGEL_PACK;SEASHELLS;9957;10
1500;;SUBMISSION;VEV_5200;SEASHELLS;98;15
1600;;SUBMISSION;HYDROGEL_PACK;SEASHELLS;9957;10
1600;;SUBMISSION;VEV_4000;SEASHELLS;1240;15
1700;;SUBMISSION;HYDROGEL_PACK;SEASHELLS;9958;10
1700;;SUBMISSION;VELVETFRUIT_EXTRACT;SEASHELLS;5249;20
1700;;SUBMISSION;VEV_5000;SEASHELLS;254;30
1700;;SUBMISSION;VEV_5100;SEASHELLS;168;30
1700;;SUBMISSION;VEV_5200;SEASHELLS;98;30
1700;;SUBMISSION;VEV_5300;SEASHELLS;48;15
1700;;SUBMISSION;VEV_5500;SEASHELLS;8;15
1800;;SUBMISSION;HYDROGEL_PACK;SEASHELLS;9957;10
1800;;SUBMISSION;VEV_5100;SEASHELLS;167;30
1900;;SUBMISSION;VEV_4000;SEASHELLS;1240;15
1900;;SUBMISSION;VEV_5100;SEASHELLS;167;15
2000;;SUBMISSION;HYDROGEL_PACK;SEASHELLS;9955;10
2200;SUBMISSION;;VELVETFRUIT_EXTRACT;SEASHELLS;5251;20
2300;;SUBMISSION;VEV_5000;SEASHELLS;252;15
2500;;SUBMISSION;VELVETFRUIT_EXTRACT;SEASHELLS;5249;20
2500;;SUBMISSION;VEV_5100;SEASHELLS;168;15
2500;;SUBMISSION;VEV_5200;SEASHELLS;98;15
2500;;SUBMISSION;VEV_5400;SEASHELLS;17;15
2500;;SUBMISSION;VEV_5500;SEASHELLS;8;15
2700;SUBMISSION;;VELVETFRUIT_EXTRACT;SEASHELLS;5251;10
2800;SUBMISSION;;VELVETFRUIT_EXTRACT;SEASHELLS;5251;10
2800;SUBMISSION;;VEV_5500;SEASHELLS;8;15
3100;;SUBMISSION;VEV_5100;SEASHELLS;168;30
3100;;SUBMISSION;VEV_5200;SEASHELLS;98;30
3100;;SUBMISSION;VEV_5300;SEASHELLS;48;15
3100;;SUBMISSION;VEV_5400;SEASHELLS;17;15
3100;;SUBMISSION;VEV_5500;SEASHELLS;8;15
3200;;SUBMISSION;VEV_5100;SEASHELLS;169;15
3200;;SUBMISSION;VEV_5200;SEASHELLS;99;15
3200;;SUBMISSION;VEV_5300;SEASHELLS;49;15
3200;;SUBMISSION;VEV_5400;SEASHELLS;17;15
3200;;SUBMISSION;VEV_5500;SEASHELLS;8;15
3300;;SUBMISSION;VELVETFRUIT_EXTRACT;SEASHELLS;5251;60
3300;;SUBMISSION;VEV_5100;SEASHELLS;170;15
3300;;SUBMISSION;VEV_5300;SEASHELLS;49;15
3300;;SUBMISSION;VEV_5400;SEASHELLS;18;15
3300;;SUBMISSION;VEV_5500;SEASHELLS;8;15
3400;;SUBMISSION;VELVETFRUIT_EXTRACT;SEASHELLS;5251;60
3400;;SUBMISSION;VEV_5000;SEASHELLS;256;15
3400;;SUBMISSION;VEV_5300;SEASHELLS;49;15
3400;;SUBMISSION;VEV_5500;SEASHELLS;8;15
3500;;SUBMISSION;HYDROGEL_PACK;SEASHELLS;9956;10
3500;;SUBMISSION;VELVETFRUIT_EXTRACT;SEASHELLS;5251;60
3500;;SUBMISSION;VEV_5000;SEASHELLS;256;15
3500;;SUBMISSION;VEV_5300;SEASHELLS;49;15
3500;;SUBMISSION;VEV_5400;SEASHELLS;18;15
3500;;SUBMISSION;VEV_5500;SEASHELLS;8;15
3600;;SUBMISSION;VELVETFRUIT_EXTRACT;SEASHELLS;5251;10
3600;;SUBMISSION;VEV_5100;SEASHELLS;169;15
3600;;SUBMISSION;VEV_5200;SEASHELLS;99;15
3600;;SUBMISSION;VEV_5300;SEASHELLS;49;15
3600;;SUBMISSION;VEV_5400;SEASHELLS;17;15
3600;;SUBMISSION;VEV_5500;SEASHELLS;8;15
3700;;SUBMISSION;HYDROGEL_PACK;SEASHELLS;9957;10
3700;;SUBMISSION;VEV_5100;SEASHELLS;168;15
3700;;SUBMISSION;VEV_5200;SEASHELLS;98;15
3700;;SUBMISSION;VEV_5300;SEASHELLS;48;15
3700;;SUBMISSION;VEV_5400;SEASHELLS;17;15
3700;;SUBMISSION;VEV_5500;SEASHELLS;8;15
3800;;SUBMISSION;HYDROGEL_PACK;SEASHELLS;9956;10
3800;;SUBMISSION;VEV_5000;SEASHELLS;254;15
3800;;SUBMISSION;VEV_5100;SEASHELLS;168;15
3800;;SUBMISSION;VEV_5200;SEASHELLS;98;15
3800;;SUBMISSION;VEV_5300;SEASHELLS;48;15
3800;;SUBMISSION;VEV_5400;SEASHELLS;17;15
3800;;SUBMISSION;VEV_5500;SEASHELLS;8;15
3900;;SUBMISSION;HYDROGEL_PACK;SEASHELLS;9957;10
3900;;SUBMISSION;VEV_5100;SEASHELLS;168;15
3900;;SUBMISSION;VEV_5200;SEASHELLS;98;15
3900;;SUBMISSION;VEV_5300;SEASHELLS;48;15
3900;;SUBMISSION;VEV_5400;SEASHELLS;17;15
3900;;SUBMISSION;VEV_5500;SEASHELLS;8;15
4000;;SUBMISSION;HYDROGEL_PACK;SEASHELLS;9958;10
4000;;SUBMISSION;VEV_4000;SEASHELLS;1242;15
4000;;SUBMISSION;VEV_5400;SEASHELLS;17;15
4000;;SUBMISSION;VEV_5500;SEASHELLS;8;15
4100;;SUBMISSION;HYDROGEL_PACK;SEASHELLS;9958;10
4100;;SUBMISSION;VEV_5100;SEASHELLS;168;15
4100;;SUBMISSION;VEV_5300;SEASHELLS;48;15
4100;;SUBMISSION;VEV_5400;SEASHELLS;17;15
4100;;SUBMISSION;VEV_5500;SEASHELLS;8;15
4200;;SUBMISSION;HYDROGEL_PACK;SEASHELLS;9957;10
4200;;SUBMISSION;VEV_5000;SEASHELLS;255;30
4200;;SUBMISSION;VEV_5200;SEASHELLS;99;30
4200;;SUBMISSION;VEV_5400;SEASHELLS;17;15
4200;;SUBMISSION;VEV_5500;SEASHELLS;8;15
4300;;SUBMISSION;VEV_5400;SEASHELLS;17;15
4300;;SUBMISSION;VEV_5500;SEASHELLS;8;15
4400;;SUBMISSION;VELVETFRUIT_EXTRACT;SEASHELLS;5252;50
4400;;SUBMISSION;VEV_5000;SEASHELLS;257;30
4400;;SUBMISSION;VEV_5200;SEASHELLS;100;30
4400;;SUBMISSION;VEV_5400;SEASHELLS;18;30
4400;;SUBMISSION;VEV_5500;SEASHELLS;8;30
4500;;SUBMISSION;HYDROGEL_PACK;SEASHELLS;9956;10
4500;;SUBMISSION;VELVETFRUIT_EXTRACT;SEASHELLS;5252;10
4500;;SUBMISSION;VEV_5100;SEASHELLS;170;15
4500;;SUBMISSION;VEV_5200;SEASHELLS;100;15
4500;;SUBMISSION;VEV_5300;SEASHELLS;49;15
4500;;SUBMISSION;VEV_5400;SEASHELLS;18;15
4500;;SUBMISSION;VEV_5500;SEASHELLS;8;15
4600;;SUBMISSION;HYDROGEL_PACK;SEASHELLS;9956;10
4600;;SUBMISSION;VELVETFRUIT_EXTRACT;SEASHELLS;5251;50
4600;;SUBMISSION;VEV_5000;SEASHELLS;256;15
4600;;SUBMISSION;VEV_5100;SEASHELLS;170;15
4600;;SUBMISSION;VEV_5300;SEASHELLS;49;15
4600;;SUBMISSION;VEV_5400;SEASHELLS;18;15
4600;;SUBMISSION;VEV_5500;SEASHELLS;8;15
4700;;SUBMISSION;HYDROGEL_PACK;SEASHELLS;9957;10
4700;;SUBMISSION;VEV_5100;SEASHELLS;169;15
4700;;SUBMISSION;VEV_5200;SEASHELLS;99;15
4700;;SUBMISSION;VEV_5300;SEASHELLS;49;15
4700;;SUBMISSION;VEV_5500;SEASHELLS;8;15
4800;;SUBMISSION;HYDROGEL_PACK;SEASHELLS;9957;10
4800;;SUBMISSION;VEV_5100;SEASHELLS;168;30
4800;;SUBMISSION;VEV_5200;SEASHELLS;98;30
4800;;SUBMISSION;VEV_5500;SEASHELLS;8;15
4900;;SUBMISSION;HYDROGEL_PACK;SEASHELLS;9956;10
4900;;SUBMISSION;VEV_5300;SEASHELLS;48;15
4900;;SUBMISSION;VEV_5500;SEASHELLS;8;15
5000;;SUBMISSION;VEV_4000;SEASHELLS;1241;15
5000;;SUBMISSION;VEV_5100;SEASHELLS;168;15
5000;;SUBMISSION;VEV_5200;SEASHELLS;98;15
5000;;SUBMISSION;VEV_5500;SEASHELLS;8;15
5100;;SUBMISSION;VEV_5100;SEASHELLS;168;15
5100;;SUBMISSION;VEV_5500;SEASHELLS;8;15
5200;;SUBMISSION;VEV_5200;SEASHELLS;99;15
5200;;SUBMISSION;VEV_5300;SEASHELLS;49;15
5200;;SUBMISSION;VEV_5400;SEASHELLS;18;15
5200;;SUBMISSION;VEV_5500;SEASHELLS;8;15
5300;;SUBMISSION;VELVETFRUIT_EXTRACT;SEASHELLS;5251;50
5300;;SUBMISSION;VEV_5000;SEASHELLS;256;15
5300;;SUBMISSION;VEV_5300;SEASHELLS;49;15
5300;;SUBMISSION;VEV_5400;SEASHELLS;18;15
5300;;SUBMISSION;VEV_5500;SEASHELLS;8;15
5400;;SUBMISSION;VELVETFRUIT_EXTRACT;SEASHELLS;5253;20
5400;;SUBMISSION;VEV_4000;SEASHELLS;1245;15
5400;;SUBMISSION;VEV_5100;SEASHELLS;171;15
5400;;SUBMISSION;VEV_5200;SEASHELLS;100;15
5400;;SUBMISSION;VEV_5400;SEASHELLS;18;15
5400;;SUBMISSION;VEV_5500;SEASHELLS;8;15
5500;;SUBMISSION;VELVETFRUIT_EXTRACT;SEASHELLS;5252;20
5500;;SUBMISSION;VEV_5100;SEASHELLS;170;15
5500;;SUBMISSION;VEV_5200;SEASHELLS;100;15
5500;;SUBMISSION;VEV_5300;SEASHELLS;49;15
5500;;SUBMISSION;VEV_5400;SEASHELLS;18;15
5500;;SUBMISSION;VEV_5500;SEASHELLS;8;15
5600;;SUBMISSION;VEV_5100;SEASHELLS;169;15
5600;;SUBMISSION;VEV_5200;SEASHELLS;99;15
5600;;SUBMISSION;VEV_5300;SEASHELLS;49;15
5600;;SUBMISSION;VEV_5400;SEASHELLS;18;15
5600;;SUBMISSION;VEV_5500;SEASHELLS;8;15
5700;;SUBMISSION;VEV_5100;SEASHELLS;168;15
5700;;SUBMISSION;VEV_5300;SEASHELLS;48;15
5700;;SUBMISSION;VEV_5500;SEASHELLS;8;15
5800;;SUBMISSION;VELVETFRUIT_EXTRACT;SEASHELLS;5251;10
5800;;SUBMISSION;VEV_5200;SEASHELLS;99;15
5800;;SUBMISSION;VEV_5300;SEASHELLS;49;15
5800;;SUBMISSION;VEV_5400;SEASHELLS;18;15
5800;;SUBMISSION;VEV_5500;SEASHELLS;8;15
5900;;SUBMISSION;VEV_5000;SEASHELLS;256;30
5900;;SUBMISSION;VEV_5300;SEASHELLS;49;15
5900;;SUBMISSION;VEV_5400;SEASHELLS;18;15
5900;;SUBMISSION;VEV_5500;SEASHELLS;8;15
6000;;SUBMISSION;VEV_5000;SEASHELLS;256;15
6000;;SUBMISSION;VEV_5300;SEASHELLS;49;15
6000;;SUBMISSION;VEV_5400;SEASHELLS;18;15
6000;;SUBMISSION;VEV_5500;SEASHELLS;8;15
6100;;SUBMISSION;VEV_5500;SEASHELLS;8;15
6400;;SUBMISSION;VEV_5100;SEASHELLS;168;30
6400;;SUBMISSION;VEV_5300;SEASHELLS;48;15
6500;;SUBMISSION;VEV_5100;SEASHELLS;167;15
6600;;SUBMISSION;VEV_5000;SEASHELLS;253;15
6700;SUBMISSION;;HYDROGEL_PACK;SEASHELLS;9953;10
6800;SUBMISSION;;HYDROGEL_PACK;SEASHELLS;9952;10
6800;;SUBMISSION;VEV_5000;SEASHELLS;251;15
6900;SUBMISSION;;HYDROGEL_PACK;SEASHELLS;9952;10
7300;SUBMISSION;;HYDROGEL_PACK;SEASHELLS;9953;10
7300;;SUBMISSION;VEV_4000;SEASHELLS;1236;15
7600;SUBMISSION;;HYDROGEL_PACK;SEASHELLS;9953;10
7700;SUBMISSION;;HYDROGEL_PACK;SEASHELLS;9953;10
7800;SUBMISSION;;HYDROGEL_PACK;SEASHELLS;9952;10
8000;SUBMISSION;;HYDROGEL_PACK;SEASHELLS;9953;10
8000;;SUBMISSION;VEV_4000;SEASHELLS;1236;15
8100;SUBMISSION;;HYDROGEL_PACK;SEASHELLS;9953;10
8100;;SUBMISSION;VEV_4000;SEASHELLS;1237;15
8200;SUBMISSION;;HYDROGEL_PACK;SEASHELLS;9953;10
8300;SUBMISSION;;HYDROGEL_PACK;SEASHELLS;9950;10
8400;SUBMISSION;;HYDROGEL_PACK;SEASHELLS;9949;10
8400;;SUBMISSION;VEV_5000;SEASHELLS;251;30
8500;SUBMISSION;;HYDROGEL_PACK;SEASHELLS;9947;10
8500;;SUBMISSION;VEV_4000;SEASHELLS;1236;15
8600;SUBMISSION;;HYDROGEL_PACK;SEASHELLS;9946;10
8700;SUBMISSION;;HYDROGEL_PACK;SEASHELLS;9948;10
8800;SUBMISSION;;HYDROGEL_PACK;SEASHELLS;9950;10
8900;SUBMISSION;;HYDROGEL_PACK;SEASHELLS;9952;10
9100;SUBMISSION;;HYDROGEL_PACK;SEASHELLS;9953;10
9400;SUBMISSION;;VELVETFRUIT_EXTRACT;SEASHELLS;5244;10
9600;SUBMISSION;;HYDROGEL_PACK;SEASHELLS;9952;10
9600;;SUBMISSION;VELVETFRUIT_EXTRACT;SEASHELLS;5244;10
9700;SUBMISSION;;HYDROGEL_PACK;SEASHELLS;9949;10
9800;SUBMISSION;;HYDROGEL_PACK;SEASHELLS;9950;10
9900;SUBMISSION;;HYDROGEL_PACK;SEASHELLS;9951;10
10000;SUBMISSION;;HYDROGEL_PACK;SEASHELLS;9949;10
10100;SUBMISSION;;HYDROGEL_PACK;SEASHELLS;9952;10
10300;SUBMISSION;;HYDROGEL_PACK;SEASHELLS;9953;10
10300;SUBMISSION;;VELVETFRUIT_EXTRACT;SEASHELLS;5242;10
10400;SUBMISSION;;HYDROGEL_PACK;SEASHELLS;9952;10
10400;SUBMISSION;;VELVETFRUIT_EXTRACT;SEASHELLS;5240;10
10400;SUBMISSION;;VEV_5100;SEASHELLS;164;15
10400;SUBMISSION;;VEV_5300;SEASHELLS;46;15
10500;SUBMISSION;;HYDROGEL_PACK;SEASHELLS;9952;10
10600;SUBMISSION;;HYDROGEL_PACK;SEASHELLS;9950;10
10600;SUBMISSION;;VEV_5200;SEASHELLS;95;15
10700;SUBMISSION;;HYDROGEL_PACK;SEASHELLS;9950;10
10700;SUBMISSION;;VEV_5200;SEASHELLS;95;15
10800;SUBMISSION;;HYDROGEL_PACK;SEASHELLS;9948;10
10900;SUBMISSION;;HYDROGEL_PACK;SEASHELLS;9950;10
11000;SUBMISSION;;HYDROGEL_PACK;SEASHELLS;9949;10
11000;;SUBMISSION;VELVETFRUIT_EXTRACT;SEASHELLS;5242;10
11000;;SUBMISSION;VEV_5200;SEASHELLS;94;15
11100;SUBMISSION;;HYDROGEL_PACK;SEASHELLS;9947;10
11100;;SUBMISSION;VELVETFRUIT_EXTRACT;SEASHELLS;5242;10
11100;;SUBMISSION;VEV_5100;SEASHELLS;162;15
11100;;SUBMISSION;VEV_5200;SEASHELLS;94;15
11100;;SUBMISSION;VEV_5300;SEASHELLS;45;15
11200;SUBMISSION;;HYDROGEL_PACK;SEASHELLS;9949;10
11300;SUBMISSION;;HYDROGEL_PACK;SEASHELLS;9950;10
11400;SUBMISSION;;HYDROGEL_PACK;SEASHELLS;9950;10
11500;SUBMISSION;;HYDROGEL_PACK;SEASHELLS;9950;10
11600;SUBMISSION;;HYDROGEL_PACK;SEASHELLS;9954;10
11700;SUBMISSION;;HYDROGEL_PACK;SEASHELLS;9954;10
12500;;SUBMISSION;HYDROGEL_PACK;SEASHELLS;9947;10
12600;;SUBMISSION;HYDROGEL_PACK;SEASHELLS;9950;10
12700;;SUBMISSION;HYDROGEL_PACK;SEASHELLS;9951;10
12800;;SUBMISSION;HYDROGEL_PACK;SEASHELLS;9952;10
12900;;SUBMISSION;HYDROGEL_PACK;SEASHELLS;9954;10
13000;;SUBMISSION;HYDROGEL_PACK;SEASHELLS;9955;10
13100;;SUBMISSION;HYDROGEL_PACK;SEASHELLS;9953;10
13200;;SUBMISSION;HYDROGEL_PACK;SEASHELLS;9953;10
13300;;SUBMISSION;HYDROGEL_PACK;SEASHELLS;9953;10
13400;;SUBMISSION;HYDROGEL_PACK;SEASHELLS;9952;10
13500;;SUBMISSION;HYDROGEL_PACK;SEASHELLS;9954;10
13600;;SUBMISSION;HYDROGEL_PACK;SEASHELLS;9954;10
13700;;SUBMISSION;HYDROGEL_PACK;SEASHELLS;9955;10
13800;;SUBMISSION;HYDROGEL_PACK;SEASHELLS;9956;10
13900;;SUBMISSION;HYDROGEL_PACK;SEASHELLS;9956;10
14000;;SUBMISSION;HYDROGEL_PACK;SEASHELLS;9958;10
14100;;SUBMISSION;HYDROGEL_PACK;SEASHELLS;9954;10
14200;;SUBMISSION;HYDROGEL_PACK;SEASHELLS;9953;10
14300;;SUBMISSION;HYDROGEL_PACK;SEASHELLS;9952;10
14400;;SUBMISSION;HYDROGEL_PACK;SEASHELLS;9950;10
14400;SUBMISSION;;VEV_4000;SEASHELLS;1244;15
14500;;SUBMISSION;HYDROGEL_PACK;SEASHELLS;9949;10
14600;;SUBMISSION;HYDROGEL_PACK;SEASHELLS;9949;10
14700;;SUBMISSION;HYDROGEL_PACK;SEASHELLS;9949;10
14800;;SUBMISSION;HYDROGEL_PACK;SEASHELLS;9949;10
14900;;SUBMISSION;HYDROGEL_PACK;SEASHELLS;9950;10
15000;;SUBMISSION;HYDROGEL_PACK;SEASHELLS;9951;10
15100;;SUBMISSION;HYDROGEL_PACK;SEASHELLS;9949;10
15200;;SUBMISSION;HYDROGEL_PACK;SEASHELLS;9948;10
15300;;SUBMISSION;HYDROGEL_PACK;SEASHELLS;9949;10
15300;SUBMISSION;;VEV_4000;SEASHELLS;1244;15
15400;;SUBMISSION;HYDROGEL_PACK;SEASHELLS;9948;10
15500;;SUBMISSION;HYDROGEL_PACK;SEASHELLS;9949;10
15600;;SUBMISSION;HYDROGEL_PACK;SEASHELLS;9951;10
15700;;SUBMISSION;HYDROGEL_PACK;SEASHELLS;9952;10
15700;SUBMISSION;;VEV_4000;SEASHELLS;1242;15
15800;;SUBMISSION;HYDROGEL_PACK;SEASHELLS;9951;10
15900;;SUBMISSION;HYDROGEL_PACK;SEASHELLS;9953;10
16000;;SUBMISSION;HYDROGEL_PACK;SEASHELLS;9950;10
16100;;SUBMISSION;HYDROGEL_PACK;SEASHELLS;9947;10
16200;;SUBMISSION;HYDROGEL_PACK;SEASHELLS;9948;10
16300;;SUBMISSION;HYDROGEL_PACK;SEASHELLS;9948;10
16300;SUBMISSION;;VELVETFRUIT_EXTRACT;SEASHELLS;5231;10
16900;SUBMISSION;;HYDROGEL_PACK;SEASHELLS;9953;10
16900;SUBMISSION;;VELVETFRUIT_EXTRACT;SEASHELLS;5232;10
16900;SUBMISSION;;VEV_5100;SEASHELLS;155;30
16900;SUBMISSION;;VEV_5200;SEASHELLS;88;30
17000;SUBMISSION;;VELVETFRUIT_EXTRACT;SEASHELLS;5232;20
17000;SUBMISSION;;VEV_4000;SEASHELLS;1240;15
17000;SUBMISSION;;VEV_5100;SEASHELLS;155;15
17000;SUBMISSION;;VEV_5200;SEASHELLS;88;15
17100;SUBMISSION;;HYDROGEL_PACK;SEASHELLS;9954;10
17200;SUBMISSION;;HYDROGEL_PACK;SEASHELLS;9951;10
17200;;SUBMISSION;VEV_5200;SEASHELLS;87;15
17300;SUBMISSION;;HYDROGEL_PACK;SEASHELLS;9948;10
17300;SUBMISSION;;VEV_4000;SEASHELLS;1242;15
17400;SUBMISSION;;HYDROGEL_PACK;SEASHELLS;9948;10
17500;SUBMISSION;;HYDROGEL_PACK;SEASHELLS;9946;10
17500;;SUBMISSION;VEV_5200;SEASHELLS;87;15
17600;SUBMISSION;;HYDROGEL_PACK;SEASHELLS;9948;10
17600;;SUBMISSION;VELVETFRUIT_EXTRACT;SEASHELLS;5231;20
17600;;SUBMISSION;VEV_5200;SEASHELLS;87;15
17700;SUBMISSION;;HYDROGEL_PACK;SEASHELLS;9944;10
17700;;SUBMISSION;VELVETFRUIT_EXTRACT;SEASHELLS;5231;10
17800;SUBMISSION;;HYDROGEL_PACK;SEASHELLS;9947;10
17800;;SUBMISSION;VELVETFRUIT_EXTRACT;SEASHELLS;5231;10
17800;;SUBMISSION;VEV_5100;SEASHELLS;153;15
17900;SUBMISSION;;HYDROGEL_PACK;SEASHELLS;9952;10
18000;SUBMISSION;;HYDROGEL_PACK;SEASHELLS;9949;10
18100;SUBMISSION;;HYDROGEL_PACK;SEASHELLS;9947;10
18200;SUBMISSION;;HYDROGEL_PACK;SEASHELLS;9947;10
18300;SUBMISSION;;HYDROGEL_PACK;SEASHELLS;9947;10
18400;SUBMISSION;;HYDROGEL_PACK;SEASHELLS;9948;10
18400;SUBMISSION;;VEV_5100;SEASHELLS;155;15
18400;SUBMISSION;;VEV_5300;SEASHELLS;42;15
18500;SUBMISSION;;HYDROGEL_PACK;SEASHELLS;9952;10
18500;SUBMISSION;;VEV_5000;SEASHELLS;239;30
18500;SUBMISSION;;VEV_5200;SEASHELLS;87;30
18500;SUBMISSION;;VEV_5400;SEASHELLS;14;15
18500;SUBMISSION;;VEV_5500;SEASHELLS;7;15
18600;SUBMISSION;;HYDROGEL_PACK;SEASHELLS;9953;10
18600;SUBMISSION;;VEV_5000;SEASHELLS;239;15
18600;SUBMISSION;;VEV_5100;SEASHELLS;154;15
18600;SUBMISSION;;VEV_5200;SEASHELLS;87;15
18600;SUBMISSION;;VEV_5300;SEASHELLS;42;15
18600;SUBMISSION;;VEV_5400;SEASHELLS;14;15
18600;SUBMISSION;;VEV_5500;SEASHELLS;7;15
18700;SUBMISSION;;HYDROGEL_PACK;SEASHELLS;9954;10
18700;SUBMISSION;;VELVETFRUIT_EXTRACT;SEASHELLS;5228;10
18700;SUBMISSION;;VEV_5000;SEASHELLS;239;30
18700;SUBMISSION;;VEV_5100;SEASHELLS;154;30
18700;SUBMISSION;;VEV_5200;SEASHELLS;87;30
18700;SUBMISSION;;VEV_5300;SEASHELLS;42;15
18700;SUBMISSION;;VEV_5400;SEASHELLS;14;15
18700;SUBMISSION;;VEV_5500;SEASHELLS;7;15
18800;SUBMISSION;;HYDROGEL_PACK;SEASHELLS;9954;10
18800;SUBMISSION;;VEV_5000;SEASHELLS;239;15
18800;SUBMISSION;;VEV_5200;SEASHELLS;87;15
18800;SUBMISSION;;VEV_5400;SEASHELLS;14;15
18800;SUBMISSION;;VEV_5500;SEASHELLS;7;15
18900;SUBMISSION;;VEV_5000;SEASHELLS;239;30
18900;SUBMISSION;;VEV_5100;SEASHELLS;154;30
18900;SUBMISSION;;VEV_5200;SEASHELLS;87;30
18900;SUBMISSION;;VEV_5300;SEASHELLS;42;15
18900;SUBMISSION;;VEV_5400;SEASHELLS;14;15
18900;SUBMISSION;;VEV_5500;SEASHELLS;7;15
19000;SUBMISSION;;HYDROGEL_PACK;SEASHELLS;9954;10
19000;SUBMISSION;;VEV_5000;SEASHELLS;240;15
19000;SUBMISSION;;VEV_5100;SEASHELLS;154;15
19000;SUBMISSION;;VEV_5300;SEASHELLS;42;15
19000;SUBMISSION;;VEV_5500;SEASHELLS;7;15
19100;SUBMISSION;;VEV_5100;SEASHELLS;155;30
19100;SUBMISSION;;VEV_5300;SEASHELLS;42;15
19200;SUBMISSION;;VEV_5100;SEASHELLS;154;15
19200;SUBMISSION;;VEV_5300;SEASHELLS;42;15
19200;SUBMISSION;;VEV_5500;SEASHELLS;7;15
19300;SUBMISSION;;VEV_5100;SEASHELLS;154;15
19300;SUBMISSION;;VEV_5200;SEASHELLS;87;15
19300;SUBMISSION;;VEV_5300;SEASHELLS;42;15
19300;SUBMISSION;;VEV_5400;SEASHELLS;14;15
19300;SUBMISSION;;VEV_5500;SEASHELLS;7;15
19400;SUBMISSION;;VEV_5100;SEASHELLS;154;15
19400;SUBMISSION;;VEV_5200;SEASHELLS;87;15
19400;SUBMISSION;;VEV_5300;SEASHELLS;42;15
19400;SUBMISSION;;VEV_5400;SEASHELLS;14;15
19400;SUBMISSION;;VEV_5500;SEASHELLS;7;15
19500;SUBMISSION;;HYDROGEL_PACK;SEASHELLS;9954;10
19500;SUBMISSION;;VEV_5000;SEASHELLS;239;15
19500;SUBMISSION;;VEV_5200;SEASHELLS;87;15
19500;SUBMISSION;;VEV_5400;SEASHELLS;14;15
19500;SUBMISSION;;VEV_5500;SEASHELLS;7;15
19600;SUBMISSION;;HYDROGEL_PACK;SEASHELLS;9953;10
19600;SUBMISSION;;VEV_5000;SEASHELLS;240;15
19600;SUBMISSION;;VEV_5200;SEASHELLS;88;15
19600;SUBMISSION;;VEV_5300;SEASHELLS;42;15
19700;SUBMISSION;;HYDROGEL_PACK;SEASHELLS;9954;10
19700;SUBMISSION;;VEV_5000;SEASHELLS;240;15
19700;SUBMISSION;;VEV_5200;SEASHELLS;88;15
19700;SUBMISSION;;VEV_5300;SEASHELLS;42;15
19800;SUBMISSION;;VEV_5000;SEASHELLS;239;15
19800;SUBMISSION;;VEV_5100;SEASHELLS;154;15
19800;SUBMISSION;;VEV_5200;SEASHELLS;87;15
19800;SUBMISSION;;VEV_5300;SEASHELLS;42;15
19800;SUBMISSION;;VEV_5400;SEASHELLS;14;15
19800;SUBMISSION;;VEV_5500;SEASHELLS;7;15
19900;SUBMISSION;;VELVETFRUIT_EXTRACT;SEASHELLS;5229;20
19900;SUBMISSION;;VEV_5200;SEASHELLS;86;15
19900;SUBMISSION;;VEV_5300;SEASHELLS;41;15
19900;SUBMISSION;;VEV_5400;SEASHELLS;14;15
19900;SUBMISSION;;VEV_5500;SEASHELLS;6;15
20000;SUBMISSION;;VELVETFRUIT_EXTRACT;SEASHELLS;5230;50
20000;SUBMISSION;;VEV_5000;SEASHELLS;238;15
20000;SUBMISSION;;VEV_5100;SEASHELLS;153;15
20000;SUBMISSION;;VEV_5300;SEASHELLS;41;15
20000;SUBMISSION;;VEV_5400;SEASHELLS;14;15
20100;SUBMISSION;;VELVETFRUIT_EXTRACT;SEASHELLS;5229;10
20100;SUBMISSION;;VEV_5200;SEASHELLS;86;30
20100;SUBMISSION;;VEV_5300;SEASHELLS;41;15
20100;SUBMISSION;;VEV_5400;SEASHELLS;14;15
20100;SUBMISSION;;VEV_5500;SEASHELLS;6;15
20200;SUBMISSION;;VELVETFRUIT_EXTRACT;SEASHELLS;5229;20
20200;SUBMISSION;;VEV_5200;SEASHELLS;86;15
20200;SUBMISSION;;VEV_5300;SEASHELLS;41;15
20200;SUBMISSION;;VEV_5400;SEASHELLS;14;15
20200;SUBMISSION;;VEV_5500;SEASHELLS;6;15
20300;SUBMISSION;;VELVETFRUIT_EXTRACT;SEASHELLS;5229;60
20300;SUBMISSION;;VEV_5100;SEASHELLS;152;15
20300;SUBMISSION;;VEV_5200;SEASHELLS;86;15
20300;SUBMISSION;;VEV_5300;SEASHELLS;41;15
20300;SUBMISSION;;VEV_5400;SEASHELLS;14;15
20300;SUBMISSION;;VEV_5500;SEASHELLS;6;15
20400;SUBMISSION;;VEV_5100;SEASHELLS;154;15
20400;SUBMISSION;;VEV_5300;SEASHELLS;42;15
20400;SUBMISSION;;VEV_5400;SEASHELLS;14;15
20400;SUBMISSION;;VEV_5500;SEASHELLS;7;15
20500;SUBMISSION;;VEV_5000;SEASHELLS;239;15
20500;SUBMISSION;;VEV_5200;SEASHELLS;87;15
20500;SUBMISSION;;VEV_5400;SEASHELLS;14;15
20500;SUBMISSION;;VEV_5500;SEASHELLS;7;15
20600;;SUBMISSION;HYDROGEL_PACK;SEASHELLS;9948;10
20600;SUBMISSION;;VEV_5000;SEASHELLS;239;30
20600;SUBMISSION;;VEV_5200;SEASHELLS;87;30
20600;SUBMISSION;;VEV_5300;SEASHELLS;42;15
20600;SUBMISSION;;VEV_5400;SEASHELLS;14;15
20600;SUBMISSION;;VEV_5500;SEASHELLS;7;15
20700;;SUBMISSION;HYDROGEL_PACK;SEASHELLS;9952;10
20700;SUBMISSION;;VEV_5100;SEASHELLS;153;30
20700;SUBMISSION;;VEV_5200;SEASHELLS;87;30
20700;SUBMISSION;;VEV_5300;SEASHELLS;41;15
20700;SUBMISSION;;VEV_5400;SEASHELLS;14;15
20700;SUBMISSION;;VEV_5500;SEASHELLS;7;15
20800;;SUBMISSION;HYDROGEL_PACK;SEASHELLS;9952;10
20800;SUBMISSION;;VELVETFRUIT_EXTRACT;SEASHELLS;5230;70
20800;SUBMISSION;;VEV_5000;SEASHELLS;238;30
20800;SUBMISSION;;VEV_5100;SEASHELLS;153;30
20800;SUBMISSION;;VEV_5300;SEASHELLS;41;15
20800;SUBMISSION;;VEV_5400;SEASHELLS;14;15
20800;SUBMISSION;;VEV_5500;SEASHELLS;7;15
20900;;SUBMISSION;HYDROGEL_PACK;SEASHELLS;9952;10
20900;SUBMISSION;;VELVETFRUIT_EXTRACT;SEASHELLS;5230;60
20900;SUBMISSION;;VEV_5000;SEASHELLS;238;30
20900;SUBMISSION;;VEV_5100;SEASHELLS;153;30
20900;SUBMISSION;;VEV_5300;SEASHELLS;41;15
20900;SUBMISSION;;VEV_5400;SEASHELLS;14;15
20900;SUBMISSION;;VEV_5500;SEASHELLS;7;15
21000;;SUBMISSION;HYDROGEL_PACK;SEASHELLS;9951;10
21000;SUBMISSION;;VELVETFRUIT_EXTRACT;SEASHELLS;5229;50
21000;SUBMISSION;;VEV_4000;SEASHELLS;1236;15
21000;SUBMISSION;;VEV_5100;SEASHELLS;152;15
21000;SUBMISSION;;VEV_5200;SEASHELLS;86;15
21000;SUBMISSION;;VEV_5300;SEASHELLS;41;15
21000;SUBMISSION;;VEV_5400;SEASHELLS;14;15
21000;SUBMISSION;;VEV_5500;SEASHELLS;6;15
21100;;SUBMISSION;HYDROGEL_PACK;SEASHELLS;9949;10
21100;SUBMISSION;;VEV_5100;SEASHELLS;153;30
21100;SUBMISSION;;VEV_5200;SEASHELLS;87;30
21100;SUBMISSION;;VEV_5300;SEASHELLS;41;15
21100;SUBMISSION;;VEV_5400;SEASHELLS;14;15
21100;SUBMISSION;;VEV_5500;SEASHELLS;7;15
21200;;SUBMISSION;HYDROGEL_PACK;SEASHELLS;9951;10
21200;SUBMISSION;;VELVETFRUIT_EXTRACT;SEASHELLS;5230;50
21200;SUBMISSION;;VEV_5000;SEASHELLS;238;15
21200;SUBMISSION;;VEV_5100;SEASHELLS;153;15
21200;SUBMISSION;;VEV_5300;SEASHELLS;41;15
21200;SUBMISSION;;VEV_5400;SEASHELLS;14;15
21200;SUBMISSION;;VEV_5500;SEASHELLS;7;15
21300;;SUBMISSION;HYDROGEL_PACK;SEASHELLS;9953;10
21300;SUBMISSION;;VEV_5100;SEASHELLS;154;30
21300;SUBMISSION;;VEV_5200;SEASHELLS;87;30
21300;SUBMISSION;;VEV_5300;SEASHELLS;42;15
21300;SUBMISSION;;VEV_5400;SEASHELLS;14;15
21300;SUBMISSION;;VEV_5500;SEASHELLS;7;15
21400;;SUBMISSION;HYDROGEL_PACK;SEASHELLS;9950;10
21400;;SUBMISSION;VELVETFRUIT_EXTRACT;SEASHELLS;5228;60
21400;SUBMISSION;;VEV_4000;SEASHELLS;1241;15
21400;SUBMISSION;;VEV_5300;SEASHELLS;42;15
21500;;SUBMISSION;HYDROGEL_PACK;SEASHELLS;9951;10
21500;SUBMISSION;;VEV_5100;SEASHELLS;155;15
21500;SUBMISSION;;VEV_5200;SEASHELLS;88;15
21500;SUBMISSION;;VEV_5300;SEASHELLS;42;15
21600;;SUBMISSION;HYDROGEL_PACK;SEASHELLS;9948;10
21600;;SUBMISSION;VELVETFRUIT_EXTRACT;SEASHELLS;5228;20
21600;SUBMISSION;;VEV_5000;SEASHELLS;241;30
21600;SUBMISSION;;VEV_5300;SEASHELLS;42;15
21700;;SUBMISSION;HYDROGEL_PACK;SEASHELLS;9948;10
21700;SUBMISSION;;VEV_5000;SEASHELLS;240;30
21700;SUBMISSION;;VEV_5200;SEASHELLS;88;30
21700;SUBMISSION;;VEV_5300;SEASHELLS;42;15
21800;;SUBMISSION;HYDROGEL_PACK;SEASHELLS;9948;10
21800;SUBMISSION;;VEV_5100;SEASHELLS;155;15
21800;SUBMISSION;;VEV_5200;SEASHELLS;88;15
21800;SUBMISSION;;VEV_5300;SEASHELLS;42;15
21900;;SUBMISSION;HYDROGEL_PACK;SEASHELLS;9950;10
21900;SUBMISSION;;VEV_5100;SEASHELLS;154;15
21900;SUBMISSION;;VEV_5200;SEASHELLS;87;15
21900;SUBMISSION;;VEV_5400;SEASHELLS;14;15
21900;SUBMISSION;;VEV_5500;SEASHELLS;7;15
22000;SUBMISSION;;VELVETFRUIT_EXTRACT;SEASHELLS;5230;60
22000;SUBMISSION;;VEV_4000;SEASHELLS;1238;15
22000;SUBMISSION;;VEV_5100;SEASHELLS;153;30
22000;SUBMISSION;;VEV_5200;SEASHELLS;87;30
22000;SUBMISSION;;VEV_5300;SEASHELLS;41;15
22000;SUBMISSION;;VEV_5400;SEASHELLS;14;15
22000;SUBMISSION;;VEV_5500;SEASHELLS;7;15
22100;;SUBMISSION;HYDROGEL_PACK;SEASHELLS;9948;10
22100;SUBMISSION;;VEV_5100;SEASHELLS;154;30
22100;SUBMISSION;;VEV_5200;SEASHELLS;88;30
22100;SUBMISSION;;VEV_5300;SEASHELLS;42;15
22200;;SUBMISSION;HYDROGEL_PACK;SEASHELLS;9951;10
22200;SUBMISSION;;VELVETFRUIT_EXTRACT;SEASHELLS;5230;20
22200;SUBMISSION;;VEV_5000;SEASHELLS;239;15
22200;SUBMISSION;;VEV_5200;SEASHELLS;87;15
22200;SUBMISSION;;VEV_5300;SEASHELLS;41;15
22200;SUBMISSION;;VEV_5400;SEASHELLS;14;15
22200;SUBMISSION;;VEV_5500;SEASHELLS;7;15
22300;;SUBMISSION;HYDROGEL_PACK;SEASHELLS;9950;10
22300;SUBMISSION;;VEV_5100;SEASHELLS;154;15
22300;SUBMISSION;;VEV_5300;SEASHELLS;42;15
22400;;SUBMISSION;HYDROGEL_PACK;SEASHELLS;9951;10
22400;SUBMISSION;;VEV_5100;SEASHELLS;155;15
22400;SUBMISSION;;VEV_5200;SEASHELLS;88;15
22400;SUBMISSION;;VEV_5300;SEASHELLS;42;15
22500;;SUBMISSION;HYDROGEL_PACK;SEASHELLS;9952;10
22500;SUBMISSION;;VEV_5000;SEASHELLS;241;15
22500;SUBMISSION;;VEV_5100;SEASHELLS;155;15
22500;SUBMISSION;;VEV_5300;SEASHELLS;42;15
22600;;SUBMISSION;HYDROGEL_PACK;SEASHELLS;9952;10
22700;;SUBMISSION;HYDROGEL_PACK;SEASHELLS;9950;10
22700;SUBMISSION;;VEV_5000;SEASHELLS;241;15
22700;SUBMISSION;;VEV_5300;SEASHELLS;42;15
23000;SUBMISSION;;VEV_5300;SEASHELLS;42;15
23100;SUBMISSION;;VEV_5000;SEASHELLS;241;30
23100;SUBMISSION;;VEV_5300;SEASHELLS;42;15
23200;;SUBMISSION;VELVETFRUIT_EXTRACT;SEASHELLS;5230;10
23300;SUBMISSION;;VEV_5000;SEASHELLS;242;15
23400;SUBMISSION;;VELVETFRUIT_EXTRACT;SEASHELLS;5230;10
23600;SUBMISSION;;VEV_4000;SEASHELLS;1242;15
24100;;SUBMISSION;VEV_5100;SEASHELLS;154;15
24100;;SUBMISSION;VEV_5200;SEASHELLS;88;15
24100;;SUBMISSION;VEV_5300;SEASHELLS;42;15
24200;;SUBMISSION;HYDROGEL_PACK;SEASHELLS;9947;10
24200;;SUBMISSION;VELVETFRUIT_EXTRACT;SEASHELLS;5233;60
24200;;SUBMISSION;VEV_5100;SEASHELLS;155;15
24200;;SUBMISSION;VEV_5200;SEASHELLS;89;15
24200;;SUBMISSION;VEV_5300;SEASHELLS;42;15
24200;;SUBMISSION;VEV_5400;SEASHELLS;14;15
24300;;SUBMISSION;VELVETFRUIT_EXTRACT;SEASHELLS;5232;20
24300;;SUBMISSION;VEV_5100;SEASHELLS;154;15
24300;;SUBMISSION;VEV_5200;SEASHELLS;88;15
24300;;SUBMISSION;VEV_5300;SEASHELLS;42;15
24400;;SUBMISSION;VELVETFRUIT_EXTRACT;SEASHELLS;5233;10
24400;;SUBMISSION;VEV_5300;SEASHELLS;42;15
24500;;SUBMISSION;VELVETFRUIT_EXTRACT;SEASHELLS;5232;60
24500;;SUBMISSION;VEV_5300;SEASHELLS;42;15
24600;;SUBMISSION;HYDROGEL_PACK;SEASHELLS;9948;10
24600;;SUBMISSION;VELVETFRUIT_EXTRACT;SEASHELLS;5233;20
24600;;SUBMISSION;VEV_5300;SEASHELLS;42;15
24700;;SUBMISSION;VELVETFRUIT_EXTRACT;SEASHELLS;5232;20
24700;;SUBMISSION;VEV_5100;SEASHELLS;154;30
24700;;SUBMISSION;VEV_5200;SEASHELLS;88;30
24700;;SUBMISSION;VEV_5300;SEASHELLS;42;15
24800;;SUBMISSION;VEV_5200;SEASHELLS;88;15
25100;SUBMISSION;;VEV_5000;SEASHELLS;242;15
25600;SUBMISSION;;VEV_4000;SEASHELLS;1243;15
25700;SUBMISSION;;VEV_5000;SEASHELLS;242;30
25900;SUBMISSION;;VELVETFRUIT_EXTRACT;SEASHELLS;5233;10
26000;SUBMISSION;;HYDROGEL_PACK;SEASHELLS;9951;10
26100;SUBMISSION;;HYDROGEL_PACK;SEASHELLS;9951;10
26200;SUBMISSION;;HYDROGEL_PACK;SEASHELLS;9950;10
26200;SUBMISSION;;VELVETFRUIT_EXTRACT;SEASHELLS;5233;10
26300;SUBMISSION;;HYDROGEL_PACK;SEASHELLS;9950;10
26300;SUBMISSION;;VEV_5100;SEASHELLS;156;15
26400;SUBMISSION;;HYDROGEL_PACK;SEASHELLS;9944;10
26400;SUBMISSION;;VELVETFRUIT_EXTRACT;SEASHELLS;5232;10
26400;SUBMISSION;;VEV_4000;SEASHELLS;1240;15
26400;SUBMISSION;;VEV_5100;SEASHELLS;155;15
26400;SUBMISSION;;VEV_5200;SEASHELLS;88;15
26400;SUBMISSION;;VEV_5300;SEASHELLS;42;15
26500;SUBMISSION;;VELVETFRUIT_EXTRACT;SEASHELLS;5232;60
26500;SUBMISSION;;VEV_4000;SEASHELLS;1240;15
26500;SUBMISSION;;VEV_5000;SEASHELLS;240;30
26500;SUBMISSION;;VEV_5200;SEASHELLS;88;30
26500;SUBMISSION;;VEV_5300;SEASHELLS;42;15
26500;SUBMISSION;;VEV_5400;SEASHELLS;14;15
26600;SUBMISSION;;HYDROGEL_PACK;SEASHELLS;9949;10
26600;SUBMISSION;;VELVETFRUIT_EXTRACT;SEASHELLS;5232;60
26600;SUBMISSION;;VEV_5000;SEASHELLS;240;15
26600;SUBMISSION;;VEV_5200;SEASHELLS;88;15
26600;SUBMISSION;;VEV_5300;SEASHELLS;42;15
26700;SUBMISSION;;HYDROGEL_PACK;SEASHELLS;9950;10
26700;SUBMISSION;;VELVETFRUIT_EXTRACT;SEASHELLS;5233;20
26800;SUBMISSION;;HYDROGEL_PACK;SEASHELLS;9949;10
26800;SUBMISSION;;VELVETFRUIT_EXTRACT;SEASHELLS;5232;20
26800;SUBMISSION;;VEV_5100;SEASHELLS;155;15
26800;SUBMISSION;;VEV_5200;SEASHELLS;88;15
26800;SUBMISSION;;VEV_5300;SEASHELLS;42;15
26900;SUBMISSION;;HYDROGEL_PACK;SEASHELLS;9950;10
26900;SUBMISSION;;VEV_5000;SEASHELLS;242;30
26900;SUBMISSION;;VEV_5100;SEASHELLS;156;30
26900;SUBMISSION;;VEV_5200;SEASHELLS;89;15
26900;SUBMISSION;;VEV_5400;SEASHELLS;15;15
27000;SUBMISSION;;HYDROGEL_PACK;SEASHELLS;9952;10
27100;SUBMISSION;;HYDROGEL_PACK;SEASHELLS;9952;10
27200;SUBMISSION;;HYDROGEL_PACK;SEASHELLS;9952;10
27300;;SUBMISSION;VEV_5300;SEASHELLS;42;15
27400;;SUBMISSION;VEV_5000;SEASHELLS;240;15
27400;;SUBMISSION;VEV_5100;SEASHELLS;155;15
27400;;SUBMISSION;VEV_5300;SEASHELLS;42;15
27500;;SUBMISSION;VEV_5100;SEASHELLS;155;15
27500;;SUBMISSION;VEV_5300;SEASHELLS;42;15
27600;SUBMISSION;;HYDROGEL_PACK;SEASHELLS;9952;10
27600;;SUBMISSION;VEV_5200;SEASHELLS;90;15
27600;;SUBMISSION;VEV_5300;SEASHELLS;43;15
27700;SUBMISSION;;HYDROGEL_PACK;SEASHELLS;9951;10
27700;;SUBMISSION;VELVETFRUIT_EXTRACT;SEASHELLS;5236;20
27700;;SUBMISSION;VEV_5100;SEASHELLS;157;30
27700;;SUBMISSION;VEV_5200;SEASHELLS;90;30
27700;;SUBMISSION;VEV_5300;SEASHELLS;43;15
27700;;SUBMISSION;VEV_5400;SEASHELLS;15;15
27800;SUBMISSION;;HYDROGEL_PACK;SEASHELLS;9948;10
27800;;SUBMISSION;VEV_5000;SEASHELLS;242;15
27800;;SUBMISSION;VEV_5100;SEASHELLS;157;15
27800;;SUBMISSION;VEV_5200;SEASHELLS;90;15
27800;;SUBMISSION;VEV_5300;SEASHELLS;43;15
27800;;SUBMISSION;VEV_5400;SEASHELLS;15;15
27900;SUBMISSION;;HYDROGEL_PACK;SEASHELLS;9949;10
27900;;SUBMISSION;VEV_5200;SEASHELLS;90;15
27900;;SUBMISSION;VEV_5300;SEASHELLS;43;15
28000;SUBMISSION;;HYDROGEL_PACK;SEASHELLS;9952;10
28000;;SUBMISSION;VEV_5200;SEASHELLS;90;15
28000;;SUBMISSION;VEV_5300;SEASHELLS;43;15
28100;SUBMISSION;;HYDROGEL_PACK;SEASHELLS;9949;10
28100;;SUBMISSION;VELVETFRUIT_EXTRACT;SEASHELLS;5237;20
28100;;SUBMISSION;VEV_5100;SEASHELLS;158;15
28100;;SUBMISSION;VEV_5200;SEASHELLS;91;15
28100;;SUBMISSION;VEV_5300;SEASHELLS;44;15
28100;;SUBMISSION;VEV_5400;SEASHELLS;15;15
28200;;SUBMISSION;VEV_5300;SEASHELLS;43;15
28200;;SUBMISSION;VEV_5400;SEASHELLS;15;15
28300;;SUBMISSION;VEV_5100;SEASHELLS;157;15
28300;;SUBMISSION;VEV_5200;SEASHELLS;90;15
28300;;SUBMISSION;VEV_5300;SEASHELLS;43;15
28400;;SUBMISSION;VEV_5000;SEASHELLS;242;15
28400;;SUBMISSION;VEV_5100;SEASHELLS;157;15
28400;;SUBMISSION;VEV_5200;SEASHELLS;90;15
28400;;SUBMISSION;VEV_5300;SEASHELLS;43;15
28400;;SUBMISSION;VEV_5400;SEASHELLS;15;15
28500;;SUBMISSION;VELVETFRUIT_EXTRACT;SEASHELLS;5237;20
28500;;SUBMISSION;VEV_5000;SEASHELLS;243;15
28500;;SUBMISSION;VEV_5100;SEASHELLS;158;15
28500;;SUBMISSION;VEV_5200;SEASHELLS;91;15
28500;;SUBMISSION;VEV_5300;SEASHELLS;44;15
28500;;SUBMISSION;VEV_5400;SEASHELLS;15;15
28600;;SUBMISSION;VELVETFRUIT_EXTRACT;SEASHELLS;5238;60
28600;;SUBMISSION;VEV_5100;SEASHELLS;159;15
28600;;SUBMISSION;VEV_5200;SEASHELLS;92;15
28600;;SUBMISSION;VEV_5300;SEASHELLS;44;15
28600;;SUBMISSION;VEV_5400;SEASHELLS;15;15
28700;SUBMISSION;;HYDROGEL_PACK;SEASHELLS;9952;10
28700;;SUBMISSION;VELVETFRUIT_EXTRACT;SEASHELLS;5239;50
28700;;SUBMISSION;VEV_5100;SEASHELLS;160;30
28700;;SUBMISSION;VEV_5200;SEASHELLS;92;30
28700;;SUBMISSION;VEV_5300;SEASHELLS;45;15
28700;;SUBMISSION;VEV_5400;SEASHELLS;15;15
28700;;SUBMISSION;VEV_5500;SEASHELLS;7;15
28800;;SUBMISSION;VELVETFRUIT_EXTRACT;SEASHELLS;5240;10
28800;;SUBMISSION;VEV_5100;SEASHELLS;160;15
28800;;SUBMISSION;VEV_5300;SEASHELLS;45;15
28800;;SUBMISSION;VEV_5400;SEASHELLS;15;15
28800;;SUBMISSION;VEV_5500;SEASHELLS;7;15
28900;;SUBMISSION;VELVETFRUIT_EXTRACT;SEASHELLS;5237;20
28900;;SUBMISSION;VEV_5000;SEASHELLS;243;15
28900;;SUBMISSION;VEV_5100;SEASHELLS;158;15
28900;;SUBMISSION;VEV_5200;SEASHELLS;91;15
28900;;SUBMISSION;VEV_5300;SEASHELLS;44;15
28900;;SUBMISSION;VEV_5400;SEASHELLS;15;15
29000;;SUBMISSION;VEV_5300;SEASHELLS;43;15
29000;;SUBMISSION;VEV_5400;SEASHELLS;15;15
29100;;SUBMISSION;VELVETFRUIT_EXTRACT;SEASHELLS;5237;20
29100;;SUBMISSION;VEV_5100;SEASHELLS;158;15
29100;;SUBMISSION;VEV_5400;SEASHELLS;15;15
29200;;SUBMISSION;VELVETFRUIT_EXTRACT;SEASHELLS;5237;60
29200;;SUBMISSION;VEV_5100;SEASHELLS;158;30
29200;;SUBMISSION;VEV_5200;SEASHELLS;91;30
29200;;SUBMISSION;VEV_5300;SEASHELLS;44;15
29200;;SUBMISSION;VEV_5400;SEASHELLS;15;15
29300;;SUBMISSION;VELVETFRUIT_EXTRACT;SEASHELLS;5237;20
29300;;SUBMISSION;VEV_5000;SEASHELLS;243;30
29300;;SUBMISSION;VEV_5100;SEASHELLS;158;30
29300;;SUBMISSION;VEV_5200;SEASHELLS;91;30
29300;;SUBMISSION;VEV_5400;SEASHELLS;15;15
29400;SUBMISSION;;HYDROGEL_PACK;SEASHELLS;9952;10
29400;;SUBMISSION;VEV_5100;SEASHELLS;157;15
29400;;SUBMISSION;VEV_5200;SEASHELLS;90;15
29400;;SUBMISSION;VEV_5300;SEASHELLS;43;15
29400;;SUBMISSION;VEV_5400;SEASHELLS;15;15
29500;SUBMISSION;;HYDROGEL_PACK;SEASHELLS;9951;10
29500;;SUBMISSION;VELVETFRUIT_EXTRACT;SEASHELLS;5239;10
29500;;SUBMISSION;VEV_5000;SEASHELLS;243;15
29500;;SUBMISSION;VEV_5100;SEASHELLS;158;15
29500;;SUBMISSION;VEV_5200;SEASHELLS;91;15
29500;;SUBMISSION;VEV_5400;SEASHELLS;15;15
29600;SUBMISSION;;HYDROGEL_PACK;SEASHELLS;9952;10
29600;;SUBMISSION;VEV_5300;SEASHELLS;43;15
29600;;SUBMISSION;VEV_5400;SEASHELLS;15;15
29700;SUBMISSION;;HYDROGEL_PACK;SEASHELLS;9948;10
29700;;SUBMISSION;VELVETFRUIT_EXTRACT;SEASHELLS;5239;70
29700;;SUBMISSION;VEV_5100;SEASHELLS;160;15
29700;;SUBMISSION;VEV_5200;SEASHELLS;92;15
29700;;SUBMISSION;VEV_5300;SEASHELLS;44;15
29700;;SUBMISSION;VEV_5400;SEASHELLS;15;15
29700;;SUBMISSION;VEV_5500;SEASHELLS;7;15
29800;SUBMISSION;;HYDROGEL_PACK;SEASHELLS;9952;10
29800;;SUBMISSION;VELVETFRUIT_EXTRACT;SEASHELLS;5239;10
29800;;SUBMISSION;VEV_5100;SEASHELLS;159;15
29800;;SUBMISSION;VEV_5200;SEASHELLS;92;15
29800;;SUBMISSION;VEV_5300;SEASHELLS;44;15
29800;;SUBMISSION;VEV_5400;SEASHELLS;15;15
29900;SUBMISSION;;HYDROGEL_PACK;SEASHELLS;9949;10
29900;;SUBMISSION;VELVETFRUIT_EXTRACT;SEASHELLS;5238;10
29900;;SUBMISSION;VEV_5000;SEASHELLS;244;15
29900;;SUBMISSION;VEV_5200;SEASHELLS;91;15
29900;;SUBMISSION;VEV_5300;SEASHELLS;44;15
29900;;SUBMISSION;VEV_5400;SEASHELLS;15;15
30000;SUBMISSION;;HYDROGEL_PACK;SEASHELLS;9952;10
30000;;SUBMISSION;VEV_5100;SEASHELLS;158;15
30000;;SUBMISSION;VEV_5200;SEASHELLS;91;15
30000;;SUBMISSION;VEV_5300;SEASHELLS;44;15
30000;;SUBMISSION;VEV_5400;SEASHELLS;15;15
30100;;SUBMISSION;VEV_5200;SEASHELLS;90;15
30100;;SUBMISSION;VEV_5300;SEASHELLS;43;15
30200;;SUBMISSION;VEV_5100;SEASHELLS;157;30
30200;;SUBMISSION;VEV_5200;SEASHELLS;90;30
30200;;SUBMISSION;VEV_5300;SEASHELLS;43;15
30300;;SUBMISSION;VEV_5000;SEASHELLS;241;15
30300;;SUBMISSION;VEV_5100;SEASHELLS;156;15
30400;;SUBMISSION;VEV_5300;SEASHELLS;42;15
30500;;SUBMISSION;VEV_5100;SEASHELLS;155;15
30500;;SUBMISSION;VEV_5300;SEASHELLS;42;15
30600;;SUBMISSION;VEV_5300;SEASHELLS;42;15
30700;SUBMISSION;;VELVETFRUIT_EXTRACT;SEASHELLS;5237;20
30700;;SUBMISSION;VEV_5300;SEASHELLS;42;15
30800;SUBMISSION;;VELVETFRUIT_EXTRACT;SEASHELLS;5237;20
30800;;SUBMISSION;VEV_5300;SEASHELLS;42;15
30900;SUBMISSION;;VELVETFRUIT_EXTRACT;SEASHELLS;5237;60
31000;SUBMISSION;;VELVETFRUIT_EXTRACT;SEASHELLS;5237;50
31000;;SUBMISSION;VEV_5300;SEASHELLS;42;15
31100;SUBMISSION;;VELVETFRUIT_EXTRACT;SEASHELLS;5237;40
31200;SUBMISSION;;VELVETFRUIT_EXTRACT;SEASHELLS;5234;10
31300;SUBMISSION;;VELVETFRUIT_EXTRACT;SEASHELLS;5235;60
31300;SUBMISSION;;VEV_5100;SEASHELLS;157;15
31300;SUBMISSION;;VEV_5300;SEASHELLS;43;15
31400;SUBMISSION;;VELVETFRUIT_EXTRACT;SEASHELLS;5234;20
31400;SUBMISSION;;VEV_5300;SEASHELLS;43;15
31500;SUBMISSION;;VELVETFRUIT_EXTRACT;SEASHELLS;5234;10
31500;SUBMISSION;;VEV_4000;SEASHELLS;1242;15
31500;SUBMISSION;;VEV_5200;SEASHELLS;89;15
31500;SUBMISSION;;VEV_5300;SEASHELLS;43;15
31500;SUBMISSION;;VEV_5400;SEASHELLS;15;15
31600;SUBMISSION;;VELVETFRUIT_EXTRACT;SEASHELLS;5235;10
31600;SUBMISSION;;VEV_5200;SEASHELLS;90;15
31600;SUBMISSION;;VEV_5300;SEASHELLS;43;15
31700;SUBMISSION;;VELVETFRUIT_EXTRACT;SEASHELLS;5237;50
31800;SUBMISSION;;VELVETFRUIT_EXTRACT;SEASHELLS;5237;10
31800;SUBMISSION;;VEV_4000;SEASHELLS;1245;15
31900;;SUBMISSION;VEV_5100;SEASHELLS;155;15
32100;SUBMISSION;;VELVETFRUIT_EXTRACT;SEASHELLS;5237;10
32100;SUBMISSION;;VEV_5200;SEASHELLS;91;15
32200;;SUBMISSION;VEV_5000;SEASHELLS;240;15
32300;;SUBMISSION;VEV_5000;SEASHELLS;241;15
32300;;SUBMISSION;VEV_5100;SEASHELLS;156;15
32400;;SUBMISSION;VELVETFRUIT_EXTRACT;SEASHELLS;5236;20
32400;;SUBMISSION;VEV_5100;SEASHELLS;157;15
32400;;SUBMISSION;VEV_5200;SEASHELLS;90;15
32400;;SUBMISSION;VEV_5300;SEASHELLS;43;15
32400;;SUBMISSION;VEV_5400;SEASHELLS;15;15
32500;;SUBMISSION;VELVETFRUIT_EXTRACT;SEASHELLS;5235;10
32500;;SUBMISSION;VEV_5200;SEASHELLS;90;15
32500;;SUBMISSION;VEV_5300;SEASHELLS;43;15
32600;;SUBMISSION;HYDROGEL_PACK;SEASHELLS;9946;10
32600;;SUBMISSION;VEV_5000;SEASHELLS;241;15
32600;;SUBMISSION;VEV_5100;SEASHELLS;156;15
32700;;SUBMISSION;HYDROGEL_PACK;SEASHELLS;9948;10
32700;;SUBMISSION;VELVETFRUIT_EXTRACT;SEASHELLS;5235;50
32700;;SUBMISSION;VEV_5000;SEASHELLS;242;15
32700;;SUBMISSION;VEV_5100;SEASHELLS;157;15
32700;;SUBMISSION;VEV_5200;SEASHELLS;90;15
32700;;SUBMISSION;VEV_5300;SEASHELLS;43;15
32800;;SUBMISSION;HYDROGEL_PACK;SEASHELLS;9948;10
32800;;SUBMISSION;VELVETFRUIT_EXTRACT;SEASHELLS;5236;50
32800;;SUBMISSION;VEV_5200;SEASHELLS;91;15
32800;;SUBMISSION;VEV_5300;SEASHELLS;43;15
32800;;SUBMISSION;VEV_5400;SEASHELLS;15;15
32900;;SUBMISSION;HYDROGEL_PACK;SEASHELLS;9947;10
32900;;SUBMISSION;VELVETFRUIT_EXTRACT;SEASHELLS;5236;50
32900;;SUBMISSION;VEV_5200;SEASHELLS;91;15
32900;;SUBMISSION;VEV_5300;SEASHELLS;43;15
32900;;SUBMISSION;VEV_5400;SEASHELLS;15;15
33000;;SUBMISSION;HYDROGEL_PACK;SEASHELLS;9947;10
33000;;SUBMISSION;VELVETFRUIT_EXTRACT;SEASHELLS;5237;50
33000;;SUBMISSION;VEV_5200;SEASHELLS;91;30
33000;;SUBMISSION;VEV_5400;SEASHELLS;15;15
33100;;SUBMISSION;HYDROGEL_PACK;SEASHELLS;9945;10
33100;;SUBMISSION;VELVETFRUIT_EXTRACT;SEASHELLS;5237;70
33100;;SUBMISSION;VEV_5200;SEASHELLS;91;30
33100;;SUBMISSION;VEV_5400;SEASHELLS;15;15
33200;;SUBMISSION;HYDROGEL_PACK;SEASHELLS;9947;10
33200;;SUBMISSION;VELVETFRUIT_EXTRACT;SEASHELLS;5237;50
33200;;SUBMISSION;VEV_5200;SEASHELLS;91;30
33200;;SUBMISSION;VEV_5400;SEASHELLS;15;15
33300;;SUBMISSION;HYDROGEL_PACK;SEASHELLS;9947;10
33300;;SUBMISSION;VELVETFRUIT_EXTRACT;SEASHELLS;5237;10
33300;;SUBMISSION;VEV_5000;SEASHELLS;243;30
33300;;SUBMISSION;VEV_5100;SEASHELLS;158;30
33300;;SUBMISSION;VEV_5200;SEASHELLS;91;30
33300;;SUBMISSION;VEV_5300;SEASHELLS;43;15
33300;;SUBMISSION;VEV_5400;SEASHELLS;15;15
33400;;SUBMISSION;HYDROGEL_PACK;SEASHELLS;9947;10
33400;;SUBMISSION;VELVETFRUIT_EXTRACT;SEASHELLS;5236;10
33400;;SUBMISSION;VEV_5100;SEASHELLS;157;30
33400;;SUBMISSION;VEV_5200;SEASHELLS;90;30
33400;;SUBMISSION;VEV_5300;SEASHELLS;43;15
33400;;SUBMISSION;VEV_5400;SEASHELLS;15;15
33500;;SUBMISSION;HYDROGEL_PACK;SEASHELLS;9948;10
33500;;SUBMISSION;VEV_5200;SEASHELLS;90;15
33500;;SUBMISSION;VEV_5300;SEASHELLS;43;15
33600;;SUBMISSION;HYDROGEL_PACK;SEASHELLS;9948;10
33600;;SUBMISSION;VEV_5100;SEASHELLS;156;15
33700;;SUBMISSION;HYDROGEL_PACK;SEASHELLS;9947;10
33700;;SUBMISSION;VEV_5100;SEASHELLS;155;15
33800;;SUBMISSION;HYDROGEL_PACK;SEASHELLS;9945;10
33900;;SUBMISSION;HYDROGEL_PACK;SEASHELLS;9946;10
33900;;SUBMISSION;VEV_5000;SEASHELLS;240;30
33900;;SUBMISSION;VEV_5100;SEASHELLS;155;30
34200;SUBMISSION;;VELVETFRUIT_EXTRACT;SEASHELLS;5236;10
34900;;SUBMISSION;HYDROGEL_PACK;SEASHELLS;9945;10
35100;;SUBMISSION;VELVETFRUIT_EXTRACT;SEASHELLS;5234;10
35100;SUBMISSION;;VEV_4000;SEASHELLS;1245;15
35300;SUBMISSION;;VEV_4000;SEASHELLS;1243;15
35400;;SUBMISSION;HYDROGEL_PACK;SEASHELLS;9947;10
35500;;SUBMISSION;HYDROGEL_PACK;SEASHELLS;9946;10
35600;;SUBMISSION;HYDROGEL_PACK;SEASHELLS;9946;10
35600;SUBMISSION;;VEV_4000;SEASHELLS;1244;15
36500;SUBMISSION;;VEV_5100;SEASHELLS;157;30
36600;SUBMISSION;;VEV_5100;SEASHELLS;157;15
36700;SUBMISSION;;HYDROGEL_PACK;SEASHELLS;9952;10
36800;SUBMISSION;;HYDROGEL_PACK;SEASHELLS;9951;10
36800;SUBMISSION;;VEV_5100;SEASHELLS;157;15
37000;SUBMISSION;;VELVETFRUIT_EXTRACT;SEASHELLS;5233;20
37000;SUBMISSION;;VEV_5000;SEASHELLS;242;15
37000;SUBMISSION;;VEV_5100;SEASHELLS;156;15
37000;SUBMISSION;;VEV_5200;SEASHELLS;89;15
37000;SUBMISSION;;VEV_5300;SEASHELLS;42;15
37300;SUBMISSION;;VEV_4000;SEASHELLS;1243;15
37300;SUBMISSION;;VEV_5100;SEASHELLS;157;15
37400;SUBMISSION;;HYDROGEL_PACK;SEASHELLS;9952;10
37400;SUBMISSION;;VEV_5100;SEASHELLS;157;15
37500;SUBMISSION;;VEV_4000;SEASHELLS;1242;15
37500;SUBMISSION;;VEV_5200;SEASHELLS;89;30
37500;SUBMISSION;;VEV_5300;SEASHELLS;42;15
37700;SUBMISSION;;VEV_5200;SEASHELLS;89;15
37800;SUBMISSION;;VEV_5200;SEASHELLS;89;15
37800;SUBMISSION;;VEV_5400;SEASHELLS;15;15
37900;SUBMISSION;;VELVETFRUIT_EXTRACT;SEASHELLS;5234;70
37900;SUBMISSION;;VEV_5000;SEASHELLS;242;15
37900;SUBMISSION;;VEV_5100;SEASHELLS;156;15
37900;SUBMISSION;;VEV_5200;SEASHELLS;89;15
37900;SUBMISSION;;VEV_5300;SEASHELLS;42;15
37900;SUBMISSION;;VEV_5400;SEASHELLS;15;15
38000;SUBMISSION;;VEV_5000;SEASHELLS;242;15
38000;SUBMISSION;;VEV_5100;SEASHELLS;156;15
38000;SUBMISSION;;VEV_5200;SEASHELLS;89;15
38000;SUBMISSION;;VEV_5300;SEASHELLS;42;15
38000;SUBMISSION;;VEV_5400;SEASHELLS;15;15
38100;SUBMISSION;;VELVETFRUIT_EXTRACT;SEASHELLS;5233;20
38100;SUBMISSION;;VEV_5200;SEASHELLS;89;15
38100;SUBMISSION;;VEV_5300;SEASHELLS;42;15
38100;SUBMISSION;;VEV_5400;SEASHELLS;15;15
38200;SUBMISSION;;VEV_5400;SEASHELLS;15;15
38300;SUBMISSION;;VEV_5000;SEASHELLS;243;15
38300;SUBMISSION;;VEV_5100;SEASHELLS;157;15
38300;SUBMISSION;;VEV_5400;SEASHELLS;15;15
38400;SUBMISSION;;HYDROGEL_PACK;SEASHELLS;9953;10
38400;SUBMISSION;;VEV_5000;SEASHELLS;242;15
38400;SUBMISSION;;VEV_5100;SEASHELLS;156;15
38400;SUBMISSION;;VEV_5200;SEASHELLS;89;15
38400;SUBMISSION;;VEV_5300;SEASHELLS;42;15
38400;SUBMISSION;;VEV_5400;SEASHELLS;15;15
38500;SUBMISSION;;HYDROGEL_PACK;SEASHELLS;9952;10
38500;SUBMISSION;;VELVETFRUIT_EXTRACT;SEASHELLS;5234;20
38600;SUBMISSION;;HYDROGEL_PACK;SEASHELLS;9951;10
38600;SUBMISSION;;VEV_5100;SEASHELLS;157;15
38700;SUBMISSION;;HYDROGEL_PACK;SEASHELLS;9953;10
38700;SUBMISSION;;VELVETFRUIT_EXTRACT;SEASHELLS;5234;50
38700;SUBMISSION;;VEV_5000;SEASHELLS;242;30
38700;SUBMISSION;;VEV_5100;SEASHELLS;156;30
38700;SUBMISSION;;VEV_5200;SEASHELLS;89;30
38700;SUBMISSION;;VEV_5300;SEASHELLS;42;15
38700;SUBMISSION;;VEV_5400;SEASHELLS;15;15
38800;SUBMISSION;;HYDROGEL_PACK;SEASHELLS;9953;10
38800;SUBMISSION;;VELVETFRUIT_EXTRACT;SEASHELLS;5233;20
38800;SUBMISSION;;VEV_5300;SEASHELLS;42;15
38800;SUBMISSION;;VEV_5400;SEASHELLS;15;15
38900;SUBMISSION;;VEV_4000;SEASHELLS;1243;15
38900;SUBMISSION;;VEV_5100;SEASHELLS;157;15
39100;SUBMISSION;;VEV_4000;SEASHELLS;1243;15
39100;SUBMISSION;;VEV_5100;SEASHELLS;157;30
39200;;SUBMISSION;VELVETFRUIT_EXTRACT;SEASHELLS;5232;10
39200;SUBMISSION;;VEV_4000;SEASHELLS;1245;15
39300;;SUBMISSION;VELVETFRUIT_EXTRACT;SEASHELLS;5232;20
39400;SUBMISSION;;HYDROGEL_PACK;SEASHELLS;9951;10
39500;SUBMISSION;;HYDROGEL_PACK;SEASHELLS;9949;10
39600;SUBMISSION;;HYDROGEL_PACK;SEASHELLS;9949;10
39600;;SUBMISSION;VELVETFRUIT_EXTRACT;SEASHELLS;5232;10
39700;SUBMISSION;;HYDROGEL_PACK;SEASHELLS;9949;10
39700;;SUBMISSION;VELVETFRUIT_EXTRACT;SEASHELLS;5232;50
39800;SUBMISSION;;HYDROGEL_PACK;SEASHELLS;9951;10
39800;;SUBMISSION;VELVETFRUIT_EXTRACT;SEASHELLS;5232;50
39900;SUBMISSION;;HYDROGEL_PACK;SEASHELLS;9953;10
39900;;SUBMISSION;VELVETFRUIT_EXTRACT;SEASHELLS;5232;60
40000;SUBMISSION;;HYDROGEL_PACK;SEASHELLS;9953;10
40100;SUBMISSION;;HYDROGEL_PACK;SEASHELLS;9951;10
40200;SUBMISSION;;HYDROGEL_PACK;SEASHELLS;9953;10
40200;SUBMISSION;;VEV_5200;SEASHELLS;89;15
40200;SUBMISSION;;VEV_5300;SEASHELLS;42;15
40200;SUBMISSION;;VEV_5400;SEASHELLS;15;15
40300;SUBMISSION;;HYDROGEL_PACK;SEASHELLS;9951;10
40300;SUBMISSION;;VEV_5300;SEASHELLS;43;15
40400;SUBMISSION;;HYDROGEL_PACK;SEASHELLS;9951;10
40400;SUBMISSION;;VEV_5300;SEASHELLS;43;15
40500;SUBMISSION;;HYDROGEL_PACK;SEASHELLS;9950;10
40500;SUBMISSION;;VEV_5300;SEASHELLS;43;15
40600;SUBMISSION;;HYDROGEL_PACK;SEASHELLS;9953;10
40600;SUBMISSION;;VEV_5000;SEASHELLS;243;15
40600;SUBMISSION;;VEV_5100;SEASHELLS;157;15
40600;SUBMISSION;;VEV_5300;SEASHELLS;43;15
40600;SUBMISSION;;VEV_5400;SEASHELLS;15;15
40700;SUBMISSION;;HYDROGEL_PACK;SEASHELLS;9952;10
40700;SUBMISSION;;VEV_5200;SEASHELLS;89;15
40700;SUBMISSION;;VEV_5400;SEASHELLS;15;15
40800;SUBMISSION;;HYDROGEL_PACK;SEASHELLS;9953;10
40800;SUBMISSION;;VEV_5200;SEASHELLS;89;15
40800;SUBMISSION;;VEV_5400;SEASHELLS;15;15
40900;SUBMISSION;;HYDROGEL_PACK;SEASHELLS;9951;10
40900;SUBMISSION;;VEV_5100;SEASHELLS;157;30
40900;SUBMISSION;;VEV_5200;SEASHELLS;89;30
40900;SUBMISSION;;VEV_5300;SEASHELLS;43;15
40900;SUBMISSION;;VEV_5400;SEASHELLS;15;15
41000;SUBMISSION;;HYDROGEL_PACK;SEASHELLS;9952;10
41000;SUBMISSION;;VEV_5200;SEASHELLS;88;15
41000;SUBMISSION;;VEV_5300;SEASHELLS;42;15
41000;SUBMISSION;;VEV_5400;SEASHELLS;15;15
41100;SUBMISSION;;HYDROGEL_PACK;SEASHELLS;9952;10
41100;SUBMISSION;;VELVETFRUIT_EXTRACT;SEASHELLS;5233;50
41100;SUBMISSION;;VEV_5000;SEASHELLS;241;15
41100;SUBMISSION;;VEV_5100;SEASHELLS;155;15
41100;SUBMISSION;;VEV_5200;SEASHELLS;88;15
41100;SUBMISSION;;VEV_5300;SEASHELLS;42;15
41200;SUBMISSION;;HYDROGEL_PACK;SEASHELLS;9953;10
41200;SUBMISSION;;VELVETFRUIT_EXTRACT;SEASHELLS;5231;20
41200;SUBMISSION;;VEV_5100;SEASHELLS;154;15
41200;SUBMISSION;;VEV_5200;SEASHELLS;87;15
41200;SUBMISSION;;VEV_5300;SEASHELLS;41;15
41200;SUBMISSION;;VEV_5400;SEASHELLS;14;15
41200;SUBMISSION;;VEV_5500;SEASHELLS;7;15
41300;SUBMISSION;;HYDROGEL_PACK;SEASHELLS;9953;10
41300;SUBMISSION;;VELVETFRUIT_EXTRACT;SEASHELLS;5230;10
41300;SUBMISSION;;VEV_5100;SEASHELLS;153;15
41300;SUBMISSION;;VEV_5300;SEASHELLS;41;15
41300;SUBMISSION;;VEV_5400;SEASHELLS;14;15
41300;SUBMISSION;;VEV_5500;SEASHELLS;6;15
41400;SUBMISSION;;HYDROGEL_PACK;SEASHELLS;9952;10
41400;SUBMISSION;;VELVETFRUIT_EXTRACT;SEASHELLS;5230;20
41400;SUBMISSION;;VEV_4000;SEASHELLS;1238;15
41400;SUBMISSION;;VEV_5100;SEASHELLS;153;15
41400;SUBMISSION;;VEV_5300;SEASHELLS;41;15
41400;SUBMISSION;;VEV_5400;SEASHELLS;14;15
41400;SUBMISSION;;VEV_5500;SEASHELLS;6;15
41500;SUBMISSION;;HYDROGEL_PACK;SEASHELLS;9953;10
41500;SUBMISSION;;VELVETFRUIT_EXTRACT;SEASHELLS;5231;60
41500;SUBMISSION;;VEV_5100;SEASHELLS;154;15
41500;SUBMISSION;;VEV_5200;SEASHELLS;87;15
41500;SUBMISSION;;VEV_5300;SEASHELLS;41;15
41500;SUBMISSION;;VEV_5400;SEASHELLS;14;15
41500;SUBMISSION;;VEV_5500;SEASHELLS;7;15
41600;SUBMISSION;;HYDROGEL_PACK;SEASHELLS;9952;10
41600;SUBMISSION;;VEV_5100;SEASHELLS;153;30
41600;SUBMISSION;;VEV_5300;SEASHELLS;41;15
41600;SUBMISSION;;VEV_5400;SEASHELLS;14;15
41600;SUBMISSION;;VEV_5500;SEASHELLS;6;15
41700;SUBMISSION;;HYDROGEL_PACK;SEASHELLS;9950;10
41700;SUBMISSION;;VELVETFRUIT_EXTRACT;SEASHELLS;5231;50
41700;SUBMISSION;;VEV_4000;SEASHELLS;1238;15
41700;SUBMISSION;;VEV_5000;SEASHELLS;239;15
41700;SUBMISSION;;VEV_5200;SEASHELLS;87;15
41700;SUBMISSION;;VEV_5300;SEASHELLS;41;15
41700;SUBMISSION;;VEV_5400;SEASHELLS;14;15
41700;SUBMISSION;;VEV_5500;SEASHELLS;7;15
41800;SUBMISSION;;VELVETFRUIT_EXTRACT;SEASHELLS;5232;40
41800;SUBMISSION;;VEV_5400;SEASHELLS;14;15
41800;SUBMISSION;;VEV_5500;SEASHELLS;7;15
41900;SUBMISSION;;VELVETFRUIT_EXTRACT;SEASHELLS;5231;50
41900;SUBMISSION;;VEV_5000;SEASHELLS;239;15
41900;SUBMISSION;;VEV_5200;SEASHELLS;87;15
41900;SUBMISSION;;VEV_5300;SEASHELLS;41;15
41900;SUBMISSION;;VEV_5400;SEASHELLS;14;15
41900;SUBMISSION;;VEV_5500;SEASHELLS;7;15
42000;SUBMISSION;;VELVETFRUIT_EXTRACT;SEASHELLS;5231;60
42000;SUBMISSION;;VEV_5100;SEASHELLS;154;15
42000;SUBMISSION;;VEV_5200;SEASHELLS;87;15
42000;SUBMISSION;;VEV_5300;SEASHELLS;41;15
42000;SUBMISSION;;VEV_5400;SEASHELLS;14;15
42000;SUBMISSION;;VEV_5500;SEASHELLS;7;15
42100;SUBMISSION;;VELVETFRUIT_EXTRACT;SEASHELLS;5231;10
42100;SUBMISSION;;VEV_5000;SEASHELLS;240;15
42100;SUBMISSION;;VEV_5100;SEASHELLS;154;15
42100;SUBMISSION;;VEV_5200;SEASHELLS;87;15
42100;SUBMISSION;;VEV_5300;SEASHELLS;41;15
42100;SUBMISSION;;VEV_5400;SEASHELLS;14;15
42100;SUBMISSION;;VEV_5500;SEASHELLS;7;15
42200;SUBMISSION;;VEV_5200;SEASHELLS;88;15
42200;SUBMISSION;;VEV_5300;SEASHELLS;42;15
42200;SUBMISSION;;VEV_5400;SEASHELLS;15;15
42300;SUBMISSION;;VEV_5000;SEASHELLS;243;15
42300;SUBMISSION;;VEV_5100;SEASHELLS;157;15
42300;SUBMISSION;;VEV_5200;SEASHELLS;89;15
42300;SUBMISSION;;VEV_5300;SEASHELLS;43;15
42300;SUBMISSION;;VEV_5400;SEASHELLS;15;15
42400;SUBMISSION;;VEV_5200;SEASHELLS;89;30
42400;SUBMISSION;;VEV_5300;SEASHELLS;42;15
42400;SUBMISSION;;VEV_5400;SEASHELLS;15;15
42500;SUBMISSION;;VEV_5000;SEASHELLS;242;30
42500;SUBMISSION;;VEV_5100;SEASHELLS;156;30
42500;SUBMISSION;;VEV_5200;SEASHELLS;89;30
42500;SUBMISSION;;VEV_5300;SEASHELLS;42;15
42500;SUBMISSION;;VEV_5400;SEASHELLS;15;15
42600;;SUBMISSION;HYDROGEL_PACK;SEASHELLS;9954;10
42600;SUBMISSION;;VEV_5200;SEASHELLS;88;30
42600;SUBMISSION;;VEV_5300;SEASHELLS;42;15
42600;SUBMISSION;;VEV_5400;SEASHELLS;15;15
42700;SUBMISSION;;VEV_5200;SEASHELLS;89;15
42700;SUBMISSION;;VEV_5400;SEASHELLS;15;15
42800;SUBMISSION;;VEV_5100;SEASHELLS;156;15
42800;SUBMISSION;;VEV_5200;SEASHELLS;89;15
42800;SUBMISSION;;VEV_5300;SEASHELLS;42;15
42800;SUBMISSION;;VEV_5400;SEASHELLS;15;15
42900;SUBMISSION;;HYDROGEL_PACK;SEASHELLS;9961;10
42900;SUBMISSION;;VEV_5000;SEASHELLS;242;15
42900;SUBMISSION;;VEV_5100;SEASHELLS;156;15
42900;SUBMISSION;;VEV_5200;SEASHELLS;89;15
42900;SUBMISSION;;VEV_5300;SEASHELLS;42;15
42900;SUBMISSION;;VEV_5400;SEASHELLS;15;15
43000;SUBMISSION;;VEV_5100;SEASHELLS;156;30
43000;SUBMISSION;;VEV_5300;SEASHELLS;42;15
43000;SUBMISSION;;VEV_5400;SEASHELLS;15;15
43100;SUBMISSION;;VEV_5000;SEASHELLS;242;15
43100;SUBMISSION;;VEV_5100;SEASHELLS;156;15
43100;SUBMISSION;;VEV_5300;SEASHELLS;42;15
43100;SUBMISSION;;VEV_5400;SEASHELLS;15;15
43200;SUBMISSION;;VELVETFRUIT_EXTRACT;SEASHELLS;5233;20
43200;SUBMISSION;;VEV_5100;SEASHELLS;156;15
43200;SUBMISSION;;VEV_5200;SEASHELLS;88;15
43200;SUBMISSION;;VEV_5300;SEASHELLS;42;15
43200;SUBMISSION;;VEV_5400;SEASHELLS;15;15
43300;SUBMISSION;;VEV_5000;SEASHELLS;242;15
43300;SUBMISSION;;VEV_5100;SEASHELLS;156;15
43300;SUBMISSION;;VEV_5300;SEASHELLS;42;15
43300;SUBMISSION;;VEV_5400;SEASHELLS;15;15
43400;SUBMISSION;;VEV_5400;SEASHELLS;15;15
43500;SUBMISSION;;VELVETFRUIT_EXTRACT;SEASHELLS;5232;10
43500;SUBMISSION;;VEV_5100;SEASHELLS;155;15
43500;SUBMISSION;;VEV_5200;SEASHELLS;88;15
43500;SUBMISSION;;VEV_5300;SEASHELLS;42;15
43500;SUBMISSION;;VEV_5400;SEASHELLS;14;15
43500;SUBMISSION;;VEV_5500;SEASHELLS;7;15
43600;SUBMISSION;;VEV_5200;SEASHELLS;89;30
43600;SUBMISSION;;VEV_5400;SEASHELLS;15;15
43700;SUBMISSION;;VEV_4000;SEASHELLS;1243;15
43700;SUBMISSION;;VEV_5300;SEASHELLS;43;15
43800;SUBMISSION;;VEV_5200;SEASHELLS;90;15
43800;SUBMISSION;;VEV_5300;SEASHELLS;43;15
43900;SUBMISSION;;VEV_5300;SEASHELLS;43;15
44400;SUBMISSION;;VEV_5500;SEASHELLS;7;15
44500;SUBMISSION;;VEV_5500;SEASHELLS;7;15
44600;SUBMISSION;;VEV_5500;SEASHELLS;7;15
44700;SUBMISSION;;VEV_5500;SEASHELLS;7;15
44900;;SUBMISSION;VELVETFRUIT_EXTRACT;SEASHELLS;5242;40
44900;;SUBMISSION;VEV_5000;SEASHELLS;248;15
44900;;SUBMISSION;VEV_5100;SEASHELLS;162;15
44900;;SUBMISSION;VEV_5300;SEASHELLS;45;15
44900;;SUBMISSION;VEV_5400;SEASHELLS;16;15
44900;;SUBMISSION;VEV_5500;SEASHELLS;7;15
45000;;SUBMISSION;VELVETFRUIT_EXTRACT;SEASHELLS;5242;10
45000;;SUBMISSION;VEV_5300;SEASHELLS;45;15
45000;;SUBMISSION;VEV_5400;SEASHELLS;16;15
45000;;SUBMISSION;VEV_5500;SEASHELLS;7;15
45100;;SUBMISSION;HYDROGEL_PACK;SEASHELLS;9964;10
45100;;SUBMISSION;VEV_5200;SEASHELLS;93;15
45100;;SUBMISSION;VEV_5300;SEASHELLS;45;15
45100;;SUBMISSION;VEV_5400;SEASHELLS;16;15
45100;;SUBMISSION;VEV_5500;SEASHELLS;7;15
45200;SUBMISSION;;VELVETFRUIT_EXTRACT;SEASHELLS;5244;20
45200;SUBMISSION;;VEV_5300;SEASHELLS;46;15
45300;SUBMISSION;;VELVETFRUIT_EXTRACT;SEASHELLS;5243;20
45300;SUBMISSION;;VEV_5000;SEASHELLS;251;15
45300;SUBMISSION;;VEV_5100;SEASHELLS;164;15
45300;SUBMISSION;;VEV_5200;SEASHELLS;94;15
45300;SUBMISSION;;VEV_5300;SEASHELLS;46;15
45300;SUBMISSION;;VEV_5400;SEASHELLS;16;15
45300;SUBMISSION;;VEV_5500;SEASHELLS;7;15
45400;SUBMISSION;;VEV_5300;SEASHELLS;46;15
45600;SUBMISSION;;VELVETFRUIT_EXTRACT;SEASHELLS;5243;10
45600;;SUBMISSION;VEV_5500;SEASHELLS;7;15
45700;;SUBMISSION;HYDROGEL_PACK;SEASHELLS;9964;10
45700;;SUBMISSION;VEV_5400;SEASHELLS;16;15
45700;;SUBMISSION;VEV_5500;SEASHELLS;7;15
45800;;SUBMISSION;VEV_5100;SEASHELLS;163;30
45800;;SUBMISSION;VEV_5400;SEASHELLS;16;15
45800;;SUBMISSION;VEV_5500;SEASHELLS;7;15
45900;;SUBMISSION;VELVETFRUIT_EXTRACT;SEASHELLS;5245;60
45900;;SUBMISSION;VEV_4000;SEASHELLS;1237;15
45900;;SUBMISSION;VEV_5300;SEASHELLS;46;15
45900;;SUBMISSION;VEV_5400;SEASHELLS;16;15
45900;;SUBMISSION;VEV_5500;SEASHELLS;7;15
46000;;SUBMISSION;VELVETFRUIT_EXTRACT;SEASHELLS;5245;60
46000;;SUBMISSION;VEV_5300;SEASHELLS;46;15
46000;;SUBMISSION;VEV_5400;SEASHELLS;16;15
46000;;SUBMISSION;VEV_5500;SEASHELLS;7;15
46100;;SUBMISSION;VELVETFRUIT_EXTRACT;SEASHELLS;5246;20
46100;;SUBMISSION;VEV_5000;SEASHELLS;251;15
46100;;SUBMISSION;VEV_5100;SEASHELLS;165;15
46100;;SUBMISSION;VEV_5200;SEASHELLS;96;15
46100;;SUBMISSION;VEV_5400;SEASHELLS;16;15
46100;;SUBMISSION;VEV_5500;SEASHELLS;7;15
46200;;SUBMISSION;VELVETFRUIT_EXTRACT;SEASHELLS;5246;10
46200;;SUBMISSION;VEV_5000;SEASHELLS;251;30
46200;;SUBMISSION;VEV_5100;SEASHELLS;165;30
46200;;SUBMISSION;VEV_5200;SEASHELLS;96;30
46200;;SUBMISSION;VEV_5300;SEASHELLS;46;15
46200;;SUBMISSION;VEV_5400;SEASHELLS;16;15
46200;;SUBMISSION;VEV_5500;SEASHELLS;7;15
46300;;SUBMISSION;HYDROGEL_PACK;SEASHELLS;9964;10
46300;;SUBMISSION;VEV_5400;SEASHELLS;16;15
46300;;SUBMISSION;VEV_5500;SEASHELLS;7;15
46400;;SUBMISSION;HYDROGEL_PACK;SEASHELLS;9966;10
46400;;SUBMISSION;VEV_5400;SEASHELLS;16;15
46400;;SUBMISSION;VEV_5500;SEASHELLS;7;15
46500;;SUBMISSION;HYDROGEL_PACK;SEASHELLS;9966;10
46500;;SUBMISSION;VELVETFRUIT_EXTRACT;SEASHELLS;5244;20
46500;;SUBMISSION;VEV_5300;SEASHELLS;46;15
46500;;SUBMISSION;VEV_5400;SEASHELLS;16;15
46500;;SUBMISSION;VEV_5500;SEASHELLS;7;15
46600;;SUBMISSION;HYDROGEL_PACK;SEASHELLS;9968;10
46600;;SUBMISSION;VEV_5000;SEASHELLS;249;15
46600;;SUBMISSION;VEV_5300;SEASHELLS;46;15
46600;;SUBMISSION;VEV_5400;SEASHELLS;16;15
46600;;SUBMISSION;VEV_5500;SEASHELLS;7;15
46700;;SUBMISSION;HYDROGEL_PACK;SEASHELLS;9966;10
46700;;SUBMISSION;VELVETFRUIT_EXTRACT;SEASHELLS;5246;20
46700;;SUBMISSION;VEV_5200;SEASHELLS;96;15
46700;;SUBMISSION;VEV_5300;SEASHELLS;47;15
46700;;SUBMISSION;VEV_5500;SEASHELLS;7;15
46800;;SUBMISSION;HYDROGEL_PACK;SEASHELLS;9968;10
46800;;SUBMISSION;VELVETFRUIT_EXTRACT;SEASHELLS;5245;20
46800;;SUBMISSION;VEV_5200;SEASHELLS;95;30
46800;;SUBMISSION;VEV_5300;SEASHELLS;46;15
46800;;SUBMISSION;VEV_5400;SEASHELLS;16;15
46800;;SUBMISSION;VEV_5500;SEASHELLS;7;15
46900;;SUBMISSION;HYDROGEL_PACK;SEASHELLS;9964;10
46900;;SUBMISSION;VEV_5400;SEASHELLS;16;15
46900;;SUBMISSION;VEV_5500;SEASHELLS;7;15
47000;;SUBMISSION;HYDROGEL_PACK;SEASHELLS;9964;10
47000;SUBMISSION;;VELVETFRUIT_EXTRACT;SEASHELLS;5246;10
47000;;SUBMISSION;VEV_5400;SEASHELLS;16;15
47100;;SUBMISSION;HYDROGEL_PACK;SEASHELLS;9964;10
47100;SUBMISSION;;VELVETFRUIT_EXTRACT;SEASHELLS;5246;60
47200;;SUBMISSION;HYDROGEL_PACK;SEASHELLS;9965;10
47200;;SUBMISSION;VEV_5400;SEASHELLS;16;15
47200;;SUBMISSION;VEV_5500;SEASHELLS;7;15
47300;;SUBMISSION;VEV_5400;SEASHELLS;16;15
47300;;SUBMISSION;VEV_5500;SEASHELLS;7;15
47400;;SUBMISSION;VEV_5000;SEASHELLS;249;15
47400;;SUBMISSION;VEV_5300;SEASHELLS;46;15
47400;;SUBMISSION;VEV_5400;SEASHELLS;16;15
47400;;SUBMISSION;VEV_5500;SEASHELLS;7;15
47500;;SUBMISSION;VELVETFRUIT_EXTRACT;SEASHELLS;5244;10
47500;;SUBMISSION;VEV_5100;SEASHELLS;164;15
47500;;SUBMISSION;VEV_5200;SEASHELLS;95;15
47500;;SUBMISSION;VEV_5300;SEASHELLS;46;15
47500;;SUBMISSION;VEV_5400;SEASHELLS;16;15
47500;;SUBMISSION;VEV_5500;SEASHELLS;7;15
47600;;SUBMISSION;VEV_4000;SEASHELLS;1236;15
47600;;SUBMISSION;VEV_5100;SEASHELLS;164;15
47600;;SUBMISSION;VEV_5200;SEASHELLS;95;15
47600;;SUBMISSION;VEV_5300;SEASHELLS;46;15
47600;;SUBMISSION;VEV_5400;SEASHELLS;16;15
47600;;SUBMISSION;VEV_5500;SEASHELLS;7;15
47700;;SUBMISSION;VEV_5400;SEASHELLS;16;15
47700;;SUBMISSION;VEV_5500;SEASHELLS;7;15
47800;;SUBMISSION;VEV_5300;SEASHELLS;46;15
47800;;SUBMISSION;VEV_5500;SEASHELLS;7;15
47900;;SUBMISSION;VEV_5500;SEASHELLS;7;15
48000;;SUBMISSION;VEV_5500;SEASHELLS;7;15
48100;SUBMISSION;;VELVETFRUIT_EXTRACT;SEASHELLS;5246;50
48200;;SUBMISSION;VEV_5500;SEASHELLS;7;15
48300;;SUBMISSION;VEV_5500;SEASHELLS;7;15
48400;;SUBMISSION;VEV_5500;SEASHELLS;7;15
48500;;SUBMISSION;VEV_5500;SEASHELLS;7;15
48600;;SUBMISSION;VEV_5500;SEASHELLS;7;15
48700;;SUBMISSION;VEV_4000;SEASHELLS;1235;15
48700;;SUBMISSION;VEV_5500;SEASHELLS;7;15
48900;SUBMISSION;;VELVETFRUIT_EXTRACT;SEASHELLS;5246;20
49100;;SUBMISSION;HYDROGEL_PACK;SEASHELLS;9973;10
49200;;SUBMISSION;HYDROGEL_PACK;SEASHELLS;9968;10
49200;SUBMISSION;;VELVETFRUIT_EXTRACT;SEASHELLS;5246;10
49300;;SUBMISSION;HYDROGEL_PACK;SEASHELLS;9967;10
49300;SUBMISSION;;VELVETFRUIT_EXTRACT;SEASHELLS;5246;20
49400;;SUBMISSION;HYDROGEL_PACK;SEASHELLS;9971;10
49400;SUBMISSION;;VELVETFRUIT_EXTRACT;SEASHELLS;5246;20
49500;;SUBMISSION;HYDROGEL_PACK;SEASHELLS;9974;10
49500;;SUBMISSION;VEV_5500;SEASHELLS;7;15
49600;;SUBMISSION;HYDROGEL_PACK;SEASHELLS;9977;10
49600;;SUBMISSION;VEV_5500;SEASHELLS;7;15
49700;;SUBMISSION;HYDROGEL_PACK;SEASHELLS;9977;10
49700;;SUBMISSION;VEV_5500;SEASHELLS;7;15
49800;;SUBMISSION;HYDROGEL_PACK;SEASHELLS;9974;10
49800;;SUBMISSION;VEV_5100;SEASHELLS;164;15
49800;;SUBMISSION;VEV_5200;SEASHELLS;95;15
49800;;SUBMISSION;VEV_5300;SEASHELLS;46;15
49800;;SUBMISSION;VEV_5400;SEASHELLS;16;15
49800;;SUBMISSION;VEV_5500;SEASHELLS;7;15
49900;;SUBMISSION;HYDROGEL_PACK;SEASHELLS;9974;10
49900;;SUBMISSION;VELVETFRUIT_EXTRACT;SEASHELLS;5245;20
49900;;SUBMISSION;VEV_5000;SEASHELLS;250;15
49900;;SUBMISSION;VEV_5100;SEASHELLS;164;15
49900;;SUBMISSION;VEV_5200;SEASHELLS;95;15
49900;;SUBMISSION;VEV_5300;SEASHELLS;46;15
49900;;SUBMISSION;VEV_5400;SEASHELLS;16;15
49900;;SUBMISSION;VEV_5500;SEASHELLS;7;15
50000;;SUBMISSION;HYDROGEL_PACK;SEASHELLS;9972;10
50000;;SUBMISSION;VELVETFRUIT_EXTRACT;SEASHELLS;5245;10
50000;;SUBMISSION;VEV_5000;SEASHELLS;250;15
50000;;SUBMISSION;VEV_5100;SEASHELLS;164;15
50000;;SUBMISSION;VEV_5200;SEASHELLS;95;15
50000;;SUBMISSION;VEV_5300;SEASHELLS;46;15
50000;;SUBMISSION;VEV_5400;SEASHELLS;16;15
50000;;SUBMISSION;VEV_5500;SEASHELLS;7;15
50100;;SUBMISSION;HYDROGEL_PACK;SEASHELLS;9972;10
50100;;SUBMISSION;VELVETFRUIT_EXTRACT;SEASHELLS;5244;70
50100;;SUBMISSION;VEV_4000;SEASHELLS;1237;15
50100;;SUBMISSION;VEV_5000;SEASHELLS;250;15
50100;;SUBMISSION;VEV_5100;SEASHELLS;164;15
50100;;SUBMISSION;VEV_5200;SEASHELLS;95;15
50100;;SUBMISSION;VEV_5300;SEASHELLS;46;15
50100;;SUBMISSION;VEV_5400;SEASHELLS;16;15
50100;;SUBMISSION;VEV_5500;SEASHELLS;7;15
50200;;SUBMISSION;HYDROGEL_PACK;SEASHELLS;9974;10
50200;;SUBMISSION;VEV_5000;SEASHELLS;250;30
50200;;SUBMISSION;VEV_5100;SEASHELLS;164;30
50200;;SUBMISSION;VEV_5200;SEASHELLS;95;30
50200;;SUBMISSION;VEV_5300;SEASHELLS;46;15
50200;;SUBMISSION;VEV_5400;SEASHELLS;16;15
50200;;SUBMISSION;VEV_5500;SEASHELLS;7;15
50300;;SUBMISSION;HYDROGEL_PACK;SEASHELLS;9972;10
50300;;SUBMISSION;VEV_5000;SEASHELLS;249;15
50300;;SUBMISSION;VEV_5300;SEASHELLS;46;15
50300;;SUBMISSION;VEV_5500;SEASHELLS;7;15
50400;;SUBMISSION;HYDROGEL_PACK;SEASHELLS;9972;10
50400;;SUBMISSION;VEV_5300;SEASHELLS;46;15
50500;;SUBMISSION;HYDROGEL_PACK;SEASHELLS;9972;10
50600;;SUBMISSION;HYDROGEL_PACK;SEASHELLS;9971;10
50700;;SUBMISSION;HYDROGEL_PACK;SEASHELLS;9968;10
50800;;SUBMISSION;HYDROGEL_PACK;SEASHELLS;9967;10
50800;SUBMISSION;;VEV_5200;SEASHELLS;96;15
50900;;SUBMISSION;HYDROGEL_PACK;SEASHELLS;9971;10
50900;SUBMISSION;;VELVETFRUIT_EXTRACT;SEASHELLS;5246;60
51000;;SUBMISSION;HYDROGEL_PACK;SEASHELLS;9971;10
51000;SUBMISSION;;VELVETFRUIT_EXTRACT;SEASHELLS;5246;70
51000;SUBMISSION;;VEV_5200;SEASHELLS;96;30
51100;;SUBMISSION;HYDROGEL_PACK;SEASHELLS;9968;10
51100;SUBMISSION;;VEV_5200;SEASHELLS;96;30
51200;;SUBMISSION;HYDROGEL_PACK;SEASHELLS;9968;10
51200;;SUBMISSION;VEV_5300;SEASHELLS;46;15
51300;;SUBMISSION;HYDROGEL_PACK;SEASHELLS;9968;10
51400;;SUBMISSION;HYDROGEL_PACK;SEASHELLS;9968;10
51400;;SUBMISSION;VEV_5300;SEASHELLS;46;15
51500;;SUBMISSION;HYDROGEL_PACK;SEASHELLS;9965;10
51500;;SUBMISSION;VEV_5300;SEASHELLS;46;15
51600;;SUBMISSION;HYDROGEL_PACK;SEASHELLS;9965;10
51600;SUBMISSION;;VEV_5200;SEASHELLS;96;15
51700;;SUBMISSION;VEV_4000;SEASHELLS;1235;15
51800;;SUBMISSION;VELVETFRUIT_EXTRACT;SEASHELLS;5245;10
51800;;SUBMISSION;VEV_5200;SEASHELLS;95;30
51800;;SUBMISSION;VEV_5300;SEASHELLS;46;15
51800;;SUBMISSION;VEV_5400;SEASHELLS;16;15
51900;;SUBMISSION;HYDROGEL_PACK;SEASHELLS;9965;10
51900;;SUBMISSION;VEV_4000;SEASHELLS;1236;15
51900;;SUBMISSION;VEV_5100;SEASHELLS;164;30
51900;;SUBMISSION;VEV_5200;SEASHELLS;95;30
51900;;SUBMISSION;VEV_5300;SEASHELLS;46;15
52000;;SUBMISSION;HYDROGEL_PACK;SEASHELLS;9965;10
52000;;SUBMISSION;VEV_4000;SEASHELLS;1236;15
52000;;SUBMISSION;VEV_5200;SEASHELLS;95;15
52000;;SUBMISSION;VEV_5300;SEASHELLS;46;15
52100;;SUBMISSION;VEV_5100;SEASHELLS;164;15
52100;;SUBMISSION;VEV_5200;SEASHELLS;95;15
52100;;SUBMISSION;VEV_5300;SEASHELLS;46;15
52200;;SUBMISSION;VEV_5100;SEASHELLS;164;30
52200;;SUBMISSION;VEV_5200;SEASHELLS;95;30
52200;;SUBMISSION;VEV_5300;SEASHELLS;46;15
52300;;SUBMISSION;VELVETFRUIT_EXTRACT;SEASHELLS;5245;10
52300;;SUBMISSION;VEV_5000;SEASHELLS;250;15
52300;;SUBMISSION;VEV_5100;SEASHELLS;164;15
52300;;SUBMISSION;VEV_5200;SEASHELLS;95;15
52300;;SUBMISSION;VEV_5300;SEASHELLS;46;15
52500;;SUBMISSION;VEV_5000;SEASHELLS;250;30
52500;;SUBMISSION;VEV_5100;SEASHELLS;164;30
52500;;SUBMISSION;VEV_5200;SEASHELLS;95;30
52500;;SUBMISSION;VEV_5300;SEASHELLS;46;15
52600;;SUBMISSION;VELVETFRUIT_EXTRACT;SEASHELLS;5245;20
52600;;SUBMISSION;VEV_4000;SEASHELLS;1237;15
52600;;SUBMISSION;VEV_5200;SEASHELLS;95;15
52600;;SUBMISSION;VEV_5300;SEASHELLS;46;15
52700;;SUBMISSION;VELVETFRUIT_EXTRACT;SEASHELLS;5245;20
52700;;SUBMISSION;VEV_5000;SEASHELLS;251;15
52700;;SUBMISSION;VEV_5100;SEASHELLS;165;15
52700;;SUBMISSION;VEV_5300;SEASHELLS;46;15
52700;;SUBMISSION;VEV_5400;SEASHELLS;16;15
52800;;SUBMISSION;VELVETFRUIT_EXTRACT;SEASHELLS;5245;20
52800;;SUBMISSION;VEV_5100;SEASHELLS;164;15
53100;;SUBMISSION;VEV_5000;SEASHELLS;249;15
53100;;SUBMISSION;VEV_5300;SEASHELLS;46;15
53200;;SUBMISSION;VEV_4000;SEASHELLS;1235;15
53200;;SUBMISSION;VEV_5300;SEASHELLS;46;30
53300;;SUBMISSION;VEV_5300;SEASHELLS;46;15
53500;SUBMISSION;;VEV_5200;SEASHELLS;96;15
53600;SUBMISSION;;VELVETFRUIT_EXTRACT;SEASHELLS;5246;20
53600;SUBMISSION;;VEV_5200;SEASHELLS;96;15
53800;SUBMISSION;;VEV_5200;SEASHELLS;96;15
54100;;SUBMISSION;VEV_5300;SEASHELLS;46;15
54200;;SUBMISSION;VEV_4000;SEASHELLS;1236;15
54200;;SUBMISSION;VEV_5000;SEASHELLS;249;15
54200;;SUBMISSION;VEV_5300;SEASHELLS;46;15
54300;SUBMISSION;;VELVETFRUIT_EXTRACT;SEASHELLS;5246;10
54300;SUBMISSION;;VEV_5200;SEASHELLS;96;30
54500;SUBMISSION;;VELVETFRUIT_EXTRACT;SEASHELLS;5246;20
54500;SUBMISSION;;VEV_5200;SEASHELLS;96;15
54600;SUBMISSION;;VELVETFRUIT_EXTRACT;SEASHELLS;5246;10
54600;SUBMISSION;;VEV_5200;SEASHELLS;96;15
54900;SUBMISSION;;VELVETFRUIT_EXTRACT;SEASHELLS;5246;20
54900;SUBMISSION;;VEV_5200;SEASHELLS;96;30
55000;SUBMISSION;;HYDROGEL_PACK;SEASHELLS;9955;10
55100;;SUBMISSION;VEV_5000;SEASHELLS;249;30
55100;;SUBMISSION;VEV_5300;SEASHELLS;46;15
55200;SUBMISSION;;HYDROGEL_PACK;SEASHELLS;9954;10
55300;SUBMISSION;;HYDROGEL_PACK;SEASHELLS;9953;10
55400;SUBMISSION;;HYDROGEL_PACK;SEASHELLS;9952;10
55400;;SUBMISSION;VELVETFRUIT_EXTRACT;SEASHELLS;5245;20
55400;;SUBMISSION;VEV_5000;SEASHELLS;250;30
55400;;SUBMISSION;VEV_5100;SEASHELLS;164;30
55400;;SUBMISSION;VEV_5200;SEASHELLS;95;30
55400;;SUBMISSION;VEV_5300;SEASHELLS;46;15
55500;SUBMISSION;;HYDROGEL_PACK;SEASHELLS;9954;10
55600;SUBMISSION;;HYDROGEL_PACK;SEASHELLS;9954;10
55700;SUBMISSION;;HYDROGEL_PACK;SEASHELLS;9953;10
55800;SUBMISSION;;HYDROGEL_PACK;SEASHELLS;9955;10
55900;;SUBMISSION;VEV_5000;SEASHELLS;249;30
56000;SUBMISSION;;HYDROGEL_PACK;SEASHELLS;9955;10
56000;;SUBMISSION;VELVETFRUIT_EXTRACT;SEASHELLS;5245;10
56300;;SUBMISSION;VEV_4000;SEASHELLS;1235;15
56500;;SUBMISSION;VEV_5000;SEASHELLS;249;15
56700;;SUBMISSION;VEV_5000;SEASHELLS;249;15
56800;;SUBMISSION;VELVETFRUIT_EXTRACT;SEASHELLS;5245;60
56800;;SUBMISSION;VEV_5200;SEASHELLS;95;30
56800;;SUBMISSION;VEV_5300;SEASHELLS;46;15
56800;;SUBMISSION;VEV_5400;SEASHELLS;16;15
57000;;SUBMISSION;VEV_5000;SEASHELLS;250;15
57000;;SUBMISSION;VEV_5100;SEASHELLS;164;15
57000;;SUBMISSION;VEV_5200;SEASHELLS;95;15
57100;;SUBMISSION;VELVETFRUIT_EXTRACT;SEASHELLS;5245;10
57100;;SUBMISSION;VEV_5200;SEASHELLS;95;30
57100;;SUBMISSION;VEV_5400;SEASHELLS;16;15
57200;;SUBMISSION;VELVETFRUIT_EXTRACT;SEASHELLS;5245;20
57200;;SUBMISSION;VEV_5000;SEASHELLS;250;15
57200;;SUBMISSION;VEV_5100;SEASHELLS;164;15
57200;;SUBMISSION;VEV_5200;SEASHELLS;95;15
57400;;SUBMISSION;VEV_4000;SEASHELLS;1236;15
57400;;SUBMISSION;VEV_5000;SEASHELLS;249;15
57600;;SUBMISSION;VEV_4000;SEASHELLS;1236;15
57700;;SUBMISSION;VELVETFRUIT_EXTRACT;SEASHELLS;5245;50
57700;;SUBMISSION;VEV_5200;SEASHELLS;95;15
57700;;SUBMISSION;VEV_5400;SEASHELLS;16;15
57800;;SUBMISSION;VELVETFRUIT_EXTRACT;SEASHELLS;5245;20
57800;;SUBMISSION;VEV_5000;SEASHELLS;250;30
57800;;SUBMISSION;VEV_5100;SEASHELLS;164;30
57800;;SUBMISSION;VEV_5200;SEASHELLS;95;30
57800;;SUBMISSION;VEV_5400;SEASHELLS;16;15
57900;;SUBMISSION;VEV_5100;SEASHELLS;164;30
57900;;SUBMISSION;VEV_5200;SEASHELLS;95;30
58000;;SUBMISSION;VELVETFRUIT_EXTRACT;SEASHELLS;5245;60
58000;;SUBMISSION;VEV_4000;SEASHELLS;1237;15
58000;;SUBMISSION;VEV_5200;SEASHELLS;95;30
58000;;SUBMISSION;VEV_5400;SEASHELLS;16;15
58100;;SUBMISSION;VELVETFRUIT_EXTRACT;SEASHELLS;5246;20
58100;;SUBMISSION;VEV_5000;SEASHELLS;251;15
58100;;SUBMISSION;VEV_5100;SEASHELLS;165;15
58100;;SUBMISSION;VEV_5300;SEASHELLS;46;15
58100;;SUBMISSION;VEV_5400;SEASHELLS;16;15
58200;;SUBMISSION;VEV_5000;SEASHELLS;249;15
58700;SUBMISSION;;VELVETFRUIT_EXTRACT;SEASHELLS;5247;40
58700;SUBMISSION;;VEV_5200;SEASHELLS;96;15
58700;SUBMISSION;;VEV_5300;SEASHELLS;47;15
58800;;SUBMISSION;HYDROGEL_PACK;SEASHELLS;9948;10
58800;SUBMISSION;;VELVETFRUIT_EXTRACT;SEASHELLS;5247;20
58800;SUBMISSION;;VEV_5300;SEASHELLS;47;15
59000;;SUBMISSION;HYDROGEL_PACK;SEASHELLS;9949;10
59000;;SUBMISSION;VEV_5000;SEASHELLS;249;15
59200;;SUBMISSION;VEV_5000;SEASHELLS;250;15
59200;;SUBMISSION;VEV_5100;SEASHELLS;164;15
59200;;SUBMISSION;VEV_5200;SEASHELLS;95;15
59300;;SUBMISSION;HYDROGEL_PACK;SEASHELLS;9949;10
59300;;SUBMISSION;VELVETFRUIT_EXTRACT;SEASHELLS;5245;10
59300;;SUBMISSION;VEV_5000;SEASHELLS;250;15
59300;;SUBMISSION;VEV_5100;SEASHELLS;164;15
59300;;SUBMISSION;VEV_5200;SEASHELLS;95;15
59400;;SUBMISSION;HYDROGEL_PACK;SEASHELLS;9949;10
59400;;SUBMISSION;VEV_5100;SEASHELLS;164;15
59400;;SUBMISSION;VEV_5200;SEASHELLS;95;15
59500;;SUBMISSION;VEV_5200;SEASHELLS;95;15
59600;;SUBMISSION;HYDROGEL_PACK;SEASHELLS;9948;10
59600;;SUBMISSION;VEV_5000;SEASHELLS;249;15
59700;;SUBMISSION;HYDROGEL_PACK;SEASHELLS;9948;10
59700;;SUBMISSION;VEV_5200;SEASHELLS;95;15
59800;;SUBMISSION;VEV_5100;SEASHELLS;164;15
59800;;SUBMISSION;VEV_5200;SEASHELLS;95;15
59900;;SUBMISSION;HYDROGEL_PACK;SEASHELLS;9950;10
59900;;SUBMISSION;VELVETFRUIT_EXTRACT;SEASHELLS;5245;60
59900;;SUBMISSION;VEV_5200;SEASHELLS;95;15
59900;;SUBMISSION;VEV_5400;SEASHELLS;16;15
60000;;SUBMISSION;HYDROGEL_PACK;SEASHELLS;9951;10
60000;;SUBMISSION;VEV_5000;SEASHELLS;249;15
60100;;SUBMISSION;HYDROGEL_PACK;SEASHELLS;9948;10
60100;;SUBMISSION;VEV_5100;SEASHELLS;164;30
60100;;SUBMISSION;VEV_5200;SEASHELLS;95;30
60200;;SUBMISSION;VELVETFRUIT_EXTRACT;SEASHELLS;5245;10
60200;;SUBMISSION;VEV_5200;SEASHELLS;95;30
60300;;SUBMISSION;VELVETFRUIT_EXTRACT;SEASHELLS;5245;10
60300;;SUBMISSION;VEV_5200;SEASHELLS;95;15
60400;;SUBMISSION;VELVETFRUIT_EXTRACT;SEASHELLS;5246;10
60400;;SUBMISSION;VEV_4000;SEASHELLS;1238;15
60400;;SUBMISSION;VEV_5000;SEASHELLS;251;15
60400;;SUBMISSION;VEV_5200;SEASHELLS;96;15
60400;;SUBMISSION;VEV_5300;SEASHELLS;46;15
60400;;SUBMISSION;VEV_5400;SEASHELLS;16;15
60500;;SUBMISSION;VELVETFRUIT_EXTRACT;SEASHELLS;5246;60
60500;;SUBMISSION;VEV_5200;SEASHELLS;96;15
60500;;SUBMISSION;VEV_5400;SEASHELLS;16;15
60600;;SUBMISSION;VELVETFRUIT_EXTRACT;SEASHELLS;5246;20
60600;;SUBMISSION;VEV_5000;SEASHELLS;251;15
60600;;SUBMISSION;VEV_5100;SEASHELLS;165;15
60600;;SUBMISSION;VEV_5300;SEASHELLS;46;15
60600;;SUBMISSION;VEV_5400;SEASHELLS;16;15
60800;;SUBMISSION;VEV_5000;SEASHELLS;249;15
60900;;SUBMISSION;VEV_5100;SEASHELLS;164;15
61500;;SUBMISSION;VELVETFRUIT_EXTRACT;SEASHELLS;5245;10
61500;;SUBMISSION;VEV_5200;SEASHELLS;95;15
61500;;SUBMISSION;VEV_5400;SEASHELLS;16;15
62100;SUBMISSION;;HYDROGEL_PACK;SEASHELLS;9953;10
62200;SUBMISSION;;HYDROGEL_PACK;SEASHELLS;9952;10
62300;SUBMISSION;;HYDROGEL_PACK;SEASHELLS;9950;10
62400;SUBMISSION;;HYDROGEL_PACK;SEASHELLS;9948;10
62500;SUBMISSION;;HYDROGEL_PACK;SEASHELLS;9947;10
62600;SUBMISSION;;HYDROGEL_PACK;SEASHELLS;9947;10
62700;SUBMISSION;;HYDROGEL_PACK;SEASHELLS;9948;10
62800;SUBMISSION;;HYDROGEL_PACK;SEASHELLS;9951;10
62900;SUBMISSION;;HYDROGEL_PACK;SEASHELLS;9950;10
63000;SUBMISSION;;HYDROGEL_PACK;SEASHELLS;9950;10
63100;SUBMISSION;;HYDROGEL_PACK;SEASHELLS;9950;10
63100;SUBMISSION;;VELVETFRUIT_EXTRACT;SEASHELLS;5245;60
63200;SUBMISSION;;HYDROGEL_PACK;SEASHELLS;9950;10
63200;SUBMISSION;;VEV_5200;SEASHELLS;95;15
63300;SUBMISSION;;HYDROGEL_PACK;SEASHELLS;9948;10
63300;SUBMISSION;;VEV_5200;SEASHELLS;95;15
63400;SUBMISSION;;HYDROGEL_PACK;SEASHELLS;9945;10
63500;SUBMISSION;;HYDROGEL_PACK;SEASHELLS;9944;10
63600;SUBMISSION;;HYDROGEL_PACK;SEASHELLS;9945;10
63600;;SUBMISSION;VELVETFRUIT_EXTRACT;SEASHELLS;5243;20
63600;;SUBMISSION;VEV_5200;SEASHELLS;94;30
63700;SUBMISSION;;HYDROGEL_PACK;SEASHELLS;9945;10
63800;SUBMISSION;;HYDROGEL_PACK;SEASHELLS;9946;10
63900;SUBMISSION;;HYDROGEL_PACK;SEASHELLS;9948;10
64000;SUBMISSION;;HYDROGEL_PACK;SEASHELLS;9946;10
64000;SUBMISSION;;VELVETFRUIT_EXTRACT;SEASHELLS;5244;20
64100;SUBMISSION;;HYDROGEL_PACK;SEASHELLS;9947;10
64100;SUBMISSION;;VELVETFRUIT_EXTRACT;SEASHELLS;5244;10
64100;SUBMISSION;;VEV_5100;SEASHELLS;164;15
64200;SUBMISSION;;HYDROGEL_PACK;SEASHELLS;9948;10
64300;SUBMISSION;;HYDROGEL_PACK;SEASHELLS;9949;10
64400;SUBMISSION;;HYDROGEL_PACK;SEASHELLS;9948;10
64500;SUBMISSION;;HYDROGEL_PACK;SEASHELLS;9947;10
64600;SUBMISSION;;HYDROGEL_PACK;SEASHELLS;9949;10
64700;SUBMISSION;;HYDROGEL_PACK;SEASHELLS;9944;10
64800;SUBMISSION;;HYDROGEL_PACK;SEASHELLS;9945;10
64900;SUBMISSION;;HYDROGEL_PACK;SEASHELLS;9947;10
64900;SUBMISSION;;VEV_5000;SEASHELLS;251;30
64900;SUBMISSION;;VEV_5100;SEASHELLS;164;30
64900;SUBMISSION;;VEV_5200;SEASHELLS;94;30
64900;SUBMISSION;;VEV_5400;SEASHELLS;16;15
65000;SUBMISSION;;HYDROGEL_PACK;SEASHELLS;9946;10
65000;SUBMISSION;;VELVETFRUIT_EXTRACT;SEASHELLS;5245;10
65100;SUBMISSION;;HYDROGEL_PACK;SEASHELLS;9946;10
65200;SUBMISSION;;HYDROGEL_PACK;SEASHELLS;9945;10
65300;SUBMISSION;;HYDROGEL_PACK;SEASHELLS;9947;10
65400;SUBMISSION;;HYDROGEL_PACK;SEASHELLS;9946;10
65500;SUBMISSION;;HYDROGEL_PACK;SEASHELLS;9947;10
65600;SUBMISSION;;VEV_5200;SEASHELLS;95;15
65700;SUBMISSION;;HYDROGEL_PACK;SEASHELLS;9950;10
65700;SUBMISSION;;VELVETFRUIT_EXTRACT;SEASHELLS;5245;20
65700;SUBMISSION;;VEV_5200;SEASHELLS;95;15
65800;SUBMISSION;;HYDROGEL_PACK;SEASHELLS;9951;10
65800;SUBMISSION;;VELVETFRUIT_EXTRACT;SEASHELLS;5244;10
65800;SUBMISSION;;VEV_5100;SEASHELLS;164;30
65900;SUBMISSION;;HYDROGEL_PACK;SEASHELLS;9950;10
65900;SUBMISSION;;VELVETFRUIT_EXTRACT;SEASHELLS;5245;20
65900;SUBMISSION;;VEV_5200;SEASHELLS;95;30
66000;SUBMISSION;;HYDROGEL_PACK;SEASHELLS;9950;10
66000;SUBMISSION;;VELVETFRUIT_EXTRACT;SEASHELLS;5245;40
66000;SUBMISSION;;VEV_5200;SEASHELLS;95;15
66000;SUBMISSION;;VEV_5300;SEASHELLS;46;15
66100;SUBMISSION;;HYDROGEL_PACK;SEASHELLS;9952;10
66200;SUBMISSION;;VELVETFRUIT_EXTRACT;SEASHELLS;5245;60
66200;SUBMISSION;;VEV_5200;SEASHELLS;95;15
66200;SUBMISSION;;VEV_5300;SEASHELLS;46;15
66300;SUBMISSION;;VELVETFRUIT_EXTRACT;SEASHELLS;5244;10
66300;SUBMISSION;;VEV_5100;SEASHELLS;164;30
66300;SUBMISSION;;VEV_5200;SEASHELLS;95;30
66300;SUBMISSION;;VEV_5300;SEASHELLS;46;15
66400;SUBMISSION;;VELVETFRUIT_EXTRACT;SEASHELLS;5245;50
66400;SUBMISSION;;VEV_5200;SEASHELLS;95;15
66400;SUBMISSION;;VEV_5300;SEASHELLS;46;15
66500;SUBMISSION;;VELVETFRUIT_EXTRACT;SEASHELLS;5245;50
66500;SUBMISSION;;VEV_5100;SEASHELLS;165;30
66500;SUBMISSION;;VEV_5200;SEASHELLS;95;30
66500;SUBMISSION;;VEV_5300;SEASHELLS;46;15
66600;SUBMISSION;;VELVETFRUIT_EXTRACT;SEASHELLS;5245;50
66600;SUBMISSION;;VEV_5100;SEASHELLS;165;15
66600;SUBMISSION;;VEV_5200;SEASHELLS;95;15
66600;SUBMISSION;;VEV_5300;SEASHELLS;46;15
66700;SUBMISSION;;VELVETFRUIT_EXTRACT;SEASHELLS;5245;10
66700;SUBMISSION;;VEV_5200;SEASHELLS;95;30
66700;SUBMISSION;;VEV_5300;SEASHELLS;46;15
67200;;SUBMISSION;VELVETFRUIT_EXTRACT;SEASHELLS;5244;10
67300;;SUBMISSION;VELVETFRUIT_EXTRACT;SEASHELLS;5244;20
67400;;SUBMISSION;VELVETFRUIT_EXTRACT;SEASHELLS;5246;10
67400;;SUBMISSION;VEV_5100;SEASHELLS;165;15
67400;;SUBMISSION;VEV_5300;SEASHELLS;46;15
67400;;SUBMISSION;VEV_5400;SEASHELLS;16;15
67500;;SUBMISSION;VELVETFRUIT_EXTRACT;SEASHELLS;5245;20
67500;;SUBMISSION;VEV_5100;SEASHELLS;164;15
67500;;SUBMISSION;VEV_5200;SEASHELLS;95;15
67500;;SUBMISSION;VEV_5300;SEASHELLS;46;15
67600;;SUBMISSION;VELVETFRUIT_EXTRACT;SEASHELLS;5244;10
67700;;SUBMISSION;VEV_5000;SEASHELLS;250;15
67700;;SUBMISSION;VEV_5100;SEASHELLS;164;15
67700;;SUBMISSION;VEV_5200;SEASHELLS;95;15
67700;;SUBMISSION;VEV_5300;SEASHELLS;46;15
67800;;SUBMISSION;VELVETFRUIT_EXTRACT;SEASHELLS;5244;60
67800;;SUBMISSION;VEV_5100;SEASHELLS;164;15
67800;;SUBMISSION;VEV_5200;SEASHELLS;95;15
67800;;SUBMISSION;VEV_5300;SEASHELLS;46;15
67900;;SUBMISSION;VELVETFRUIT_EXTRACT;SEASHELLS;5245;70
67900;;SUBMISSION;VEV_5200;SEASHELLS;95;30
67900;;SUBMISSION;VEV_5300;SEASHELLS;46;15
67900;;SUBMISSION;VEV_5400;SEASHELLS;16;15
68000;;SUBMISSION;VELVETFRUIT_EXTRACT;SEASHELLS;5245;10
68000;;SUBMISSION;VEV_5000;SEASHELLS;250;15
68000;;SUBMISSION;VEV_5100;SEASHELLS;164;15
68000;;SUBMISSION;VEV_5200;SEASHELLS;95;15
68000;;SUBMISSION;VEV_5300;SEASHELLS;46;15
68100;;SUBMISSION;VELVETFRUIT_EXTRACT;SEASHELLS;5244;20
68200;;SUBMISSION;VELVETFRUIT_EXTRACT;SEASHELLS;5244;10
68200;;SUBMISSION;VEV_5100;SEASHELLS;163;15
68200;;SUBMISSION;VEV_5200;SEASHELLS;94;15
68300;;SUBMISSION;VELVETFRUIT_EXTRACT;SEASHELLS;5243;50
68300;;SUBMISSION;VEV_5100;SEASHELLS;163;15
68300;;SUBMISSION;VEV_5200;SEASHELLS;94;15
68400;;SUBMISSION;VELVETFRUIT_EXTRACT;SEASHELLS;5244;20
68400;;SUBMISSION;VEV_5100;SEASHELLS;163;15
68400;;SUBMISSION;VEV_5200;SEASHELLS;94;15
68400;;SUBMISSION;VEV_5300;SEASHELLS;45;15
68500;;SUBMISSION;VELVETFRUIT_EXTRACT;SEASHELLS;5244;10
68500;;SUBMISSION;VEV_5100;SEASHELLS;163;15
68500;;SUBMISSION;VEV_5200;SEASHELLS;94;15
68600;;SUBMISSION;VELVETFRUIT_EXTRACT;SEASHELLS;5243;20
68600;;SUBMISSION;VEV_5200;SEASHELLS;94;15
68700;;SUBMISSION;VELVETFRUIT_EXTRACT;SEASHELLS;5243;10
68700;;SUBMISSION;VEV_5200;SEASHELLS;94;30
68900;;SUBMISSION;VELVETFRUIT_EXTRACT;SEASHELLS;5243;50
68900;;SUBMISSION;VEV_5100;SEASHELLS;163;15
68900;;SUBMISSION;VEV_5200;SEASHELLS;94;15
69300;;SUBMISSION;VEV_5200;SEASHELLS;94;30
71200;SUBMISSION;;VELVETFRUIT_EXTRACT;SEASHELLS;5242;20
71200;SUBMISSION;;VEV_5200;SEASHELLS;93;15
71200;SUBMISSION;;VEV_5300;SEASHELLS;45;15
71300;SUBMISSION;;VELVETFRUIT_EXTRACT;SEASHELLS;5243;20
71300;SUBMISSION;;VEV_5300;SEASHELLS;45;15
71700;SUBMISSION;;VEV_5300;SEASHELLS;45;15
71900;;SUBMISSION;VEV_5200;SEASHELLS;92;15
72100;;SUBMISSION;VELVETFRUIT_EXTRACT;SEASHELLS;5241;10
72100;;SUBMISSION;VEV_5300;SEASHELLS;44;15
72200;;SUBMISSION;VELVETFRUIT_EXTRACT;SEASHELLS;5241;10
72200;;SUBMISSION;VEV_5300;SEASHELLS;44;15
72300;;SUBMISSION;VELVETFRUIT_EXTRACT;SEASHELLS;5241;20
72300;;SUBMISSION;VEV_5300;SEASHELLS;44;15
72800;SUBMISSION;;VEV_5000;SEASHELLS;247;15
73500;SUBMISSION;;VELVETFRUIT_EXTRACT;SEASHELLS;5239;60
73500;SUBMISSION;;VEV_5200;SEASHELLS;91;30
73700;SUBMISSION;;VELVETFRUIT_EXTRACT;SEASHELLS;5239;10
73700;SUBMISSION;;VEV_5000;SEASHELLS;247;15
73800;SUBMISSION;;VELVETFRUIT_EXTRACT;SEASHELLS;5238;50
73800;SUBMISSION;;VEV_5100;SEASHELLS;159;15
73800;SUBMISSION;;VEV_5300;SEASHELLS;44;15
73800;SUBMISSION;;VEV_5400;SEASHELLS;15;15
73900;SUBMISSION;;VELVETFRUIT_EXTRACT;SEASHELLS;5238;20
73900;SUBMISSION;;VEV_5000;SEASHELLS;246;15
73900;SUBMISSION;;VEV_5200;SEASHELLS;91;15
74000;SUBMISSION;;VELVETFRUIT_EXTRACT;SEASHELLS;5239;20
74100;SUBMISSION;;VELVETFRUIT_EXTRACT;SEASHELLS;5238;10
74100;SUBMISSION;;VEV_5400;SEASHELLS;15;15
74200;;SUBMISSION;HYDROGEL_PACK;SEASHELLS;9974;10
74200;SUBMISSION;;VEV_5000;SEASHELLS;247;15
74300;;SUBMISSION;HYDROGEL_PACK;SEASHELLS;9975;10
74300;SUBMISSION;;VELVETFRUIT_EXTRACT;SEASHELLS;5238;10
74300;SUBMISSION;;VEV_5000;SEASHELLS;246;15
74300;SUBMISSION;;VEV_5200;SEASHELLS;91;15
74300;SUBMISSION;;VEV_5400;SEASHELLS;15;15
74600;;SUBMISSION;VELVETFRUIT_EXTRACT;SEASHELLS;5237;10
74600;;SUBMISSION;VEV_5200;SEASHELLS;90;30
74600;;SUBMISSION;VEV_5400;SEASHELLS;15;15
74700;;SUBMISSION;VELVETFRUIT_EXTRACT;SEASHELLS;5237;60
74700;;SUBMISSION;VEV_5200;SEASHELLS;90;15
74700;;SUBMISSION;VEV_5400;SEASHELLS;15;15
74800;;SUBMISSION;VELVETFRUIT_EXTRACT;SEASHELLS;5237;70
74800;;SUBMISSION;VEV_5400;SEASHELLS;15;15
74900;;SUBMISSION;VELVETFRUIT_EXTRACT;SEASHELLS;5237;10
75100;SUBMISSION;;HYDROGEL_PACK;SEASHELLS;9982;10
75100;;SUBMISSION;VEV_5100;SEASHELLS;158;15
75200;SUBMISSION;;HYDROGEL_PACK;SEASHELLS;9980;10
75300;;SUBMISSION;VELVETFRUIT_EXTRACT;SEASHELLS;5238;20
75600;SUBMISSION;;VEV_5000;SEASHELLS;247;15
75800;;SUBMISSION;HYDROGEL_PACK;SEASHELLS;9975;10
75900;;SUBMISSION;HYDROGEL_PACK;SEASHELLS;9975;10
76000;;SUBMISSION;HYDROGEL_PACK;SEASHELLS;9976;10
76100;;SUBMISSION;HYDROGEL_PACK;SEASHELLS;9977;10
76200;;SUBMISSION;HYDROGEL_PACK;SEASHELLS;9976;10
76200;;SUBMISSION;VELVETFRUIT_EXTRACT;SEASHELLS;5238;10
76200;;SUBMISSION;VEV_5200;SEASHELLS;91;15
76200;;SUBMISSION;VEV_5300;SEASHELLS;44;15
76300;;SUBMISSION;HYDROGEL_PACK;SEASHELLS;9978;10
76400;;SUBMISSION;HYDROGEL_PACK;SEASHELLS;9977;10
76500;;SUBMISSION;HYDROGEL_PACK;SEASHELLS;9979;10
76600;;SUBMISSION;HYDROGEL_PACK;SEASHELLS;9979;10
76700;;SUBMISSION;HYDROGEL_PACK;SEASHELLS;9982;10
76700;SUBMISSION;;VELVETFRUIT_EXTRACT;SEASHELLS;5238;20
76700;SUBMISSION;;VEV_5000;SEASHELLS;246;15
76700;SUBMISSION;;VEV_5200;SEASHELLS;91;15
76700;SUBMISSION;;VEV_5400;SEASHELLS;15;15
76800;;SUBMISSION;HYDROGEL_PACK;SEASHELLS;9984;10
76800;SUBMISSION;;VELVETFRUIT_EXTRACT;SEASHELLS;5239;20
76800;SUBMISSION;;VEV_5000;SEASHELLS;247;15
76800;SUBMISSION;;VEV_5100;SEASHELLS;160;15
76900;;SUBMISSION;HYDROGEL_PACK;SEASHELLS;9985;10
76900;SUBMISSION;;VELVETFRUIT_EXTRACT;SEASHELLS;5239;10
76900;SUBMISSION;;VEV_5100;SEASHELLS;160;15
76900;SUBMISSION;;VEV_5200;SEASHELLS;91;15
76900;SUBMISSION;;VEV_5300;SEASHELLS;44;15
77000;;SUBMISSION;HYDROGEL_PACK;SEASHELLS;9982;10
77000;SUBMISSION;;VELVETFRUIT_EXTRACT;SEASHELLS;5239;40
77000;SUBMISSION;;VEV_5100;SEASHELLS;160;30
77000;SUBMISSION;;VEV_5200;SEASHELLS;91;30
77000;SUBMISSION;;VEV_5300;SEASHELLS;44;15
77000;SUBMISSION;;VEV_5400;SEASHELLS;15;15
77100;;SUBMISSION;HYDROGEL_PACK;SEASHELLS;9983;10
77200;;SUBMISSION;HYDROGEL_PACK;SEASHELLS;9985;10
77300;;SUBMISSION;HYDROGEL_PACK;SEASHELLS;9984;10
77400;;SUBMISSION;HYDROGEL_PACK;SEASHELLS;9984;10
77500;;SUBMISSION;HYDROGEL_PACK;SEASHELLS;9983;10
77600;;SUBMISSION;HYDROGEL_PACK;SEASHELLS;9985;10
77700;;SUBMISSION;HYDROGEL_PACK;SEASHELLS;9985;10
77800;;SUBMISSION;HYDROGEL_PACK;SEASHELLS;9987;10
77800;SUBMISSION;;VELVETFRUIT_EXTRACT;SEASHELLS;5239;50
77800;SUBMISSION;;VEV_5100;SEASHELLS;160;15
77800;SUBMISSION;;VEV_5300;SEASHELLS;44;15
77800;SUBMISSION;;VEV_5400;SEASHELLS;15;15
77900;;SUBMISSION;HYDROGEL_PACK;SEASHELLS;9988;10
77900;SUBMISSION;;VELVETFRUIT_EXTRACT;SEASHELLS;5239;10
77900;SUBMISSION;;VEV_5100;SEASHELLS;160;30
77900;SUBMISSION;;VEV_5300;SEASHELLS;44;15
78000;;SUBMISSION;HYDROGEL_PACK;SEASHELLS;9987;10
78100;;SUBMISSION;VELVETFRUIT_EXTRACT;SEASHELLS;5237;10
78300;;SUBMISSION;HYDROGEL_PACK;SEASHELLS;9985;10
78400;;SUBMISSION;HYDROGEL_PACK;SEASHELLS;9983;10
78500;;SUBMISSION;HYDROGEL_PACK;SEASHELLS;9984;10
78500;;SUBMISSION;VELVETFRUIT_EXTRACT;SEASHELLS;5238;60
78500;;SUBMISSION;VEV_5100;SEASHELLS;159;15
78500;;SUBMISSION;VEV_5200;SEASHELLS;91;15
78500;;SUBMISSION;VEV_5300;SEASHELLS;44;15
78600;;SUBMISSION;HYDROGEL_PACK;SEASHELLS;9982;10
78600;;SUBMISSION;VEV_5100;SEASHELLS;158;30
78600;;SUBMISSION;VEV_5300;SEASHELLS;43;15
78700;;SUBMISSION;HYDROGEL_PACK;SEASHELLS;9982;10
78800;;SUBMISSION;HYDROGEL_PACK;SEASHELLS;9982;10
78900;;SUBMISSION;HYDROGEL_PACK;SEASHELLS;9983;10
79000;;SUBMISSION;HYDROGEL_PACK;SEASHELLS;9982;10
79100;;SUBMISSION;HYDROGEL_PACK;SEASHELLS;9983;10
79200;;SUBMISSION;HYDROGEL_PACK;SEASHELLS;9981;10
79300;;SUBMISSION;HYDROGEL_PACK;SEASHELLS;9980;10
79500;;SUBMISSION;VELVETFRUIT_EXTRACT;SEASHELLS;5237;60
79500;;SUBMISSION;VEV_5100;SEASHELLS;158;15
79500;;SUBMISSION;VEV_5300;SEASHELLS;43;15
79700;;SUBMISSION;HYDROGEL_PACK;SEASHELLS;9979;10
79700;;SUBMISSION;VELVETFRUIT_EXTRACT;SEASHELLS;5238;20
79700;;SUBMISSION;VEV_5200;SEASHELLS;91;15
79700;;SUBMISSION;VEV_5300;SEASHELLS;44;15
79800;;SUBMISSION;HYDROGEL_PACK;SEASHELLS;9978;10
79900;;SUBMISSION;HYDROGEL_PACK;SEASHELLS;9978;10
80000;;SUBMISSION;HYDROGEL_PACK;SEASHELLS;9976;10
80000;SUBMISSION;;VEV_5000;SEASHELLS;248;15
80500;SUBMISSION;;VEV_5000;SEASHELLS;248;30
80600;SUBMISSION;;VEV_5000;SEASHELLS;248;30
80700;SUBMISSION;;VEV_5100;SEASHELLS;160;15
80800;;SUBMISSION;HYDROGEL_PACK;SEASHELLS;9977;10
80800;SUBMISSION;;VEV_5100;SEASHELLS;160;30
80800;SUBMISSION;;VEV_5200;SEASHELLS;91;30
80800;SUBMISSION;;VEV_5400;SEASHELLS;15;15
80900;;SUBMISSION;HYDROGEL_PACK;SEASHELLS;9978;10
80900;SUBMISSION;;VELVETFRUIT_EXTRACT;SEASHELLS;5238;50
80900;SUBMISSION;;VEV_5100;SEASHELLS;159;15
80900;SUBMISSION;;VEV_5200;SEASHELLS;91;15
80900;SUBMISSION;;VEV_5300;SEASHELLS;44;15
80900;SUBMISSION;;VEV_5400;SEASHELLS;15;15
81000;SUBMISSION;;VEV_5100;SEASHELLS;160;15
81000;SUBMISSION;;VEV_5300;SEASHELLS;44;15
81100;SUBMISSION;;VEV_5000;SEASHELLS;247;15
81100;SUBMISSION;;VEV_5100;SEASHELLS;160;15
81200;SUBMISSION;;VEV_5100;SEASHELLS;160;15
81200;SUBMISSION;;VEV_5300;SEASHELLS;44;15
81200;SUBMISSION;;VEV_5400;SEASHELLS;15;15
81400;SUBMISSION;;VEV_5000;SEASHELLS;248;15
81500;SUBMISSION;;VEV_5000;SEASHELLS;248;15
81700;SUBMISSION;;VEV_5000;SEASHELLS;247;15
81800;SUBMISSION;;VEV_5000;SEASHELLS;248;15
81900;SUBMISSION;;VEV_5000;SEASHELLS;248;15
82200;SUBMISSION;;VEV_5000;SEASHELLS;248;15
82300;SUBMISSION;;HYDROGEL_PACK;SEASHELLS;9977;10
82300;SUBMISSION;;VEV_5000;SEASHELLS;248;15
82400;;SUBMISSION;VELVETFRUIT_EXTRACT;SEASHELLS;5236;50
82500;SUBMISSION;;VEV_5000;SEASHELLS;247;15
82500;SUBMISSION;;VEV_5100;SEASHELLS;160;15
82500;SUBMISSION;;VEV_5300;SEASHELLS;44;15
82700;;SUBMISSION;HYDROGEL_PACK;SEASHELLS;9976;10
82700;SUBMISSION;;VEV_5100;SEASHELLS;160;30
82700;SUBMISSION;;VEV_5300;SEASHELLS;44;15
82700;SUBMISSION;;VEV_5400;SEASHELLS;15;15
82800;SUBMISSION;;VEV_5100;SEASHELLS;159;15
82800;SUBMISSION;;VEV_5200;SEASHELLS;91;15
82800;SUBMISSION;;VEV_5300;SEASHELLS;44;15
82800;SUBMISSION;;VEV_5400;SEASHELLS;15;15
82900;SUBMISSION;;HYDROGEL_PACK;SEASHELLS;9977;10
82900;SUBMISSION;;VELVETFRUIT_EXTRACT;SEASHELLS;5236;20
82900;SUBMISSION;;VEV_5000;SEASHELLS;244;15
82900;SUBMISSION;;VEV_5200;SEASHELLS;90;15
82900;SUBMISSION;;VEV_5300;SEASHELLS;43;15
82900;SUBMISSION;;VEV_5400;SEASHELLS;15;15
83000;SUBMISSION;;VELVETFRUIT_EXTRACT;SEASHELLS;5236;70
83000;SUBMISSION;;VEV_5000;SEASHELLS;244;30
83000;SUBMISSION;;VEV_5200;SEASHELLS;90;30
83000;SUBMISSION;;VEV_5300;SEASHELLS;43;15
83000;SUBMISSION;;VEV_5400;SEASHELLS;15;15
83100;SUBMISSION;;VELVETFRUIT_EXTRACT;SEASHELLS;5236;60
83100;SUBMISSION;;VEV_5100;SEASHELLS;157;15
83100;SUBMISSION;;VEV_5300;SEASHELLS;43;15
83100;SUBMISSION;;VEV_5400;SEASHELLS;15;15
83200;SUBMISSION;;VEV_4000;SEASHELLS;1244;15
83200;SUBMISSION;;VEV_5100;SEASHELLS;158;15
83200;SUBMISSION;;VEV_5200;SEASHELLS;90;15
83200;SUBMISSION;;VEV_5300;SEASHELLS;43;15
83200;SUBMISSION;;VEV_5400;SEASHELLS;15;15
83300;SUBMISSION;;VEV_5100;SEASHELLS;158;15
83300;SUBMISSION;;VEV_5200;SEASHELLS;90;15
83300;SUBMISSION;;VEV_5300;SEASHELLS;43;15
83300;SUBMISSION;;VEV_5400;SEASHELLS;15;15
83400;;SUBMISSION;HYDROGEL_PACK;SEASHELLS;9975;10
83400;SUBMISSION;;VEV_5100;SEASHELLS;158;30
83400;SUBMISSION;;VEV_5200;SEASHELLS;90;30
83400;SUBMISSION;;VEV_5300;SEASHELLS;43;15
83400;SUBMISSION;;VEV_5400;SEASHELLS;15;15
83500;SUBMISSION;;VEV_5100;SEASHELLS;159;15
83500;SUBMISSION;;VEV_5200;SEASHELLS;91;15
83500;SUBMISSION;;VEV_5300;SEASHELLS;44;15
83500;SUBMISSION;;VEV_5400;SEASHELLS;15;15
83600;SUBMISSION;;VEV_5000;SEASHELLS;246;15
83600;SUBMISSION;;VEV_5200;SEASHELLS;91;15
83600;SUBMISSION;;VEV_5300;SEASHELLS;44;15
83600;SUBMISSION;;VEV_5400;SEASHELLS;15;15
83700;SUBMISSION;;VEV_5300;SEASHELLS;44;15
83700;SUBMISSION;;VEV_5400;SEASHELLS;15;15
83800;SUBMISSION;;VEV_5100;SEASHELLS;159;15
83800;SUBMISSION;;VEV_5200;SEASHELLS;91;15
83800;SUBMISSION;;VEV_5300;SEASHELLS;44;15
83800;SUBMISSION;;VEV_5400;SEASHELLS;15;15
83900;SUBMISSION;;VEV_5300;SEASHELLS;44;15
83900;SUBMISSION;;VEV_5400;SEASHELLS;15;15
84000;SUBMISSION;;VELVETFRUIT_EXTRACT;SEASHELLS;5236;20
84000;SUBMISSION;;VEV_4000;SEASHELLS;1244;15
84000;SUBMISSION;;VEV_5000;SEASHELLS;244;15
84000;SUBMISSION;;VEV_5200;SEASHELLS;90;15
84000;SUBMISSION;;VEV_5300;SEASHELLS;43;15
84000;SUBMISSION;;VEV_5400;SEASHELLS;15;15
84100;SUBMISSION;;VELVETFRUIT_EXTRACT;SEASHELLS;5234;20
84100;SUBMISSION;;VEV_5100;SEASHELLS;156;15
84100;SUBMISSION;;VEV_5300;SEASHELLS;42;15
84100;SUBMISSION;;VEV_5400;SEASHELLS;15;15
84200;SUBMISSION;;VELVETFRUIT_EXTRACT;SEASHELLS;5233;70
84200;SUBMISSION;;VEV_5000;SEASHELLS;241;30
84200;SUBMISSION;;VEV_5100;SEASHELLS;155;30
84200;SUBMISSION;;VEV_5200;SEASHELLS;88;30
84200;SUBMISSION;;VEV_5300;SEASHELLS;42;15
84200;SUBMISSION;;VEV_5400;SEASHELLS;14;15
84200;SUBMISSION;;VEV_5500;SEASHELLS;7;15
84300;SUBMISSION;;VELVETFRUIT_EXTRACT;SEASHELLS;5235;50
84300;SUBMISSION;;VEV_5200;SEASHELLS;89;15
84300;SUBMISSION;;VEV_5300;SEASHELLS;43;15
84300;SUBMISSION;;VEV_5400;SEASHELLS;15;15
84400;SUBMISSION;;VELVETFRUIT_EXTRACT;SEASHELLS;5235;20
84400;SUBMISSION;;VEV_5000;SEASHELLS;243;15
84400;SUBMISSION;;VEV_5100;SEASHELLS;157;15
84400;SUBMISSION;;VEV_5200;SEASHELLS;89;15
84400;SUBMISSION;;VEV_5300;SEASHELLS;43;15
84400;SUBMISSION;;VEV_5400;SEASHELLS;15;15
84500;SUBMISSION;;VELVETFRUIT_EXTRACT;SEASHELLS;5236;50
84500;SUBMISSION;;VEV_5100;SEASHELLS;157;15
84500;SUBMISSION;;VEV_5200;SEASHELLS;89;15
84500;SUBMISSION;;VEV_5300;SEASHELLS;43;15
84500;SUBMISSION;;VEV_5400;SEASHELLS;15;15
84600;SUBMISSION;;VEV_5100;SEASHELLS;158;15
84600;SUBMISSION;;VEV_5200;SEASHELLS;90;15
84600;SUBMISSION;;VEV_5300;SEASHELLS;43;15
84600;SUBMISSION;;VEV_5400;SEASHELLS;15;15
84700;SUBMISSION;;VELVETFRUIT_EXTRACT;SEASHELLS;5237;20
84700;SUBMISSION;;VEV_5100;SEASHELLS;158;15
84700;SUBMISSION;;VEV_5200;SEASHELLS;90;15
84700;SUBMISSION;;VEV_5300;SEASHELLS;43;15
84700;SUBMISSION;;VEV_5400;SEASHELLS;15;15
84800;SUBMISSION;;VEV_5000;SEASHELLS;245;30
84800;SUBMISSION;;VEV_5200;SEASHELLS;90;30
84800;SUBMISSION;;VEV_5300;SEASHELLS;44;15
84800;SUBMISSION;;VEV_5400;SEASHELLS;15;15
84900;SUBMISSION;;VEV_5100;SEASHELLS;159;15
84900;SUBMISSION;;VEV_5200;SEASHELLS;91;15
84900;SUBMISSION;;VEV_5300;SEASHELLS;44;15
84900;SUBMISSION;;VEV_5400;SEASHELLS;15;15
85000;SUBMISSION;;VEV_5200;SEASHELLS;91;15
85000;SUBMISSION;;VEV_5300;SEASHELLS;44;15
85000;SUBMISSION;;VEV_5400;SEASHELLS;15;15
85100;SUBMISSION;;VEV_5100;SEASHELLS;160;15
85100;SUBMISSION;;VEV_5300;SEASHELLS;44;15
85200;SUBMISSION;;VEV_5000;SEASHELLS;245;15
85200;SUBMISSION;;VEV_5200;SEASHELLS;90;15
85200;SUBMISSION;;VEV_5400;SEASHELLS;15;15
85300;SUBMISSION;;VEV_5300;SEASHELLS;44;15
85300;SUBMISSION;;VEV_5400;SEASHELLS;15;15
85400;SUBMISSION;;VEV_5000;SEASHELLS;245;15
85400;SUBMISSION;;VEV_5100;SEASHELLS;158;15
85400;SUBMISSION;;VEV_5200;SEASHELLS;90;15
85400;SUBMISSION;;VEV_5400;SEASHELLS;15;15
85500;SUBMISSION;;VEV_5300;SEASHELLS;44;15
85500;SUBMISSION;;VEV_5400;SEASHELLS;15;15
85600;SUBMISSION;;VEV_5300;SEASHELLS;44;15
85600;SUBMISSION;;VEV_5400;SEASHELLS;15;15
85700;SUBMISSION;;VEV_5000;SEASHELLS;245;15
85700;SUBMISSION;;VEV_5100;SEASHELLS;158;15
85700;SUBMISSION;;VEV_5200;SEASHELLS;90;15
85700;SUBMISSION;;VEV_5400;SEASHELLS;15;15
85800;SUBMISSION;;VEV_5000;SEASHELLS;246;15
85800;SUBMISSION;;VEV_5100;SEASHELLS;159;15
85800;SUBMISSION;;VEV_5200;SEASHELLS;91;15
85800;SUBMISSION;;VEV_5300;SEASHELLS;44;15
85800;SUBMISSION;;VEV_5400;SEASHELLS;15;15
85900;SUBMISSION;;VEV_5100;SEASHELLS;159;15
85900;SUBMISSION;;VEV_5200;SEASHELLS;91;15
85900;SUBMISSION;;VEV_5300;SEASHELLS;44;15
85900;SUBMISSION;;VEV_5400;SEASHELLS;15;15
86000;;SUBMISSION;VELVETFRUIT_EXTRACT;SEASHELLS;5236;20
86000;SUBMISSION;;VEV_5000;SEASHELLS;248;15
86200;SUBMISSION;;HYDROGEL_PACK;SEASHELLS;9970;10
86400;SUBMISSION;;VEV_5200;SEASHELLS;91;15
86400;SUBMISSION;;VEV_5300;SEASHELLS;44;15
86400;SUBMISSION;;VEV_5400;SEASHELLS;15;15
86500;SUBMISSION;;VEV_5100;SEASHELLS;160;15
86500;SUBMISSION;;VEV_5200;SEASHELLS;91;15
86500;SUBMISSION;;VEV_5300;SEASHELLS;44;15
86600;SUBMISSION;;VEV_5100;SEASHELLS;160;15
86600;SUBMISSION;;VEV_5200;SEASHELLS;91;15
86600;SUBMISSION;;VEV_5300;SEASHELLS;44;15
86700;SUBMISSION;;VELVETFRUIT_EXTRACT;SEASHELLS;5238;20
86700;SUBMISSION;;VEV_5000;SEASHELLS;246;15
86700;SUBMISSION;;VEV_5100;SEASHELLS;159;15
86700;SUBMISSION;;VEV_5200;SEASHELLS;91;15
86700;SUBMISSION;;VEV_5300;SEASHELLS;44;15
86700;SUBMISSION;;VEV_5400;SEASHELLS;15;15
86800;SUBMISSION;;VEV_5200;SEASHELLS;91;15
86800;SUBMISSION;;VEV_5300;SEASHELLS;44;15
86900;SUBMISSION;;HYDROGEL_PACK;SEASHELLS;9970;10
86900;SUBMISSION;;VEV_5000;SEASHELLS;247;30
86900;SUBMISSION;;VEV_5100;SEASHELLS;160;30
86900;SUBMISSION;;VEV_5200;SEASHELLS;91;30
86900;SUBMISSION;;VEV_5300;SEASHELLS;44;15
86900;SUBMISSION;;VEV_5500;SEASHELLS;7;15
87000;SUBMISSION;;HYDROGEL_PACK;SEASHELLS;9971;10
87000;SUBMISSION;;VEV_5100;SEASHELLS;160;15
87000;SUBMISSION;;VEV_5500;SEASHELLS;7;15
87100;SUBMISSION;;HYDROGEL_PACK;SEASHELLS;9969;10
87100;SUBMISSION;;VEV_5500;SEASHELLS;7;15
87200;SUBMISSION;;HYDROGEL_PACK;SEASHELLS;9971;10
87200;SUBMISSION;;VEV_5500;SEASHELLS;7;15
87300;SUBMISSION;;VEV_5500;SEASHELLS;7;15
87400;;SUBMISSION;VEV_5300;SEASHELLS;44;15
87400;SUBMISSION;;VEV_5500;SEASHELLS;7;15
87500;SUBMISSION;;VEV_5500;SEASHELLS;7;15
87600;SUBMISSION;;VEV_5500;SEASHELLS;7;15
87700;;SUBMISSION;HYDROGEL_PACK;SEASHELLS;9964;10
87700;SUBMISSION;;VEV_5500;SEASHELLS;7;15
87800;;SUBMISSION;HYDROGEL_PACK;SEASHELLS;9965;10
87800;SUBMISSION;;VEV_5500;SEASHELLS;7;15
87900;;SUBMISSION;HYDROGEL_PACK;SEASHELLS;9964;10
87900;SUBMISSION;;VEV_5500;SEASHELLS;7;15
88000;;SUBMISSION;HYDROGEL_PACK;SEASHELLS;9965;10
88000;SUBMISSION;;VEV_5500;SEASHELLS;7;15
88100;;SUBMISSION;HYDROGEL_PACK;SEASHELLS;9965;10
88100;SUBMISSION;;VEV_5500;SEASHELLS;7;15
88200;SUBMISSION;;VEV_5300;SEASHELLS;45;15
88200;SUBMISSION;;VEV_5500;SEASHELLS;7;15
88300;SUBMISSION;;VEV_5500;SEASHELLS;7;15
88400;SUBMISSION;;VEV_5500;SEASHELLS;7;15
88500;SUBMISSION;;HYDROGEL_PACK;SEASHELLS;9968;10
88600;;SUBMISSION;VELVETFRUIT_EXTRACT;SEASHELLS;5242;10
88600;SUBMISSION;;VEV_5500;SEASHELLS;7;15
88700;SUBMISSION;;VEV_5500;SEASHELLS;7;15
88800;SUBMISSION;;VEV_5500;SEASHELLS;7;15
88900;SUBMISSION;;VEV_5500;SEASHELLS;7;15
89000;;SUBMISSION;VEV_5000;SEASHELLS;246;15
89000;;SUBMISSION;VEV_5300;SEASHELLS;45;15
89200;;SUBMISSION;HYDROGEL_PACK;SEASHELLS;9963;10
89200;SUBMISSION;;VEV_5500;SEASHELLS;7;15
89500;;SUBMISSION;VELVETFRUIT_EXTRACT;SEASHELLS;5241;20
89500;;SUBMISSION;VEV_5300;SEASHELLS;45;15
89700;;SUBMISSION;VELVETFRUIT_EXTRACT;SEASHELLS;5241;10
89700;;SUBMISSION;VEV_5300;SEASHELLS;45;15
89800;;SUBMISSION;VEV_5300;SEASHELLS;45;15
89900;;SUBMISSION;VEV_5300;SEASHELLS;45;15
90200;;SUBMISSION;VEV_5300;SEASHELLS;45;15
90300;;SUBMISSION;VEV_5300;SEASHELLS;45;15
90400;;SUBMISSION;VEV_5300;SEASHELLS;45;15
90500;SUBMISSION;;HYDROGEL_PACK;SEASHELLS;9966;10
90500;;SUBMISSION;VELVETFRUIT_EXTRACT;SEASHELLS;5242;20
90500;;SUBMISSION;VEV_5000;SEASHELLS;247;15
90500;;SUBMISSION;VEV_5100;SEASHELLS;161;15
90500;;SUBMISSION;VEV_5200;SEASHELLS;93;15
90500;;SUBMISSION;VEV_5300;SEASHELLS;45;15
90600;SUBMISSION;;HYDROGEL_PACK;SEASHELLS;9964;10
90700;SUBMISSION;;HYDROGEL_PACK;SEASHELLS;9965;10
90800;SUBMISSION;;HYDROGEL_PACK;SEASHELLS;9965;10
90900;SUBMISSION;;HYDROGEL_PACK;SEASHELLS;9965;10
91000;SUBMISSION;;HYDROGEL_PACK;SEASHELLS;9965;10
91100;SUBMISSION;;HYDROGEL_PACK;SEASHELLS;9964;10
91100;SUBMISSION;;VEV_5500;SEASHELLS;7;30
91200;SUBMISSION;;HYDROGEL_PACK;SEASHELLS;9965;10
91300;SUBMISSION;;HYDROGEL_PACK;SEASHELLS;9966;10
91300;SUBMISSION;;VEV_5500;SEASHELLS;7;15
91500;SUBMISSION;;VEV_5500;SEASHELLS;7;15
91600;SUBMISSION;;VEV_5500;SEASHELLS;7;15
91700;SUBMISSION;;HYDROGEL_PACK;SEASHELLS;9966;10
91700;SUBMISSION;;VELVETFRUIT_EXTRACT;SEASHELLS;5243;10
91700;SUBMISSION;;VEV_5500;SEASHELLS;7;15
91800;SUBMISSION;;HYDROGEL_PACK;SEASHELLS;9965;10
91800;SUBMISSION;;VEV_5500;SEASHELLS;7;15
91900;SUBMISSION;;VELVETFRUIT_EXTRACT;SEASHELLS;5243;20
91900;SUBMISSION;;VEV_5500;SEASHELLS;7;15
92000;SUBMISSION;;VELVETFRUIT_EXTRACT;SEASHELLS;5243;20
92000;SUBMISSION;;VEV_5100;SEASHELLS;163;15
92000;SUBMISSION;;VEV_5500;SEASHELLS;7;15
92100;SUBMISSION;;VELVETFRUIT_EXTRACT;SEASHELLS;5243;10
92100;SUBMISSION;;VEV_5200;SEASHELLS;94;15
92100;SUBMISSION;;VEV_5500;SEASHELLS;7;15
92400;;SUBMISSION;VEV_5000;SEASHELLS;247;15
92400;;SUBMISSION;VEV_5200;SEASHELLS;93;15
92400;;SUBMISSION;VEV_5300;SEASHELLS;45;15
92500;;SUBMISSION;VEV_5300;SEASHELLS;45;15
92600;;SUBMISSION;VEV_5300;SEASHELLS;45;15
92700;;SUBMISSION;VEV_5300;SEASHELLS;45;15
92800;SUBMISSION;;VEV_5200;SEASHELLS;94;15
92800;SUBMISSION;;VEV_5500;SEASHELLS;7;15
92900;SUBMISSION;;VEV_5500;SEASHELLS;7;15
93000;;SUBMISSION;VEV_5200;SEASHELLS;93;15
93000;;SUBMISSION;VEV_5300;SEASHELLS;45;15
93100;;SUBMISSION;VEV_5000;SEASHELLS;247;30
93100;;SUBMISSION;VEV_5100;SEASHELLS;161;30
93100;;SUBMISSION;VEV_5200;SEASHELLS;93;30
93100;;SUBMISSION;VEV_5300;SEASHELLS;45;15
93200;;SUBMISSION;VEV_5300;SEASHELLS;45;15
93300;;SUBMISSION;HYDROGEL_PACK;SEASHELLS;9960;10
93400;;SUBMISSION;HYDROGEL_PACK;SEASHELLS;9960;10
93500;;SUBMISSION;HYDROGEL_PACK;SEASHELLS;9961;10
93600;;SUBMISSION;HYDROGEL_PACK;SEASHELLS;9960;10
93700;;SUBMISSION;HYDROGEL_PACK;SEASHELLS;9962;10
93800;;SUBMISSION;HYDROGEL_PACK;SEASHELLS;9961;10
93900;;SUBMISSION;HYDROGEL_PACK;SEASHELLS;9960;10
93900;;SUBMISSION;VELVETFRUIT_EXTRACT;SEASHELLS;5242;20
93900;;SUBMISSION;VEV_5000;SEASHELLS;247;15
93900;;SUBMISSION;VEV_5100;SEASHELLS;161;15
93900;;SUBMISSION;VEV_5200;SEASHELLS;93;15
94000;;SUBMISSION;HYDROGEL_PACK;SEASHELLS;9961;10
94000;;SUBMISSION;VEV_5200;SEASHELLS;93;15
94100;;SUBMISSION;HYDROGEL_PACK;SEASHELLS;9962;10
94100;;SUBMISSION;VEV_5100;SEASHELLS;162;15
94100;;SUBMISSION;VEV_5200;SEASHELLS;93;15
94100;;SUBMISSION;VEV_5300;SEASHELLS;45;15
94100;;SUBMISSION;VEV_5400;SEASHELLS;16;15
94200;;SUBMISSION;HYDROGEL_PACK;SEASHELLS;9959;10
94200;;SUBMISSION;VEV_5000;SEASHELLS;247;15
94200;;SUBMISSION;VEV_5200;SEASHELLS;93;15
94600;;SUBMISSION;VELVETFRUIT_EXTRACT;SEASHELLS;5242;20
94600;;SUBMISSION;VEV_5200;SEASHELLS;93;30
94700;;SUBMISSION;HYDROGEL_PACK;SEASHELLS;9959;10
94700;;SUBMISSION;VELVETFRUIT_EXTRACT;SEASHELLS;5242;60
94700;;SUBMISSION;VEV_5200;SEASHELLS;93;30
94800;;SUBMISSION;VELVETFRUIT_EXTRACT;SEASHELLS;5242;10
94900;;SUBMISSION;VEV_5400;SEASHELLS;16;15
94900;;SUBMISSION;VEV_5500;SEASHELLS;7;15
95100;;SUBMISSION;VELVETFRUIT_EXTRACT;SEASHELLS;5242;20
95100;;SUBMISSION;VEV_5000;SEASHELLS;247;15
95400;;SUBMISSION;VELVETFRUIT_EXTRACT;SEASHELLS;5243;10
95500;;SUBMISSION;VELVETFRUIT_EXTRACT;SEASHELLS;5242;10
95500;;SUBMISSION;VEV_5400;SEASHELLS;16;15
95700;SUBMISSION;;VELVETFRUIT_EXTRACT;SEASHELLS;5244;10
95700;SUBMISSION;;VEV_5200;SEASHELLS;94;15
95700;SUBMISSION;;VEV_5300;SEASHELLS;46;15
95700;SUBMISSION;;VEV_5500;SEASHELLS;7;15
95800;SUBMISSION;;VELVETFRUIT_EXTRACT;SEASHELLS;5244;50
95800;SUBMISSION;;VEV_5200;SEASHELLS;94;15
95800;SUBMISSION;;VEV_5300;SEASHELLS;46;15
95800;SUBMISSION;;VEV_5500;SEASHELLS;7;15
95900;SUBMISSION;;VELVETFRUIT_EXTRACT;SEASHELLS;5240;10
95900;SUBMISSION;;VEV_5100;SEASHELLS;163;15
95900;SUBMISSION;;VEV_5200;SEASHELLS;94;15
95900;SUBMISSION;;VEV_5300;SEASHELLS;46;15
95900;SUBMISSION;;VEV_5400;SEASHELLS;16;15
95900;SUBMISSION;;VEV_5500;SEASHELLS;7;15
96000;SUBMISSION;;VELVETFRUIT_EXTRACT;SEASHELLS;5244;20
96000;SUBMISSION;;VEV_5200;SEASHELLS;94;15
96000;SUBMISSION;;VEV_5300;SEASHELLS;46;15
96000;SUBMISSION;;VEV_5400;SEASHELLS;16;15
96000;SUBMISSION;;VEV_5500;SEASHELLS;7;15
96100;SUBMISSION;;VELVETFRUIT_EXTRACT;SEASHELLS;5244;60
96100;SUBMISSION;;VEV_5200;SEASHELLS;94;15
96100;SUBMISSION;;VEV_5300;SEASHELLS;46;15
96100;SUBMISSION;;VEV_5400;SEASHELLS;16;15
96100;SUBMISSION;;VEV_5500;SEASHELLS;7;15
96200;SUBMISSION;;VEV_5300;SEASHELLS;46;15
96200;SUBMISSION;;VEV_5500;SEASHELLS;7;15
96800;SUBMISSION;;VEV_5300;SEASHELLS;46;15
96900;;SUBMISSION;VELVETFRUIT_EXTRACT;SEASHELLS;5244;10
96900;;SUBMISSION;VEV_5000;SEASHELLS;247;30
97100;SUBMISSION;;VEV_5300;SEASHELLS;46;15
97200;SUBMISSION;;VEV_5300;SEASHELLS;46;15
97400;;SUBMISSION;VEV_5400;SEASHELLS;16;15
97500;;SUBMISSION;VEV_5000;SEASHELLS;247;15
97600;;SUBMISSION;VEV_5000;SEASHELLS;247;15
97600;;SUBMISSION;VEV_5400;SEASHELLS;16;15
97900;SUBMISSION;;HYDROGEL_PACK;SEASHELLS;9960;10
97900;SUBMISSION;;VELVETFRUIT_EXTRACT;SEASHELLS;5245;10
97900;SUBMISSION;;VEV_5300;SEASHELLS;46;15
98000;SUBMISSION;;HYDROGEL_PACK;SEASHELLS;9959;10
98100;SUBMISSION;;HYDROGEL_PACK;SEASHELLS;9959;10
98100;;SUBMISSION;VEV_5000;SEASHELLS;248;15
98100;;SUBMISSION;VEV_5100;SEASHELLS;162;15
98100;;SUBMISSION;VEV_5400;SEASHELLS;16;15
98100;;SUBMISSION;VEV_5500;SEASHELLS;7;15
98200;;SUBMISSION;VELVETFRUIT_EXTRACT;SEASHELLS;5244;10
98200;;SUBMISSION;VEV_5000;SEASHELLS;249;30
98200;;SUBMISSION;VEV_5100;SEASHELLS;163;30
98200;;SUBMISSION;VEV_5200;SEASHELLS;94;30
98200;;SUBMISSION;VEV_5300;SEASHELLS;46;15
98200;;SUBMISSION;VEV_5400;SEASHELLS;16;15
98200;;SUBMISSION;VEV_5500;SEASHELLS;7;15
98300;SUBMISSION;;HYDROGEL_PACK;SEASHELLS;9962;10
98300;;SUBMISSION;VELVETFRUIT_EXTRACT;SEASHELLS;5245;20
98300;;SUBMISSION;VEV_5300;SEASHELLS;46;15
98300;;SUBMISSION;VEV_5400;SEASHELLS;16;15
98300;;SUBMISSION;VEV_5500;SEASHELLS;7;15
98400;SUBMISSION;;HYDROGEL_PACK;SEASHELLS;9960;10
98400;;SUBMISSION;VEV_5200;SEASHELLS;94;15
98400;;SUBMISSION;VEV_5300;SEASHELLS;46;15
98400;;SUBMISSION;VEV_5400;SEASHELLS;16;15
98400;;SUBMISSION;VEV_5500;SEASHELLS;7;15
98500;SUBMISSION;;HYDROGEL_PACK;SEASHELLS;9960;10
98500;;SUBMISSION;VEV_5100;SEASHELLS;162;30
98500;;SUBMISSION;VEV_5400;SEASHELLS;16;15
98500;;SUBMISSION;VEV_5500;SEASHELLS;7;15
98600;SUBMISSION;;HYDROGEL_PACK;SEASHELLS;9962;10
98600;;SUBMISSION;VELVETFRUIT_EXTRACT;SEASHELLS;5244;10
98600;;SUBMISSION;VEV_5000;SEASHELLS;249;15
98600;;SUBMISSION;VEV_5100;SEASHELLS;163;15
98600;;SUBMISSION;VEV_5200;SEASHELLS;94;15
98600;;SUBMISSION;VEV_5300;SEASHELLS;46;15
98600;;SUBMISSION;VEV_5400;SEASHELLS;16;15
98600;;SUBMISSION;VEV_5500;SEASHELLS;7;15
98700;SUBMISSION;;HYDROGEL_PACK;SEASHELLS;9962;10
98700;;SUBMISSION;VEV_5000;SEASHELLS;248;15
98700;;SUBMISSION;VEV_5100;SEASHELLS;162;15
98700;;SUBMISSION;VEV_5400;SEASHELLS;16;15
98700;;SUBMISSION;VEV_5500;SEASHELLS;7;15
98800;SUBMISSION;;HYDROGEL_PACK;SEASHELLS;9959;10
98800;;SUBMISSION;VELVETFRUIT_EXTRACT;SEASHELLS;5244;10
98800;;SUBMISSION;VEV_5100;SEASHELLS;163;15
98800;;SUBMISSION;VEV_5200;SEASHELLS;94;15
