timestamp;buyer;seller;symbol;currency;price;quantity
3200;SUBMISSION;;EMERALDS;SEASHELLS;9993;8
3400;;SUBMISSION;TOMATOES;SEASHELLS;5008;2
5000;SUBMISSION;;EMERALDS;SEASHELLS;9993;7
7000;;SUBMISSION;TOMATOES;SEASHELLS;5009;4
9600;SUBMISSION;;TOMATOES;SEASHELLS;5000;5
9900;SUBMISSION;;TOMATOES;SEASHELLS;5001;4
13900;SUBMISSION;;TOMATOES;SEASHELLS;5004;6
16400;SUBMISSION;;TOMATOES;SEASHELLS;4997;2
17900;;SUBMISSION;TOMATOES;SEASHELLS;5008;2
22200;;SUBMISSION;TOMATOES;SEASHELLS;5004;3
23500;SUBMISSION;;TOMATOES;SEASHELLS;4990;3
24600;;SUBMISSION;TOMATOES;SEASHELLS;5001;5
26100;SUBMISSION;;TOMATOES;SEASHELLS;4989;2
30000;SUBMISSION;;TOMATOES;SEASHELLS;4988;7
31400;;SUBMISSION;EMERALDS;SEASHELLS;10007;3
33200;SUBMISSION;;TOMATOES;SEASHELLS;4989;8
34700;;SUBMISSION;TOMATOES;SEASHELLS;4997;4
36400;SUBMISSION;;TOMATOES;SEASHELLS;4987;2
36700;SUBMISSION;;TOMATOES;SEASHELLS;4986;2
39400;SUBMISSION;;TOMATOES;SEASHELLS;4979;2
39900;SUBMISSION;;EMERALDS;SEASHELLS;9993;7
42400;SUBMISSION;;EMERALDS;SEASHELLS;9993;5
43900;;SUBMISSION;TOMATOES;SEASHELLS;4988;5
46600;SUBMISSION;;TOMATOES;SEASHELLS;4982;9
51300;SUBMISSION;;EMERALDS;SEASHELLS;9993;7
52800;;SUBMISSION;TOMATOES;SEASHELLS;4993;4
53100;;SUBMISSION;TOMATOES;SEASHELLS;4994;2
53600;;SUBMISSION;TOMATOES;SEASHELLS;4995;2
54400;SUBMISSION;;TOMATOES;SEASHELLS;4984;3
55300;SUBMISSION;;EMERALDS;SEASHELLS;9993;6
55700;SUBMISSION;;EMERALDS;SEASHELLS;9993;4
56500;SUBMISSION;;TOMATOES;SEASHELLS;4985;9
59700;;SUBMISSION;TOMATOES;SEASHELLS;4992;5
61400;;SUBMISSION;TOMATOES;SEASHELLS;4990;6
62700;SUBMISSION;;EMERALDS;SEASHELLS;9993;8
64100;SUBMISSION;;TOMATOES;SEASHELLS;4985;4
66700;;SUBMISSION;EMERALDS;SEASHELLS;10007;7
67300;SUBMISSION;;EMERALDS;SEASHELLS;9993;7
70600;;SUBMISSION;TOMATOES;SEASHELLS;4992;2
71200;;SUBMISSION;TOMATOES;SEASHELLS;4992;2
73500;SUBMISSION;;TOMATOES;SEASHELLS;4983;3
73700;SUBMISSION;;EMERALDS;SEASHELLS;9993;3
74200;;SUBMISSION;TOMATOES;SEASHELLS;4995;3
75200;SUBMISSION;;TOMATOES;SEASHELLS;4983;4
78300;;SUBMISSION;TOMATOES;SEASHELLS;4996;5
79100;SUBMISSION;;TOMATOES;SEASHELLS;4985;5
80300;SUBMISSION;;TOMATOES;SEASHELLS;4986;3
80400;SUBMISSION;;EMERALDS;SEASHELLS;9993;3
80900;SUBMISSION;;TOMATOES;SEASHELLS;4985;2
81000;SUBMISSION;;TOMATOES;SEASHELLS;4985;4
81400;SUBMISSION;;TOMATOES;SEASHELLS;4985;5
83800;SUBMISSION;;EMERALDS;SEASHELLS;9993;7
84500;SUBMISSION;;TOMATOES;SEASHELLS;4980;3
85500;SUBMISSION;;TOMATOES;SEASHELLS;4978;2
86000;;SUBMISSION;TOMATOES;SEASHELLS;4990;5
87600;SUBMISSION;;EMERALDS;SEASHELLS;9993;8
91000;SUBMISSION;;TOMATOES;SEASHELLS;4979;5
93900;;SUBMISSION;EMERALDS;SEASHELLS;10007;7
95100;SUBMISSION;;EMERALDS;SEASHELLS;9993;7
96500;;SUBMISSION;EMERALDS;SEASHELLS;10007;6
97200;SUBMISSION;;TOMATOES;SEASHELLS;4979;4
97500;SUBMISSION;;TOMATOES;SEASHELLS;4979;3
98000;SUBMISSION;;EMERALDS;SEASHELLS;9993;7
98400;;SUBMISSION;EMERALDS;SEASHELLS;10007;7
101200;;SUBMISSION;EMERALDS;SEASHELLS;10007;6
103700;SUBMISSION;;EMERALDS;SEASHELLS;9993;5
108000;SUBMISSION;;EMERALDS;SEASHELLS;9993;4
110200;SUBMISSION;;TOMATOES;SEASHELLS;4987;5
110700;SUBMISSION;;EMERALDS;SEASHELLS;9993;6
111900;SUBMISSION;;TOMATOES;SEASHELLS;4987;3
112000;;SUBMISSION;TOMATOES;SEASHELLS;4998;4
113000;;SUBMISSION;TOMATOES;SEASHELLS;4998;4
116300;;SUBMISSION;TOMATOES;SEASHELLS;5000;2
120900;SUBMISSION;;TOMATOES;SEASHELLS;4991;3
124800;SUBMISSION;;TOMATOES;SEASHELLS;4990;2
128400;SUBMISSION;;EMERALDS;SEASHELLS;9993;3
128700;SUBMISSION;;TOMATOES;SEASHELLS;4989;3
129000;;SUBMISSION;TOMATOES;SEASHELLS;5000;2
130500;SUBMISSION;;TOMATOES;SEASHELLS;4986;3
130900;SUBMISSION;;TOMATOES;SEASHELLS;4986;2
131700;;SUBMISSION;EMERALDS;SEASHELLS;10007;8
131900;;SUBMISSION;TOMATOES;SEASHELLS;4998;4
132100;SUBMISSION;;EMERALDS;SEASHELLS;9993;6
132100;SUBMISSION;;TOMATOES;SEASHELLS;4987;4
133400;;SUBMISSION;TOMATOES;SEASHELLS;5000;4
133700;;SUBMISSION;EMERALDS;SEASHELLS;10007;8
133900;SUBMISSION;;EMERALDS;SEASHELLS;9993;3
135500;SUBMISSION;;EMERALDS;SEASHELLS;9993;5
135600;SUBMISSION;;EMERALDS;SEASHELLS;9993;6
136200;SUBMISSION;;TOMATOES;SEASHELLS;4988;4
136300;;SUBMISSION;TOMATOES;SEASHELLS;4995;5
137600;;SUBMISSION;TOMATOES;SEASHELLS;5000;5
138600;SUBMISSION;;TOMATOES;SEASHELLS;4994;2
140200;SUBMISSION;;TOMATOES;SEASHELLS;4991;6
144200;SUBMISSION;;TOMATOES;SEASHELLS;4987;2
146100;;SUBMISSION;EMERALDS;SEASHELLS;10007;4
151500;SUBMISSION;;TOMATOES;SEASHELLS;4985;2
152000;SUBMISSION;;EMERALDS;SEASHELLS;9993;4
153400;;SUBMISSION;TOMATOES;SEASHELLS;4995;4
156600;SUBMISSION;;TOMATOES;SEASHELLS;4988;10
156700;;SUBMISSION;TOMATOES;SEASHELLS;4996;3
157600;;SUBMISSION;TOMATOES;SEASHELLS;4995;3
158300;;SUBMISSION;EMERALDS;SEASHELLS;10007;3
158900;SUBMISSION;;TOMATOES;SEASHELLS;4977;2
159200;SUBMISSION;;TOMATOES;SEASHELLS;4979;3
160700;SUBMISSION;;TOMATOES;SEASHELLS;4983;9
161000;SUBMISSION;;TOMATOES;SEASHELLS;4978;3
161800;SUBMISSION;;TOMATOES;SEASHELLS;4977;2
168200;;SUBMISSION;TOMATOES;SEASHELLS;4994;4
170800;SUBMISSION;;TOMATOES;SEASHELLS;4983;3
171100;SUBMISSION;;TOMATOES;SEASHELLS;4987;1
176000;;SUBMISSION;TOMATOES;SEASHELLS;4997;4
176300;SUBMISSION;;TOMATOES;SEASHELLS;4985;3
176900;SUBMISSION;;TOMATOES;SEASHELLS;4986;1
182700;;SUBMISSION;EMERALDS;SEASHELLS;10007;5
183700;;SUBMISSION;TOMATOES;SEASHELLS;4990;6
185200;;SUBMISSION;TOMATOES;SEASHELLS;4996;3
187100;;SUBMISSION;TOMATOES;SEASHELLS;4999;2
187600;SUBMISSION;;TOMATOES;SEASHELLS;4989;3
188300;;SUBMISSION;TOMATOES;SEASHELLS;5001;5
189000;SUBMISSION;;TOMATOES;SEASHELLS;4988;3
191700;;SUBMISSION;TOMATOES;SEASHELLS;4999;3
192700;SUBMISSION;;TOMATOES;SEASHELLS;4985;3
195700;SUBMISSION;;TOMATOES;SEASHELLS;4992;3
198700;SUBMISSION;;TOMATOES;SEASHELLS;4994;5
202200;;SUBMISSION;TOMATOES;SEASHELLS;5004;3
203600;;SUBMISSION;TOMATOES;SEASHELLS;5001;4
206300;;SUBMISSION;TOMATOES;SEASHELLS;5001;2
206400;SUBMISSION;;TOMATOES;SEASHELLS;4990;3
207200;SUBMISSION;;TOMATOES;SEASHELLS;4989;4
207500;;SUBMISSION;EMERALDS;SEASHELLS;10007;7
210000;SUBMISSION;;EMERALDS;SEASHELLS;9993;6
212200;SUBMISSION;;EMERALDS;SEASHELLS;9993;5
212200;SUBMISSION;;TOMATOES;SEASHELLS;4996;4
215500;;SUBMISSION;TOMATOES;SEASHELLS;5002;3
216000;;SUBMISSION;TOMATOES;SEASHELLS;5000;4
218400;;SUBMISSION;EMERALDS;SEASHELLS;10007;3
218700;;SUBMISSION;TOMATOES;SEASHELLS;4998;4
218800;SUBMISSION;;TOMATOES;SEASHELLS;4985;5
218900;SUBMISSION;;TOMATOES;SEASHELLS;4987;2
219300;;SUBMISSION;EMERALDS;SEASHELLS;10007;3
225900;;SUBMISSION;EMERALDS;SEASHELLS;10007;8
226200;SUBMISSION;;TOMATOES;SEASHELLS;4988;4
226300;;SUBMISSION;TOMATOES;SEASHELLS;4996;5
227300;;SUBMISSION;TOMATOES;SEASHELLS;4997;5
229400;SUBMISSION;;TOMATOES;SEASHELLS;4981;3
233200;;SUBMISSION;TOMATOES;SEASHELLS;4989;3
234400;;SUBMISSION;EMERALDS;SEASHELLS;10007;8
236300;;SUBMISSION;EMERALDS;SEASHELLS;10007;3
239100;;SUBMISSION;TOMATOES;SEASHELLS;4989;5
242000;;SUBMISSION;EMERALDS;SEASHELLS;10007;5
243600;SUBMISSION;;EMERALDS;SEASHELLS;9993;4
248700;SUBMISSION;;TOMATOES;SEASHELLS;4982;4
249000;;SUBMISSION;TOMATOES;SEASHELLS;4993;4
249800;;SUBMISSION;TOMATOES;SEASHELLS;4990;2
250200;;SUBMISSION;TOMATOES;SEASHELLS;4990;2
250700;SUBMISSION;;TOMATOES;SEASHELLS;4983;9
251800;;SUBMISSION;TOMATOES;SEASHELLS;4990;2
252300;SUBMISSION;;TOMATOES;SEASHELLS;4978;4
253300;;SUBMISSION;TOMATOES;SEASHELLS;4986;6
253500;SUBMISSION;;TOMATOES;SEASHELLS;4984;9
256700;SUBMISSION;;TOMATOES;SEASHELLS;4984;5
262900;;SUBMISSION;EMERALDS;SEASHELLS;10007;8
269100;;SUBMISSION;TOMATOES;SEASHELLS;4992;2
269900;;SUBMISSION;TOMATOES;SEASHELLS;4987;6
274300;SUBMISSION;;TOMATOES;SEASHELLS;4984;2
276300;SUBMISSION;;TOMATOES;SEASHELLS;4982;5
278600;SUBMISSION;;TOMATOES;SEASHELLS;4983;1
280400;;SUBMISSION;TOMATOES;SEASHELLS;4988;5
281700;SUBMISSION;;TOMATOES;SEASHELLS;4978;4
282200;;SUBMISSION;TOMATOES;SEASHELLS;4988;4
282500;;SUBMISSION;TOMATOES;SEASHELLS;4989;5
282600;;SUBMISSION;TOMATOES;SEASHELLS;4988;3
285700;SUBMISSION;;EMERALDS;SEASHELLS;9993;6
286800;;SUBMISSION;TOMATOES;SEASHELLS;4988;2
288700;;SUBMISSION;TOMATOES;SEASHELLS;4992;2
290400;;SUBMISSION;TOMATOES;SEASHELLS;4989;3
291700;SUBMISSION;;TOMATOES;SEASHELLS;4979;5
294500;;SUBMISSION;EMERALDS;SEASHELLS;10007;4
296100;SUBMISSION;;TOMATOES;SEASHELLS;4980;5
296700;;SUBMISSION;TOMATOES;SEASHELLS;4993;5
297400;SUBMISSION;;EMERALDS;SEASHELLS;9993;7
298900;SUBMISSION;;EMERALDS;SEASHELLS;9993;7
300000;;SUBMISSION;EMERALDS;SEASHELLS;10007;5
300100;;SUBMISSION;TOMATOES;SEASHELLS;4993;2
301000;;SUBMISSION;TOMATOES;SEASHELLS;4991;4
301600;SUBMISSION;;TOMATOES;SEASHELLS;4983;9
305700;;SUBMISSION;TOMATOES;SEASHELLS;4989;4
307900;SUBMISSION;;TOMATOES;SEASHELLS;4975;2
308200;SUBMISSION;;TOMATOES;SEASHELLS;4974;3
309300;;SUBMISSION;EMERALDS;SEASHELLS;10007;4
312600;SUBMISSION;;TOMATOES;SEASHELLS;4977;3
314200;;SUBMISSION;TOMATOES;SEASHELLS;4987;3
314400;SUBMISSION;;EMERALDS;SEASHELLS;9993;8
315900;SUBMISSION;;EMERALDS;SEASHELLS;9993;8
316000;SUBMISSION;;TOMATOES;SEASHELLS;4974;3
316400;SUBMISSION;;TOMATOES;SEASHELLS;4975;3
318400;;SUBMISSION;TOMATOES;SEASHELLS;4990;4
323700;;SUBMISSION;TOMATOES;SEASHELLS;4990;5
325600;SUBMISSION;;TOMATOES;SEASHELLS;4979;2
326400;;SUBMISSION;TOMATOES;SEASHELLS;4992;3
326800;SUBMISSION;;TOMATOES;SEASHELLS;4980;3
326900;;SUBMISSION;TOMATOES;SEASHELLS;4992;2
327400;SUBMISSION;;EMERALDS;SEASHELLS;9993;4
328200;;SUBMISSION;TOMATOES;SEASHELLS;4993;2
328900;SUBMISSION;;TOMATOES;SEASHELLS;4981;5
329400;SUBMISSION;;TOMATOES;SEASHELLS;4981;5
330300;SUBMISSION;;TOMATOES;SEASHELLS;4982;4
331300;;SUBMISSION;TOMATOES;SEASHELLS;4992;5
331400;;SUBMISSION;TOMATOES;SEASHELLS;4991;3
331600;;SUBMISSION;TOMATOES;SEASHELLS;4990;4
333000;SUBMISSION;;TOMATOES;SEASHELLS;4980;2
336100;;SUBMISSION;EMERALDS;SEASHELLS;10007;8
337600;SUBMISSION;;TOMATOES;SEASHELLS;4986;5
339400;;SUBMISSION;TOMATOES;SEASHELLS;4993;3
339900;SUBMISSION;;TOMATOES;SEASHELLS;4987;6
343200;SUBMISSION;;TOMATOES;SEASHELLS;4986;4
351500;;SUBMISSION;TOMATOES;SEASHELLS;4999;5
353400;;SUBMISSION;TOMATOES;SEASHELLS;5001;2
353600;;SUBMISSION;TOMATOES;SEASHELLS;4995;2
356500;;SUBMISSION;EMERALDS;SEASHELLS;10007;8
357300;SUBMISSION;;TOMATOES;SEASHELLS;4998;6
360100;SUBMISSION;;EMERALDS;SEASHELLS;9993;5
360700;;SUBMISSION;TOMATOES;SEASHELLS;5006;4
364000;SUBMISSION;;TOMATOES;SEASHELLS;4991;3
366200;;SUBMISSION;TOMATOES;SEASHELLS;5006;4
368200;;SUBMISSION;TOMATOES;SEASHELLS;5004;4
368300;;SUBMISSION;TOMATOES;SEASHELLS;5003;4
368900;SUBMISSION;;TOMATOES;SEASHELLS;4989;4
369300;SUBMISSION;;EMERALDS;SEASHELLS;9993;4
370700;SUBMISSION;;TOMATOES;SEASHELLS;4990;2
374500;;SUBMISSION;TOMATOES;SEASHELLS;4999;2
375400;SUBMISSION;;TOMATOES;SEASHELLS;4994;3
375500;;SUBMISSION;TOMATOES;SEASHELLS;4999;4
380300;;SUBMISSION;TOMATOES;SEASHELLS;4999;3
383000;;SUBMISSION;TOMATOES;SEASHELLS;4998;4
383600;;SUBMISSION;EMERALDS;SEASHELLS;10007;5
384400;SUBMISSION;;TOMATOES;SEASHELLS;4990;5
385100;;SUBMISSION;EMERALDS;SEASHELLS;10007;5
385300;SUBMISSION;;TOMATOES;SEASHELLS;4992;4
388600;SUBMISSION;;TOMATOES;SEASHELLS;4991;2
388900;;SUBMISSION;TOMATOES;SEASHELLS;4996;3
390000;;SUBMISSION;TOMATOES;SEASHELLS;5004;5
390100;;SUBMISSION;TOMATOES;SEASHELLS;5005;5
390600;;SUBMISSION;TOMATOES;SEASHELLS;5004;4
391300;SUBMISSION;;TOMATOES;SEASHELLS;4999;6
392300;SUBMISSION;;EMERALDS;SEASHELLS;9993;5
392600;;SUBMISSION;TOMATOES;SEASHELLS;5003;2
396700;SUBMISSION;;EMERALDS;SEASHELLS;9993;4
398600;SUBMISSION;;TOMATOES;SEASHELLS;4987;2
399000;SUBMISSION;;TOMATOES;SEASHELLS;4991;5
400200;SUBMISSION;;TOMATOES;SEASHELLS;4991;1
401400;;SUBMISSION;TOMATOES;SEASHELLS;4999;3
402200;SUBMISSION;;TOMATOES;SEASHELLS;4993;7
402200;SUBMISSION;;TOMATOES;SEASHELLS;4989;5
403300;SUBMISSION;;EMERALDS;SEASHELLS;9993;6
403900;SUBMISSION;;TOMATOES;SEASHELLS;4994;5
404900;;SUBMISSION;TOMATOES;SEASHELLS;4997;5
405200;SUBMISSION;;TOMATOES;SEASHELLS;4984;5
412400;SUBMISSION;;EMERALDS;SEASHELLS;9993;5
415000;;SUBMISSION;TOMATOES;SEASHELLS;4993;3
415300;SUBMISSION;;TOMATOES;SEASHELLS;4983;3
416000;SUBMISSION;;EMERALDS;SEASHELLS;9993;7
416500;;SUBMISSION;EMERALDS;SEASHELLS;10007;5
417600;;SUBMISSION;TOMATOES;SEASHELLS;4992;2
417700;;SUBMISSION;TOMATOES;SEASHELLS;4992;2
418000;SUBMISSION;;EMERALDS;SEASHELLS;9993;4
420000;;SUBMISSION;TOMATOES;SEASHELLS;4995;4
421600;;SUBMISSION;TOMATOES;SEASHELLS;4996;5
422000;;SUBMISSION;TOMATOES;SEASHELLS;4997;5
422800;SUBMISSION;;TOMATOES;SEASHELLS;4982;2
424700;;SUBMISSION;EMERALDS;SEASHELLS;10007;6
426700;SUBMISSION;;EMERALDS;SEASHELLS;9993;5
427100;SUBMISSION;;TOMATOES;SEASHELLS;4986;3
431400;SUBMISSION;;TOMATOES;SEASHELLS;4988;5
433300;SUBMISSION;;TOMATOES;SEASHELLS;4996;8
433500;;SUBMISSION;TOMATOES;SEASHELLS;4996;3
434400;SUBMISSION;;EMERALDS;SEASHELLS;9993;3
434700;;SUBMISSION;TOMATOES;SEASHELLS;4999;5
438400;;SUBMISSION;TOMATOES;SEASHELLS;5000;5
439100;;SUBMISSION;EMERALDS;SEASHELLS;10007;5
439400;SUBMISSION;;EMERALDS;SEASHELLS;9993;5
440400;;SUBMISSION;TOMATOES;SEASHELLS;4999;4
441200;;SUBMISSION;TOMATOES;SEASHELLS;4995;10
443900;;SUBMISSION;TOMATOES;SEASHELLS;5002;4
446900;SUBMISSION;;TOMATOES;SEASHELLS;4994;3
447600;;SUBMISSION;TOMATOES;SEASHELLS;5004;4
450300;;SUBMISSION;EMERALDS;SEASHELLS;10007;6
450700;;SUBMISSION;TOMATOES;SEASHELLS;5006;4
453700;;SUBMISSION;EMERALDS;SEASHELLS;10007;5
453800;SUBMISSION;;EMERALDS;SEASHELLS;9993;5
453900;SUBMISSION;;TOMATOES;SEASHELLS;4998;3
454000;SUBMISSION;;TOMATOES;SEASHELLS;4998;4
455400;;SUBMISSION;EMERALDS;SEASHELLS;10007;6
456500;SUBMISSION;;TOMATOES;SEASHELLS;4995;2
457400;SUBMISSION;;TOMATOES;SEASHELLS;4997;5
457700;;SUBMISSION;TOMATOES;SEASHELLS;5008;4
458200;SUBMISSION;;EMERALDS;SEASHELLS;9993;6
458700;SUBMISSION;;TOMATOES;SEASHELLS;4999;9
459400;SUBMISSION;;TOMATOES;SEASHELLS;4999;6
459800;;SUBMISSION;EMERALDS;SEASHELLS;10007;4
460700;SUBMISSION;;EMERALDS;SEASHELLS;9993;7
463900;;SUBMISSION;EMERALDS;SEASHELLS;10007;8
465000;;SUBMISSION;TOMATOES;SEASHELLS;5001;5
467200;SUBMISSION;;EMERALDS;SEASHELLS;9993;6
471900;SUBMISSION;;EMERALDS;SEASHELLS;9993;5
472800;;SUBMISSION;EMERALDS;SEASHELLS;10007;7
477100;;SUBMISSION;TOMATOES;SEASHELLS;4984;2
479200;;SUBMISSION;EMERALDS;SEASHELLS;10007;3
479600;;SUBMISSION;EMERALDS;SEASHELLS;10007;7
481500;;SUBMISSION;TOMATOES;SEASHELLS;4991;2
483900;;SUBMISSION;EMERALDS;SEASHELLS;10007;6
484200;;SUBMISSION;EMERALDS;SEASHELLS;10007;5
484400;;SUBMISSION;TOMATOES;SEASHELLS;4984;2
487200;SUBMISSION;;TOMATOES;SEASHELLS;4977;5
490300;SUBMISSION;;TOMATOES;SEASHELLS;4973;4
493100;SUBMISSION;;TOMATOES;SEASHELLS;4974;3
493900;SUBMISSION;;EMERALDS;SEASHELLS;9993;6
495500;SUBMISSION;;TOMATOES;SEASHELLS;4975;5
495700;SUBMISSION;;TOMATOES;SEASHELLS;4978;5
498400;;SUBMISSION;TOMATOES;SEASHELLS;4985;5
500100;SUBMISSION;;TOMATOES;SEASHELLS;4972;3
501700;SUBMISSION;;TOMATOES;SEASHELLS;4971;2
506500;;SUBMISSION;EMERALDS;SEASHELLS;10007;6
509300;;SUBMISSION;TOMATOES;SEASHELLS;4981;2
509600;SUBMISSION;;EMERALDS;SEASHELLS;9993;3
512300;SUBMISSION;;EMERALDS;SEASHELLS;9993;7
513500;SUBMISSION;;EMERALDS;SEASHELLS;9993;7
516200;SUBMISSION;;TOMATOES;SEASHELLS;4966;2
516500;;SUBMISSION;EMERALDS;SEASHELLS;10007;6
520100;;SUBMISSION;TOMATOES;SEASHELLS;4980;3
520300;SUBMISSION;;TOMATOES;SEASHELLS;4968;2
524900;SUBMISSION;;EMERALDS;SEASHELLS;9993;5
525500;SUBMISSION;;TOMATOES;SEASHELLS;4975;1
526400;;SUBMISSION;TOMATOES;SEASHELLS;4986;2
531200;SUBMISSION;;TOMATOES;SEASHELLS;4981;2
532400;;SUBMISSION;TOMATOES;SEASHELLS;4985;5
533600;SUBMISSION;;EMERALDS;SEASHELLS;9993;7
534800;SUBMISSION;;TOMATOES;SEASHELLS;4977;5
536900;;SUBMISSION;TOMATOES;SEASHELLS;4987;2
537800;SUBMISSION;;TOMATOES;SEASHELLS;4976;2
538500;;SUBMISSION;TOMATOES;SEASHELLS;4988;4
544100;SUBMISSION;;TOMATOES;SEASHELLS;4971;3
546900;SUBMISSION;;TOMATOES;SEASHELLS;4966;1
547600;;SUBMISSION;TOMATOES;SEASHELLS;4977;3
548300;SUBMISSION;;TOMATOES;SEASHELLS;4965;3
554200;;SUBMISSION;TOMATOES;SEASHELLS;4978;5
555400;;SUBMISSION;EMERALDS;SEASHELLS;10007;4
555500;;SUBMISSION;EMERALDS;SEASHELLS;10007;4
556300;SUBMISSION;;TOMATOES;SEASHELLS;4973;5
559100;;SUBMISSION;TOMATOES;SEASHELLS;4978;2
559200;;SUBMISSION;EMERALDS;SEASHELLS;10007;7
561800;SUBMISSION;;TOMATOES;SEASHELLS;4968;2
567700;SUBMISSION;;EMERALDS;SEASHELLS;9993;5
568900;SUBMISSION;;EMERALDS;SEASHELLS;9993;5
572200;;SUBMISSION;EMERALDS;SEASHELLS;10007;4
575900;;SUBMISSION;EMERALDS;SEASHELLS;10007;4
577000;SUBMISSION;;EMERALDS;SEASHELLS;9993;3
578200;;SUBMISSION;EMERALDS;SEASHELLS;10007;3
579400;;SUBMISSION;TOMATOES;SEASHELLS;4980;2
579500;SUBMISSION;;EMERALDS;SEASHELLS;9993;5
583400;;SUBMISSION;TOMATOES;SEASHELLS;4979;3
585600;;SUBMISSION;EMERALDS;SEASHELLS;10007;4
586600;SUBMISSION;;TOMATOES;SEASHELLS;4964;5
591700;;SUBMISSION;TOMATOES;SEASHELLS;4979;5
593900;SUBMISSION;;TOMATOES;SEASHELLS;4965;3
595100;;SUBMISSION;TOMATOES;SEASHELLS;4976;5
595600;;SUBMISSION;TOMATOES;SEASHELLS;4976;3
597400;;SUBMISSION;EMERALDS;SEASHELLS;10007;8
598500;SUBMISSION;;EMERALDS;SEASHELLS;9993;3
600000;SUBMISSION;;TOMATOES;SEASHELLS;4965;5
601100;;SUBMISSION;TOMATOES;SEASHELLS;4976;3
601500;;SUBMISSION;EMERALDS;SEASHELLS;10007;5
602900;SUBMISSION;;TOMATOES;SEASHELLS;4968;5
604400;SUBMISSION;;TOMATOES;SEASHELLS;4972;3
604600;;SUBMISSION;TOMATOES;SEASHELLS;4979;4
604800;SUBMISSION;;TOMATOES;SEASHELLS;4967;4
608100;;SUBMISSION;TOMATOES;SEASHELLS;4978;4
609700;SUBMISSION;;EMERALDS;SEASHELLS;9993;6
610700;;SUBMISSION;EMERALDS;SEASHELLS;10007;7
611600;;SUBMISSION;TOMATOES;SEASHELLS;4977;4
612600;SUBMISSION;;TOMATOES;SEASHELLS;4972;7
613400;SUBMISSION;;TOMATOES;SEASHELLS;4975;1
616400;;SUBMISSION;TOMATOES;SEASHELLS;4973;8
617500;SUBMISSION;;TOMATOES;SEASHELLS;4967;4
618400;SUBMISSION;;TOMATOES;SEASHELLS;4968;3
618900;;SUBMISSION;TOMATOES;SEASHELLS;4978;2
619800;SUBMISSION;;TOMATOES;SEASHELLS;4969;3
625500;;SUBMISSION;TOMATOES;SEASHELLS;4979;2
626600;SUBMISSION;;TOMATOES;SEASHELLS;4966;2
627300;;SUBMISSION;TOMATOES;SEASHELLS;4978;2
628000;SUBMISSION;;TOMATOES;SEASHELLS;4970;2
629300;;SUBMISSION;TOMATOES;SEASHELLS;4978;4
629400;;SUBMISSION;TOMATOES;SEASHELLS;4978;3
629500;;SUBMISSION;EMERALDS;SEASHELLS;10007;8
630500;SUBMISSION;;TOMATOES;SEASHELLS;4968;3
631100;SUBMISSION;;EMERALDS;SEASHELLS;9993;6
631600;SUBMISSION;;EMERALDS;SEASHELLS;9993;4
632500;;SUBMISSION;EMERALDS;SEASHELLS;10007;3
632700;;SUBMISSION;TOMATOES;SEASHELLS;4976;3
635200;SUBMISSION;;TOMATOES;SEASHELLS;4959;5
635600;SUBMISSION;;EMERALDS;SEASHELLS;9993;4
636500;SUBMISSION;;TOMATOES;SEASHELLS;4959;2
642300;SUBMISSION;;EMERALDS;SEASHELLS;9993;3
643700;;SUBMISSION;TOMATOES;SEASHELLS;4968;2
644600;;SUBMISSION;TOMATOES;SEASHELLS;4969;4
646200;;SUBMISSION;EMERALDS;SEASHELLS;10007;8
648600;;SUBMISSION;TOMATOES;SEASHELLS;4972;2
650700;SUBMISSION;;TOMATOES;SEASHELLS;4969;6
650800;SUBMISSION;;EMERALDS;SEASHELLS;9993;6
652600;SUBMISSION;;TOMATOES;SEASHELLS;4972;2
653400;;SUBMISSION;TOMATOES;SEASHELLS;4979;3
655000;;SUBMISSION;TOMATOES;SEASHELLS;4974;4
655500;;SUBMISSION;TOMATOES;SEASHELLS;4972;5
657600;SUBMISSION;;TOMATOES;SEASHELLS;4962;5
659700;SUBMISSION;;TOMATOES;SEASHELLS;4961;2
662200;SUBMISSION;;EMERALDS;SEASHELLS;9993;8
662700;;SUBMISSION;EMERALDS;SEASHELLS;10007;6
664100;;SUBMISSION;EMERALDS;SEASHELLS;10007;6
664800;SUBMISSION;;TOMATOES;SEASHELLS;4965;3
665500;;SUBMISSION;TOMATOES;SEASHELLS;4973;3
667000;SUBMISSION;;EMERALDS;SEASHELLS;9993;4
667200;;SUBMISSION;TOMATOES;SEASHELLS;4973;4
669400;;SUBMISSION;TOMATOES;SEASHELLS;4974;2
672000;;SUBMISSION;EMERALDS;SEASHELLS;10007;7
673600;SUBMISSION;;TOMATOES;SEASHELLS;4960;4
674600;SUBMISSION;;EMERALDS;SEASHELLS;9993;5
674700;SUBMISSION;;TOMATOES;SEASHELLS;4960;3
680100;SUBMISSION;;EMERALDS;SEASHELLS;9993;8
681100;SUBMISSION;;EMERALDS;SEASHELLS;9993;8
681400;SUBMISSION;;EMERALDS;SEASHELLS;9993;5
686600;SUBMISSION;;TOMATOES;SEASHELLS;4961;4
690700;;SUBMISSION;TOMATOES;SEASHELLS;4966;2
690800;SUBMISSION;;EMERALDS;SEASHELLS;9993;3
697100;SUBMISSION;;TOMATOES;SEASHELLS;4956;2
699400;;SUBMISSION;EMERALDS;SEASHELLS;10007;6
705800;;SUBMISSION;EMERALDS;SEASHELLS;10007;3
710900;SUBMISSION;;EMERALDS;SEASHELLS;9993;6
713600;;SUBMISSION;EMERALDS;SEASHELLS;10007;3
714900;;SUBMISSION;TOMATOES;SEASHELLS;4959;5
715500;;SUBMISSION;TOMATOES;SEASHELLS;4959;2
718300;SUBMISSION;;TOMATOES;SEASHELLS;4948;2
718500;SUBMISSION;;TOMATOES;SEASHELLS;4947;3
719500;;SUBMISSION;TOMATOES;SEASHELLS;4958;3
720800;SUBMISSION;;TOMATOES;SEASHELLS;4946;2
721100;SUBMISSION;;TOMATOES;SEASHELLS;4947;3
722000;;SUBMISSION;TOMATOES;SEASHELLS;4957;2
722200;;SUBMISSION;EMERALDS;SEASHELLS;10007;4
722400;;SUBMISSION;TOMATOES;SEASHELLS;4958;4
723700;SUBMISSION;;TOMATOES;SEASHELLS;4951;5
724900;;SUBMISSION;TOMATOES;SEASHELLS;4957;5
726500;SUBMISSION;;TOMATOES;SEASHELLS;4948;3
726600;SUBMISSION;;TOMATOES;SEASHELLS;4952;3
727400;;SUBMISSION;EMERALDS;SEASHELLS;10007;5
732600;;SUBMISSION;EMERALDS;SEASHELLS;10007;7
735900;;SUBMISSION;TOMATOES;SEASHELLS;4960;4
736200;SUBMISSION;;TOMATOES;SEASHELLS;4948;2
738700;;SUBMISSION;EMERALDS;SEASHELLS;10007;5
741500;;SUBMISSION;TOMATOES;SEASHELLS;4967;4
743000;;SUBMISSION;TOMATOES;SEASHELLS;4962;8
744500;SUBMISSION;;EMERALDS;SEASHELLS;9993;4
747700;SUBMISSION;;TOMATOES;SEASHELLS;4956;3
748500;;SUBMISSION;TOMATOES;SEASHELLS;4966;5
748600;;SUBMISSION;EMERALDS;SEASHELLS;10007;6
750100;;SUBMISSION;TOMATOES;SEASHELLS;4965;3
750500;SUBMISSION;;TOMATOES;SEASHELLS;4954;3
751800;;SUBMISSION;EMERALDS;SEASHELLS;10007;3
751800;;SUBMISSION;TOMATOES;SEASHELLS;4969;4
752200;;SUBMISSION;TOMATOES;SEASHELLS;4969;3
753700;;SUBMISSION;EMERALDS;SEASHELLS;10007;3
756500;;SUBMISSION;EMERALDS;SEASHELLS;10007;5
757300;;SUBMISSION;EMERALDS;SEASHELLS;10007;6
757900;;SUBMISSION;TOMATOES;SEASHELLS;4975;2
758600;SUBMISSION;;TOMATOES;SEASHELLS;4963;2
759900;SUBMISSION;;EMERALDS;SEASHELLS;9993;4
760100;;SUBMISSION;EMERALDS;SEASHELLS;10007;8
760600;SUBMISSION;;TOMATOES;SEASHELLS;4969;5
762200;SUBMISSION;;TOMATOES;SEASHELLS;4965;5
762400;;SUBMISSION;EMERALDS;SEASHELLS;10007;7
762500;;SUBMISSION;TOMATOES;SEASHELLS;4975;4
764200;;SUBMISSION;EMERALDS;SEASHELLS;10007;8
767200;;SUBMISSION;TOMATOES;SEASHELLS;4968;3
768100;SUBMISSION;;TOMATOES;SEASHELLS;4957;3
768500;;SUBMISSION;TOMATOES;SEASHELLS;4967;2
768800;SUBMISSION;;TOMATOES;SEASHELLS;4954;4
774400;;SUBMISSION;TOMATOES;SEASHELLS;4967;3
778700;;SUBMISSION;TOMATOES;SEASHELLS;4965;2
779100;;SUBMISSION;TOMATOES;SEASHELLS;4963;4
780500;;SUBMISSION;TOMATOES;SEASHELLS;4965;3
781400;SUBMISSION;;EMERALDS;SEASHELLS;9993;6
782800;SUBMISSION;;TOMATOES;SEASHELLS;4954;3
784100;SUBMISSION;;TOMATOES;SEASHELLS;4956;10
785400;;SUBMISSION;TOMATOES;SEASHELLS;4962;2
785800;SUBMISSION;;EMERALDS;SEASHELLS;9993;6
789300;;SUBMISSION;TOMATOES;SEASHELLS;4966;5
791600;SUBMISSION;;TOMATOES;SEASHELLS;4950;3
791800;SUBMISSION;;TOMATOES;SEASHELLS;4954;6
792000;SUBMISSION;;TOMATOES;SEASHELLS;4950;3
792200;SUBMISSION;;EMERALDS;SEASHELLS;9993;4
792400;SUBMISSION;;TOMATOES;SEASHELLS;4951;5
792800;;SUBMISSION;TOMATOES;SEASHELLS;4963;3
793700;SUBMISSION;;TOMATOES;SEASHELLS;4956;7
800600;;SUBMISSION;EMERALDS;SEASHELLS;10007;5
803500;;SUBMISSION;TOMATOES;SEASHELLS;4966;4
805400;SUBMISSION;;TOMATOES;SEASHELLS;4955;4
809800;;SUBMISSION;TOMATOES;SEASHELLS;4971;3
810900;SUBMISSION;;EMERALDS;SEASHELLS;9993;8
814600;;SUBMISSION;TOMATOES;SEASHELLS;4965;3
815200;SUBMISSION;;EMERALDS;SEASHELLS;9993;3
816000;;SUBMISSION;TOMATOES;SEASHELLS;4973;2
816300;;SUBMISSION;TOMATOES;SEASHELLS;4974;2
816400;;SUBMISSION;TOMATOES;SEASHELLS;4975;3
816600;;SUBMISSION;TOMATOES;SEASHELLS;4974;2
816900;SUBMISSION;;TOMATOES;SEASHELLS;4966;9
817300;SUBMISSION;;EMERALDS;SEASHELLS;9993;6
817900;SUBMISSION;;TOMATOES;SEASHELLS;4960;3
818400;SUBMISSION;;TOMATOES;SEASHELLS;4958;2
821000;SUBMISSION;;TOMATOES;SEASHELLS;4961;1
822000;SUBMISSION;;EMERALDS;SEASHELLS;9993;3
826000;;SUBMISSION;TOMATOES;SEASHELLS;4966;2
827400;;SUBMISSION;TOMATOES;SEASHELLS;4967;2
828100;;SUBMISSION;EMERALDS;SEASHELLS;10007;7
829700;;SUBMISSION;TOMATOES;SEASHELLS;4968;2
830800;SUBMISSION;;TOMATOES;SEASHELLS;4953;2
830900;SUBMISSION;;TOMATOES;SEASHELLS;4953;4
832300;;SUBMISSION;EMERALDS;SEASHELLS;10007;3
834800;SUBMISSION;;EMERALDS;SEASHELLS;9993;7
840800;;SUBMISSION;TOMATOES;SEASHELLS;4966;2
841200;SUBMISSION;;TOMATOES;SEASHELLS;4960;2
842700;;SUBMISSION;EMERALDS;SEASHELLS;10007;6
848100;;SUBMISSION;EMERALDS;SEASHELLS;10007;8
848400;;SUBMISSION;TOMATOES;SEASHELLS;4966;3
850100;SUBMISSION;;EMERALDS;SEASHELLS;9993;5
854500;;SUBMISSION;TOMATOES;SEASHELLS;4963;3
858300;SUBMISSION;;TOMATOES;SEASHELLS;4952;5
858700;SUBMISSION;;TOMATOES;SEASHELLS;4949;1
861100;;SUBMISSION;TOMATOES;SEASHELLS;4960;2
862500;;SUBMISSION;TOMATOES;SEASHELLS;4962;5
862700;;SUBMISSION;EMERALDS;SEASHELLS;10007;6
863700;SUBMISSION;;EMERALDS;SEASHELLS;9993;6
864500;SUBMISSION;;EMERALDS;SEASHELLS;9993;7
864600;;SUBMISSION;EMERALDS;SEASHELLS;10007;5
865700;;SUBMISSION;TOMATOES;SEASHELLS;4966;5
866200;SUBMISSION;;TOMATOES;SEASHELLS;4954;2
868100;;SUBMISSION;TOMATOES;SEASHELLS;4963;4
869800;SUBMISSION;;TOMATOES;SEASHELLS;4950;3
870700;;SUBMISSION;EMERALDS;SEASHELLS;10007;5
874400;SUBMISSION;;TOMATOES;SEASHELLS;4952;3
875500;SUBMISSION;;TOMATOES;SEASHELLS;4956;5
875800;;SUBMISSION;EMERALDS;SEASHELLS;10007;6
877100;SUBMISSION;;TOMATOES;SEASHELLS;4958;3
881200;SUBMISSION;;EMERALDS;SEASHELLS;9993;8
881400;SUBMISSION;;EMERALDS;SEASHELLS;9993;7
883400;;SUBMISSION;EMERALDS;SEASHELLS;10007;5
885900;SUBMISSION;;EMERALDS;SEASHELLS;9993;4
885900;;SUBMISSION;TOMATOES;SEASHELLS;4976;4
886500;;SUBMISSION;TOMATOES;SEASHELLS;4979;3
886900;SUBMISSION;;TOMATOES;SEASHELLS;4969;4
887100;SUBMISSION;;TOMATOES;SEASHELLS;4972;3
894400;;SUBMISSION;EMERALDS;SEASHELLS;10007;4
900100;;SUBMISSION;TOMATOES;SEASHELLS;4971;4
900200;;SUBMISSION;EMERALDS;SEASHELLS;10007;8
900300;SUBMISSION;;TOMATOES;SEASHELLS;4959;2
900900;SUBMISSION;;TOMATOES;SEASHELLS;4956;2
904500;SUBMISSION;;EMERALDS;SEASHELLS;9993;3
905000;;SUBMISSION;EMERALDS;SEASHELLS;10007;7
905600;;SUBMISSION;EMERALDS;SEASHELLS;10007;5
909100;SUBMISSION;;EMERALDS;SEASHELLS;9993;6
909200;;SUBMISSION;TOMATOES;SEASHELLS;4976;2
909400;SUBMISSION;;EMERALDS;SEASHELLS;9993;4
911100;;SUBMISSION;TOMATOES;SEASHELLS;4976;3
911500;SUBMISSION;;TOMATOES;SEASHELLS;4965;2
912500;;SUBMISSION;TOMATOES;SEASHELLS;4975;4
913800;SUBMISSION;;TOMATOES;SEASHELLS;4963;5
914300;;SUBMISSION;TOMATOES;SEASHELLS;4973;2
915100;SUBMISSION;;EMERALDS;SEASHELLS;9993;3
920000;SUBMISSION;;TOMATOES;SEASHELLS;4958;4
924600;;SUBMISSION;EMERALDS;SEASHELLS;10007;4
925200;;SUBMISSION;TOMATOES;SEASHELLS;4967;3
925500;;SUBMISSION;TOMATOES;SEASHELLS;4966;2
925800;SUBMISSION;;TOMATOES;SEASHELLS;4955;2
926600;;SUBMISSION;TOMATOES;SEASHELLS;4967;3
928700;;SUBMISSION;EMERALDS;SEASHELLS;10007;5
929200;;SUBMISSION;TOMATOES;SEASHELLS;4969;4
931900;;SUBMISSION;EMERALDS;SEASHELLS;10007;3
933700;;SUBMISSION;TOMATOES;SEASHELLS;4966;5
935000;;SUBMISSION;TOMATOES;SEASHELLS;4967;2
938200;;SUBMISSION;TOMATOES;SEASHELLS;4971;5
940100;;SUBMISSION;EMERALDS;SEASHELLS;10007;4
940200;;SUBMISSION;TOMATOES;SEASHELLS;4971;5
940300;SUBMISSION;;TOMATOES;SEASHELLS;4960;2
940900;SUBMISSION;;EMERALDS;SEASHELLS;9993;6
941400;;SUBMISSION;EMERALDS;SEASHELLS;10007;7
943000;SUBMISSION;;TOMATOES;SEASHELLS;4962;7
948000;SUBMISSION;;TOMATOES;SEASHELLS;4954;3
950400;;SUBMISSION;TOMATOES;SEASHELLS;4965;3
951800;SUBMISSION;;TOMATOES;SEASHELLS;4954;2
952000;SUBMISSION;;EMERALDS;SEASHELLS;9993;6
954400;;SUBMISSION;EMERALDS;SEASHELLS;10007;8
955600;SUBMISSION;;EMERALDS;SEASHELLS;9993;3
957600;SUBMISSION;;TOMATOES;SEASHELLS;4949;5
967100;;SUBMISSION;TOMATOES;SEASHELLS;4958;5
967400;;SUBMISSION;TOMATOES;SEASHELLS;4963;5
968200;;SUBMISSION;EMERALDS;SEASHELLS;10007;6
969600;;SUBMISSION;EMERALDS;SEASHELLS;10007;6
969700;;SUBMISSION;TOMATOES;SEASHELLS;4963;3
972900;SUBMISSION;;EMERALDS;SEASHELLS;9993;5
973400;;SUBMISSION;EMERALDS;SEASHELLS;10007;8
977900;SUBMISSION;;TOMATOES;SEASHELLS;4953;5
978200;SUBMISSION;;TOMATOES;SEASHELLS;4956;6
979000;;SUBMISSION;TOMATOES;SEASHELLS;4964;5
979200;;SUBMISSION;EMERALDS;SEASHELLS;10007;6
982500;SUBMISSION;;TOMATOES;SEASHELLS;4951;3
982900;;SUBMISSION;EMERALDS;SEASHELLS;10007;6
983800;;SUBMISSION;EMERALDS;SEASHELLS;10007;3
985100;SUBMISSION;;TOMATOES;SEASHELLS;4947;2
985300;SUBMISSION;;TOMATOES;SEASHELLS;4950;11
985600;;SUBMISSION;EMERALDS;SEASHELLS;10007;6
993000;;SUBMISSION;TOMATOES;SEASHELLS;4955;2
995600;;SUBMISSION;TOMATOES;SEASHELLS;4957;3
