timestamp;buyer;seller;symbol;currency;price;quantity
0;;SUBMISSION;MICROCHIP_RECTANGLE;XIRECS;7827.0;4
0;;SUBMISSION;PANEL_2X2;XIRECS;9193.0;4
0;SUBMISSION;;PANEL_4X4;XIRECS;10260.0;4
0;SUBMISSION;;ROBOT_IRONING;XIRECS;7503.0;4
0;;SUBMISSION;ROBOT_VACUUMING;XIRECS;8581.0;4
0;SUBMISSION;;TRANSLATOR_GRAPHITE_MIST;XIRECS;11058.0;4
0;;SUBMISSION;UV_VISOR_AMBER;XIRECS;7380.0;4
800;;SUBMISSION;MICROCHIP_RECTANGLE;XIRECS;7836.0;1
800;;;MICROCHIP_CIRCLE;XIRECS;8552.0;1
800;;;MICROCHIP_OVAL;XIRECS;7470.0;1
800;;;MICROCHIP_SQUARE;XIRECS;15913.0;1
800;;;MICROCHIP_TRIANGLE;XIRECS;9023.0;1
900;;SUBMISSION;GALAXY_SOUNDS_DARK_MATTER;XIRECS;10809.0;1
900;;SUBMISSION;PANEL_2X2;XIRECS;9165.0;1
900;;SUBMISSION;PANEL_4X4;XIRECS;10279.0;1
900;;SUBMISSION;ROBOT_LAUNDRY;XIRECS;9486.0;1
900;;SUBMISSION;ROBOT_VACUUMING;XIRECS;8592.0;1
900;;SUBMISSION;SNACKPACK_PISTACHIO;XIRECS;9385.0;1
900;;SUBMISSION;SNACKPACK_RASPBERRY;XIRECS;10127.0;1
900;;SUBMISSION;TRANSLATOR_ASTRO_BLACK;XIRECS;9171.0;1
900;;SUBMISSION;TRANSLATOR_ECLIPSE_CHARCOAL;XIRECS;9642.0;1
900;;SUBMISSION;UV_VISOR_AMBER;XIRECS;7352.0;1
900;;;GALAXY_SOUNDS_BLACK_HOLES;XIRECS;12050.0;1
900;;;GALAXY_SOUNDS_PLANETARY_RINGS;XIRECS;11425.0;1
900;;;GALAXY_SOUNDS_SOLAR_FLAMES;XIRECS;10626.0;1
900;;;GALAXY_SOUNDS_SOLAR_WINDS;XIRECS;10761.0;1
900;;;OXYGEN_SHAKE_CHOCOLATE;XIRECS;9328.0;1
900;;;OXYGEN_SHAKE_EVENING_BREATH;XIRECS;9456.0;1
900;;;OXYGEN_SHAKE_GARLIC;XIRECS;11950.0;1
900;;;OXYGEN_SHAKE_MINT;XIRECS;9704.0;1
900;;;OXYGEN_SHAKE_MORNING_BREATH;XIRECS;9519.0;1
900;;;PANEL_1X2;XIRECS;8865.0;1
900;;;PANEL_1X4;XIRECS;8734.0;1
900;;;PANEL_2X4;XIRECS;11420.0;1
900;;;ROBOT_DISHES;XIRECS;10130.0;1
900;;;ROBOT_IRONING;XIRECS;7533.0;1
900;;;ROBOT_MOPPING;XIRECS;12140.0;1
900;;;SLEEP_POD_COTTON;XIRECS;12137.0;1
900;;;SLEEP_POD_LAMB_WOOL;XIRECS;10856.0;1
900;;;SLEEP_POD_NYLON;XIRECS;9712.0;1
900;;;SLEEP_POD_POLYESTER;XIRECS;12872.0;1
900;;;SLEEP_POD_SUEDE;XIRECS;12177.0;1
900;;;SNACKPACK_CHOCOLATE;XIRECS;9815.0;1
900;;;SNACKPACK_STRAWBERRY;XIRECS;10819.0;1
900;;;SNACKPACK_VANILLA;XIRECS;10063.0;1
900;;;TRANSLATOR_GRAPHITE_MIST;XIRECS;11044.0;1
900;;;TRANSLATOR_SPACE_GRAY;XIRECS;10100.0;1
900;;;TRANSLATOR_VOID_BLUE;XIRECS;10773.0;1
900;;;UV_VISOR_MAGENTA;XIRECS;11547.0;1
900;;;UV_VISOR_ORANGE;XIRECS;10272.0;1
900;;;UV_VISOR_RED;XIRECS;11035.0;1
900;;;UV_VISOR_YELLOW;XIRECS;12038.0;1
2000;;SUBMISSION;PEBBLES_M;XIRECS;11115.0;4
2500;;;MICROCHIP_CIRCLE;XIRECS;8580.0;1
2500;;;MICROCHIP_OVAL;XIRECS;7453.0;1
2500;;;MICROCHIP_RECTANGLE;XIRECS;7841.0;1
2500;;;MICROCHIP_SQUARE;XIRECS;15994.0;1
2500;;;MICROCHIP_TRIANGLE;XIRECS;8991.0;1
5800;SUBMISSION;;PEBBLES_XL;XIRECS;12431.0;4
7100;SUBMISSION;;GALAXY_SOUNDS_SOLAR_FLAMES;XIRECS;10646.0;4
7100;SUBMISSION;;PANEL_1X2;XIRECS;8904.0;4
7100;SUBMISSION;;PANEL_2X2;XIRECS;9206.0;4
7100;SUBMISSION;;PANEL_4X4;XIRECS;10369.0;4
7100;SUBMISSION;;ROBOT_IRONING;XIRECS;7568.0;4
7100;SUBMISSION;;ROBOT_VACUUMING;XIRECS;8703.0;4
7100;SUBMISSION;;SLEEP_POD_SUEDE;XIRECS;12118.0;4
7100;SUBMISSION;;SNACKPACK_PISTACHIO;XIRECS;9408.0;4
7100;SUBMISSION;;SNACKPACK_RASPBERRY;XIRECS;10085.0;4
7100;SUBMISSION;;TRANSLATOR_ASTRO_BLACK;XIRECS;9241.0;4
7100;SUBMISSION;;TRANSLATOR_ECLIPSE_CHARCOAL;XIRECS;9680.0;4
7100;SUBMISSION;;TRANSLATOR_GRAPHITE_MIST;XIRECS;11067.0;4
7100;SUBMISSION;;UV_VISOR_AMBER;XIRECS;7410.0;4
7100;;;GALAXY_SOUNDS_BLACK_HOLES;XIRECS;11861.0;4
7100;;;GALAXY_SOUNDS_DARK_MATTER;XIRECS;10771.0;4
7100;;;GALAXY_SOUNDS_PLANETARY_RINGS;XIRECS;11372.0;4
7100;;;GALAXY_SOUNDS_SOLAR_WINDS;XIRECS;10781.0;4
7100;;;OXYGEN_SHAKE_CHOCOLATE;XIRECS;9205.0;4
7100;;;OXYGEN_SHAKE_EVENING_BREATH;XIRECS;9384.0;4
7100;;;OXYGEN_SHAKE_GARLIC;XIRECS;11774.0;4
7100;;;OXYGEN_SHAKE_MINT;XIRECS;9706.0;4
7100;;;OXYGEN_SHAKE_MORNING_BREATH;XIRECS;9599.0;4
7100;;;PANEL_1X4;XIRECS;8789.0;4
7100;;;PANEL_2X4;XIRECS;11247.0;4
7100;;;ROBOT_DISHES;XIRECS;10201.0;4
7100;;;ROBOT_LAUNDRY;XIRECS;9461.0;4
7100;;;ROBOT_MOPPING;XIRECS;12021.0;4
7100;;;SLEEP_POD_COTTON;XIRECS;12066.0;4
7100;;;SLEEP_POD_LAMB_WOOL;XIRECS;10905.0;4
7100;;;SLEEP_POD_NYLON;XIRECS;9743.0;4
7100;;;SLEEP_POD_POLYESTER;XIRECS;12866.0;4
7100;;;SNACKPACK_CHOCOLATE;XIRECS;9796.0;4
7100;;;SNACKPACK_STRAWBERRY;XIRECS;10835.0;4
7100;;;SNACKPACK_VANILLA;XIRECS;10057.0;4
7100;;;TRANSLATOR_SPACE_GRAY;XIRECS;10153.0;4
7100;;;TRANSLATOR_VOID_BLUE;XIRECS;10703.0;4
7100;;;UV_VISOR_MAGENTA;XIRECS;11377.0;4
7100;;;UV_VISOR_ORANGE;XIRECS;10228.0;4
7100;;;UV_VISOR_RED;XIRECS;11148.0;4
7100;;;UV_VISOR_YELLOW;XIRECS;12034.0;4
7200;;SUBMISSION;PANEL_2X2;XIRECS;9210.0;4
7300;SUBMISSION;;GALAXY_SOUNDS_SOLAR_FLAMES;XIRECS;10629.0;3
7300;SUBMISSION;;PANEL_1X2;XIRECS;8897.0;3
7300;SUBMISSION;;PANEL_2X2;XIRECS;9213.0;3
7300;SUBMISSION;;SLEEP_POD_SUEDE;XIRECS;12085.0;3
7300;SUBMISSION;;SNACKPACK_PISTACHIO;XIRECS;9397.0;3
7300;SUBMISSION;;SNACKPACK_RASPBERRY;XIRECS;10091.0;3
7300;SUBMISSION;;TRANSLATOR_ASTRO_BLACK;XIRECS;9267.0;3
7300;SUBMISSION;;TRANSLATOR_ECLIPSE_CHARCOAL;XIRECS;9685.0;3
7300;;;GALAXY_SOUNDS_BLACK_HOLES;XIRECS;11872.0;3
7300;;;GALAXY_SOUNDS_DARK_MATTER;XIRECS;10776.0;3
7300;;;GALAXY_SOUNDS_PLANETARY_RINGS;XIRECS;11361.0;3
7300;;;GALAXY_SOUNDS_SOLAR_WINDS;XIRECS;10763.0;3
7300;;;OXYGEN_SHAKE_CHOCOLATE;XIRECS;9191.0;3
7300;;;OXYGEN_SHAKE_EVENING_BREATH;XIRECS;9374.0;3
7300;;;OXYGEN_SHAKE_GARLIC;XIRECS;11803.0;3
7300;;;OXYGEN_SHAKE_MINT;XIRECS;9687.0;3
7300;;;OXYGEN_SHAKE_MORNING_BREATH;XIRECS;9598.0;3
7300;;;PANEL_1X4;XIRECS;8799.0;3
7300;;;PANEL_2X4;XIRECS;11242.0;3
7300;;;PANEL_4X4;XIRECS;10382.0;3
7300;;;ROBOT_DISHES;XIRECS;10194.0;3
7300;;;ROBOT_IRONING;XIRECS;7557.0;3
7300;;;ROBOT_LAUNDRY;XIRECS;9444.0;3
7300;;;ROBOT_MOPPING;XIRECS;12001.0;3
7300;;;ROBOT_VACUUMING;XIRECS;8702.0;3
7300;;;SLEEP_POD_COTTON;XIRECS;12061.0;3
7300;;;SLEEP_POD_LAMB_WOOL;XIRECS;10901.0;3
7300;;;SLEEP_POD_NYLON;XIRECS;9765.0;3
7300;;;SLEEP_POD_POLYESTER;XIRECS;12912.0;3
7300;;;SNACKPACK_CHOCOLATE;XIRECS;9794.0;3
7300;;;SNACKPACK_STRAWBERRY;XIRECS;10823.0;3
7300;;;SNACKPACK_VANILLA;XIRECS;10060.0;3
7300;;;TRANSLATOR_GRAPHITE_MIST;XIRECS;11080.0;3
7300;;;TRANSLATOR_SPACE_GRAY;XIRECS;10148.0;3
7300;;;TRANSLATOR_VOID_BLUE;XIRECS;10685.0;3
7300;;;UV_VISOR_AMBER;XIRECS;7411.0;3
7300;;;UV_VISOR_MAGENTA;XIRECS;11349.0;3
7300;;;UV_VISOR_ORANGE;XIRECS;10232.0;3
7300;;;UV_VISOR_RED;XIRECS;11158.0;3
7300;;;UV_VISOR_YELLOW;XIRECS;12048.0;3
7400;;SUBMISSION;ROBOT_VACUUMING;XIRECS;8700.0;4
8600;;SUBMISSION;GALAXY_SOUNDS_DARK_MATTER;XIRECS;10803.0;1
8600;;SUBMISSION;GALAXY_SOUNDS_SOLAR_FLAMES;XIRECS;10594.0;1
8600;;SUBMISSION;PANEL_1X2;XIRECS;8897.0;1
8600;;SUBMISSION;PANEL_2X2;XIRECS;9172.0;1
8600;;SUBMISSION;PANEL_4X4;XIRECS;10400.0;1
8600;;SUBMISSION;ROBOT_IRONING;XIRECS;7549.0;1
8600;;SUBMISSION;ROBOT_VACUUMING;XIRECS;8743.0;1
8600;;SUBMISSION;SLEEP_POD_SUEDE;XIRECS;12126.0;1
8600;;SUBMISSION;SNACKPACK_PISTACHIO;XIRECS;9392.0;1
8600;;SUBMISSION;SNACKPACK_RASPBERRY;XIRECS;10120.0;1
8600;;SUBMISSION;TRANSLATOR_ASTRO_BLACK;XIRECS;9303.0;1
8600;;SUBMISSION;TRANSLATOR_ECLIPSE_CHARCOAL;XIRECS;9709.0;1
8600;;SUBMISSION;TRANSLATOR_GRAPHITE_MIST;XIRECS;11074.0;1
8600;;SUBMISSION;UV_VISOR_AMBER;XIRECS;7403.0;1
8600;;;GALAXY_SOUNDS_BLACK_HOLES;XIRECS;11932.0;1
8600;;;GALAXY_SOUNDS_PLANETARY_RINGS;XIRECS;11399.0;1
8600;;;GALAXY_SOUNDS_SOLAR_WINDS;XIRECS;10772.0;1
8600;;;OXYGEN_SHAKE_CHOCOLATE;XIRECS;9142.0;1
8600;;;OXYGEN_SHAKE_EVENING_BREATH;XIRECS;9376.0;1
8600;;;OXYGEN_SHAKE_GARLIC;XIRECS;11736.0;1
8600;;;OXYGEN_SHAKE_MINT;XIRECS;9762.0;1
8600;;;OXYGEN_SHAKE_MORNING_BREATH;XIRECS;9634.0;1
8600;;;PANEL_1X4;XIRECS;8842.0;1
8600;;;PANEL_2X4;XIRECS;11248.0;1
8600;;;ROBOT_DISHES;XIRECS;10159.0;1
8600;;;ROBOT_LAUNDRY;XIRECS;9539.0;1
8600;;;ROBOT_MOPPING;XIRECS;12010.0;1
8600;;;SLEEP_POD_COTTON;XIRECS;12052.0;1
8600;;;SLEEP_POD_LAMB_WOOL;XIRECS;10901.0;1
8600;;;SLEEP_POD_NYLON;XIRECS;9737.0;1
8600;;;SLEEP_POD_POLYESTER;XIRECS;12979.0;1
8600;;;SNACKPACK_CHOCOLATE;XIRECS;9830.0;1
8600;;;SNACKPACK_STRAWBERRY;XIRECS;10825.0;1
8600;;;SNACKPACK_VANILLA;XIRECS;10067.0;1
8600;;;TRANSLATOR_SPACE_GRAY;XIRECS;10217.0;1
8600;;;TRANSLATOR_VOID_BLUE;XIRECS;10745.0;1
8600;;;UV_VISOR_MAGENTA;XIRECS;11351.0;1
8600;;;UV_VISOR_ORANGE;XIRECS;10215.0;1
8600;;;UV_VISOR_RED;XIRECS;11153.0;1
8600;;;UV_VISOR_YELLOW;XIRECS;12074.0;1
9000;;SUBMISSION;GALAXY_SOUNDS_DARK_MATTER;XIRECS;10820.0;2
9000;;SUBMISSION;PANEL_2X2;XIRECS;9135.0;2
9000;;SUBMISSION;TRANSLATOR_GRAPHITE_MIST;XIRECS;11072.0;2
9000;;SUBMISSION;UV_VISOR_AMBER;XIRECS;7400.0;2
10900;;SUBMISSION;PEBBLES_M;XIRECS;11325.0;4
10900;;SUBMISSION;PEBBLES_XL;XIRECS;12193.0;4
10900;;;PEBBLES_L;XIRECS;11046.0;5
10900;;;PEBBLES_S;XIRECS;8817.0;5
10900;;;PEBBLES_XS;XIRECS;6644.0;5
13000;;SUBMISSION;GALAXY_SOUNDS_DARK_MATTER;XIRECS;10902.0;4
13000;;SUBMISSION;GALAXY_SOUNDS_SOLAR_FLAMES;XIRECS;10673.0;4
13000;;SUBMISSION;PANEL_1X2;XIRECS;8871.0;4
13000;;SUBMISSION;PANEL_2X2;XIRECS;9101.0;4
13000;;SUBMISSION;PANEL_4X4;XIRECS;10442.0;4
13000;;SUBMISSION;ROBOT_IRONING;XIRECS;7560.0;4
13000;;SUBMISSION;ROBOT_LAUNDRY;XIRECS;9532.0;4
13000;;SUBMISSION;SLEEP_POD_SUEDE;XIRECS;12081.0;4
13000;;SUBMISSION;SNACKPACK_PISTACHIO;XIRECS;9407.0;4
13000;;SUBMISSION;SNACKPACK_RASPBERRY;XIRECS;10077.0;4
13000;;SUBMISSION;TRANSLATOR_ASTRO_BLACK;XIRECS;9245.0;4
13000;;SUBMISSION;TRANSLATOR_ECLIPSE_CHARCOAL;XIRECS;9640.0;4
13000;;SUBMISSION;TRANSLATOR_GRAPHITE_MIST;XIRECS;11059.0;4
13000;;SUBMISSION;UV_VISOR_AMBER;XIRECS;7369.0;4
13000;;;GALAXY_SOUNDS_BLACK_HOLES;XIRECS;11933.0;4
13000;;;GALAXY_SOUNDS_PLANETARY_RINGS;XIRECS;11426.0;4
13000;;;GALAXY_SOUNDS_SOLAR_WINDS;XIRECS;10676.0;4
13000;;;OXYGEN_SHAKE_CHOCOLATE;XIRECS;9111.0;4
13000;;;OXYGEN_SHAKE_EVENING_BREATH;XIRECS;9386.0;4
13000;;;OXYGEN_SHAKE_GARLIC;XIRECS;11576.0;4
13000;;;OXYGEN_SHAKE_MINT;XIRECS;9744.0;4
13000;;;OXYGEN_SHAKE_MORNING_BREATH;XIRECS;9611.0;4
13000;;;PANEL_1X4;XIRECS;8829.0;4
13000;;;PANEL_2X4;XIRECS;11309.0;4
13000;;;ROBOT_DISHES;XIRECS;10150.0;4
13000;;;ROBOT_MOPPING;XIRECS;12015.0;4
13000;;;ROBOT_VACUUMING;XIRECS;8704.0;4
13000;;;SLEEP_POD_COTTON;XIRECS;12037.0;4
13000;;;SLEEP_POD_LAMB_WOOL;XIRECS;10847.0;4
13000;;;SLEEP_POD_NYLON;XIRECS;9827.0;4
13000;;;SLEEP_POD_POLYESTER;XIRECS;13018.0;4
13000;;;SNACKPACK_CHOCOLATE;XIRECS;9886.0;4
13000;;;SNACKPACK_STRAWBERRY;XIRECS;10864.0;4
13000;;;SNACKPACK_VANILLA;XIRECS;10010.0;4
13000;;;TRANSLATOR_SPACE_GRAY;XIRECS;10196.0;4
13000;;;TRANSLATOR_VOID_BLUE;XIRECS;10800.0;4
13000;;;UV_VISOR_MAGENTA;XIRECS;11343.0;4
13000;;;UV_VISOR_ORANGE;XIRECS;10286.0;4
13000;;;UV_VISOR_RED;XIRECS;11209.0;4
13000;;;UV_VISOR_YELLOW;XIRECS;12209.0;4
13100;SUBMISSION;;PANEL_2X2;XIRECS;9101.0;4
13900;;SUBMISSION;PANEL_2X2;XIRECS;9107.0;1
13900;;SUBMISSION;SNACKPACK_PISTACHIO;XIRECS;9427.0;1
13900;;SUBMISSION;SNACKPACK_RASPBERRY;XIRECS;10075.0;1
13900;;SUBMISSION;TRANSLATOR_ASTRO_BLACK;XIRECS;9227.0;1
13900;;SUBMISSION;TRANSLATOR_ECLIPSE_CHARCOAL;XIRECS;9651.0;1
13900;;;GALAXY_SOUNDS_BLACK_HOLES;XIRECS;11914.0;1
13900;;;GALAXY_SOUNDS_DARK_MATTER;XIRECS;10957.0;1
13900;;;GALAXY_SOUNDS_PLANETARY_RINGS;XIRECS;11433.0;1
13900;;;GALAXY_SOUNDS_SOLAR_FLAMES;XIRECS;10726.0;1
13900;;;GALAXY_SOUNDS_SOLAR_WINDS;XIRECS;10678.0;1
13900;;;OXYGEN_SHAKE_CHOCOLATE;XIRECS;9062.0;1
13900;;;OXYGEN_SHAKE_EVENING_BREATH;XIRECS;9386.0;1
13900;;;OXYGEN_SHAKE_GARLIC;XIRECS;11562.0;1
13900;;;OXYGEN_SHAKE_MINT;XIRECS;9754.0;1
13900;;;OXYGEN_SHAKE_MORNING_BREATH;XIRECS;9620.0;1
13900;;;PANEL_1X2;XIRECS;8832.0;1
13900;;;PANEL_1X4;XIRECS;8847.0;1
13900;;;PANEL_2X4;XIRECS;11329.0;1
13900;;;PANEL_4X4;XIRECS;10440.0;1
13900;;;ROBOT_DISHES;XIRECS;10194.0;1
13900;;;ROBOT_IRONING;XIRECS;7583.0;1
13900;;;ROBOT_LAUNDRY;XIRECS;9488.0;1
13900;;;ROBOT_MOPPING;XIRECS;11980.0;1
13900;;;ROBOT_VACUUMING;XIRECS;8732.0;1
13900;;;SLEEP_POD_COTTON;XIRECS;12066.0;1
13900;;;SLEEP_POD_LAMB_WOOL;XIRECS;10802.0;1
13900;;;SLEEP_POD_NYLON;XIRECS;9778.0;1
13900;;;SLEEP_POD_POLYESTER;XIRECS;13055.0;1
13900;;;SLEEP_POD_SUEDE;XIRECS;12066.0;1
13900;;;SNACKPACK_CHOCOLATE;XIRECS;9886.0;1
13900;;;SNACKPACK_STRAWBERRY;XIRECS;10881.0;1
13900;;;SNACKPACK_VANILLA;XIRECS;10007.0;1
13900;;;TRANSLATOR_GRAPHITE_MIST;XIRECS;11117.0;1
13900;;;TRANSLATOR_SPACE_GRAY;XIRECS;10178.0;1
13900;;;TRANSLATOR_VOID_BLUE;XIRECS;10813.0;1
13900;;;UV_VISOR_AMBER;XIRECS;7422.0;1
13900;;;UV_VISOR_MAGENTA;XIRECS;11343.0;1
13900;;;UV_VISOR_ORANGE;XIRECS;10304.0;1
13900;;;UV_VISOR_RED;XIRECS;11211.0;1
13900;;;UV_VISOR_YELLOW;XIRECS;12174.0;1
15000;SUBMISSION;;PEBBLES_XL;XIRECS;12351.0;4
16000;SUBMISSION;;PEBBLES_M;XIRECS;11138.0;3
16000;SUBMISSION;;PEBBLES_XL;XIRECS;12332.0;3
16000;;;PEBBLES_L;XIRECS;11047.0;3
16000;;;PEBBLES_S;XIRECS;8749.0;3
16000;;;PEBBLES_XS;XIRECS;6714.0;3
17500;SUBMISSION;;TRANSLATOR_GRAPHITE_MIST;XIRECS;11011.0;4
23400;SUBMISSION;;GALAXY_SOUNDS_DARK_MATTER;XIRECS;10956.0;1
23400;SUBMISSION;;GALAXY_SOUNDS_SOLAR_FLAMES;XIRECS;10679.0;1
23400;SUBMISSION;;PANEL_1X2;XIRECS;8875.0;1
23400;SUBMISSION;;PANEL_2X2;XIRECS;9004.0;1
23400;SUBMISSION;;PANEL_4X4;XIRECS;10512.0;1
23400;SUBMISSION;;ROBOT_IRONING;XIRECS;7620.0;1
23400;SUBMISSION;;ROBOT_LAUNDRY;XIRECS;9382.0;1
23400;SUBMISSION;;ROBOT_VACUUMING;XIRECS;8727.0;1
23400;SUBMISSION;;SLEEP_POD_SUEDE;XIRECS;12172.0;1
23400;SUBMISSION;;SNACKPACK_PISTACHIO;XIRECS;9333.0;1
23400;SUBMISSION;;SNACKPACK_RASPBERRY;XIRECS;10237.0;1
23400;SUBMISSION;;TRANSLATOR_ASTRO_BLACK;XIRECS;9117.0;1
23400;SUBMISSION;;TRANSLATOR_ECLIPSE_CHARCOAL;XIRECS;9714.0;1
23400;SUBMISSION;;TRANSLATOR_GRAPHITE_MIST;XIRECS;11129.0;1
23400;SUBMISSION;;UV_VISOR_AMBER;XIRECS;7245.0;1
23400;;;GALAXY_SOUNDS_BLACK_HOLES;XIRECS;11964.0;1
23400;;;GALAXY_SOUNDS_PLANETARY_RINGS;XIRECS;11357.0;1
23400;;;GALAXY_SOUNDS_SOLAR_WINDS;XIRECS;10698.0;1
23400;;;OXYGEN_SHAKE_CHOCOLATE;XIRECS;9079.0;1
23400;;;OXYGEN_SHAKE_EVENING_BREATH;XIRECS;9414.0;1
23400;;;OXYGEN_SHAKE_GARLIC;XIRECS;11637.0;1
23400;;;OXYGEN_SHAKE_MINT;XIRECS;9798.0;1
23400;;;OXYGEN_SHAKE_MORNING_BREATH;XIRECS;9680.0;1
23400;;;PANEL_1X4;XIRECS;8781.0;1
23400;;;PANEL_2X4;XIRECS;11296.0;1
23400;;;ROBOT_DISHES;XIRECS;10372.0;1
23400;;;ROBOT_MOPPING;XIRECS;11772.0;1
23400;;;SLEEP_POD_COTTON;XIRECS;12105.0;1
23400;;;SLEEP_POD_LAMB_WOOL;XIRECS;10819.0;1
23400;;;SLEEP_POD_NYLON;XIRECS;9692.0;1
23400;;;SLEEP_POD_POLYESTER;XIRECS;12922.0;1
23400;;;SNACKPACK_CHOCOLATE;XIRECS;9885.0;1
23400;;;SNACKPACK_STRAWBERRY;XIRECS;10727.0;1
23400;;;SNACKPACK_VANILLA;XIRECS;9969.0;1
23400;;;TRANSLATOR_SPACE_GRAY;XIRECS;10195.0;1
23400;;;TRANSLATOR_VOID_BLUE;XIRECS;10796.0;1
23400;;;UV_VISOR_MAGENTA;XIRECS;11206.0;1
23400;;;UV_VISOR_ORANGE;XIRECS;10188.0;1
23400;;;UV_VISOR_RED;XIRECS;11269.0;1
23400;;;UV_VISOR_YELLOW;XIRECS;12177.0;1
23700;SUBMISSION;;GALAXY_SOUNDS_DARK_MATTER;XIRECS;10973.0;1
23700;SUBMISSION;;GALAXY_SOUNDS_SOLAR_FLAMES;XIRECS;10710.0;1
23700;SUBMISSION;;PANEL_1X2;XIRECS;8868.0;1
23700;SUBMISSION;;PANEL_2X2;XIRECS;9025.0;1
23700;SUBMISSION;;PANEL_4X4;XIRECS;10480.0;1
23700;SUBMISSION;;ROBOT_IRONING;XIRECS;7628.0;1
23700;SUBMISSION;;ROBOT_LAUNDRY;XIRECS;9386.0;1
23700;SUBMISSION;;ROBOT_VACUUMING;XIRECS;8704.0;1
23700;SUBMISSION;;SLEEP_POD_SUEDE;XIRECS;12151.0;1
23700;SUBMISSION;;SNACKPACK_PISTACHIO;XIRECS;9321.0;1
23700;SUBMISSION;;SNACKPACK_RASPBERRY;XIRECS;10251.0;1
23700;SUBMISSION;;TRANSLATOR_ASTRO_BLACK;XIRECS;9111.0;1
23700;SUBMISSION;;TRANSLATOR_ECLIPSE_CHARCOAL;XIRECS;9697.0;1
23700;SUBMISSION;;TRANSLATOR_GRAPHITE_MIST;XIRECS;11146.0;1
23700;SUBMISSION;;UV_VISOR_AMBER;XIRECS;7248.0;1
23700;;;GALAXY_SOUNDS_BLACK_HOLES;XIRECS;11979.0;1
23700;;;GALAXY_SOUNDS_PLANETARY_RINGS;XIRECS;11366.0;1
23700;;;GALAXY_SOUNDS_SOLAR_WINDS;XIRECS;10698.0;1
23700;;;OXYGEN_SHAKE_CHOCOLATE;XIRECS;9092.0;1
23700;;;OXYGEN_SHAKE_EVENING_BREATH;XIRECS;9414.0;1
23700;;;OXYGEN_SHAKE_GARLIC;XIRECS;11656.0;1
23700;;;OXYGEN_SHAKE_MINT;XIRECS;9804.0;1
23700;;;OXYGEN_SHAKE_MORNING_BREATH;XIRECS;9673.0;1
23700;;;PANEL_1X4;XIRECS;8781.0;1
23700;;;PANEL_2X4;XIRECS;11248.0;1
23700;;;ROBOT_DISHES;XIRECS;10379.0;1
23700;;;ROBOT_MOPPING;XIRECS;11737.0;1
23700;;;SLEEP_POD_COTTON;XIRECS;12116.0;1
23700;;;SLEEP_POD_LAMB_WOOL;XIRECS;10813.0;1
23700;;;SLEEP_POD_NYLON;XIRECS;9687.0;1
23700;;;SLEEP_POD_POLYESTER;XIRECS;12934.0;1
23700;;;SNACKPACK_CHOCOLATE;XIRECS;9899.0;1
23700;;;SNACKPACK_STRAWBERRY;XIRECS;10705.0;1
23700;;;SNACKPACK_VANILLA;XIRECS;9959.0;1
23700;;;TRANSLATOR_SPACE_GRAY;XIRECS;10196.0;1
23700;;;TRANSLATOR_VOID_BLUE;XIRECS;10787.0;1
23700;;;UV_VISOR_MAGENTA;XIRECS;11188.0;1
23700;;;UV_VISOR_ORANGE;XIRECS;10167.0;1
23700;;;UV_VISOR_RED;XIRECS;11272.0;1
23700;;;UV_VISOR_YELLOW;XIRECS;12180.0;1
24000;;;MICROCHIP_CIRCLE;XIRECS;8618.0;1
24000;;;MICROCHIP_OVAL;XIRECS;7324.0;1
24000;;;MICROCHIP_RECTANGLE;XIRECS;7982.0;1
24000;;;MICROCHIP_SQUARE;XIRECS;15744.0;1
24000;;;MICROCHIP_TRIANGLE;XIRECS;9081.0;1
24700;;;MICROCHIP_CIRCLE;XIRECS;8613.0;3
24700;;;MICROCHIP_OVAL;XIRECS;7293.0;3
24700;;;MICROCHIP_RECTANGLE;XIRECS;8006.0;3
24700;;;MICROCHIP_SQUARE;XIRECS;15832.0;3
24700;;;MICROCHIP_TRIANGLE;XIRECS;9107.0;3
26000;SUBMISSION;;PEBBLES_M;XIRECS;11119.0;4
26000;SUBMISSION;;PEBBLES_XL;XIRECS;12585.0;3
26000;;;PEBBLES_L;XIRECS;10940.0;5
26000;;;PEBBLES_S;XIRECS;8512.0;5
26000;;;PEBBLES_XS;XIRECS;6817.0;5
26200;;;MICROCHIP_CIRCLE;XIRECS;8579.0;2
26200;;;MICROCHIP_OVAL;XIRECS;7289.0;2
26200;;;MICROCHIP_RECTANGLE;XIRECS;7997.0;2
26200;;;MICROCHIP_SQUARE;XIRECS;15661.0;2
26200;;;MICROCHIP_TRIANGLE;XIRECS;9155.0;2
26600;;;MICROCHIP_CIRCLE;XIRECS;8561.0;1
26600;;;MICROCHIP_OVAL;XIRECS;7335.0;1
26600;;;MICROCHIP_RECTANGLE;XIRECS;7976.0;1
26600;;;MICROCHIP_SQUARE;XIRECS;15667.0;1
26600;;;MICROCHIP_TRIANGLE;XIRECS;9148.0;1
27500;;SUBMISSION;TRANSLATOR_GRAPHITE_MIST;XIRECS;11192.0;2
28400;;;PEBBLES_L;XIRECS;10858.0;3
28400;;;PEBBLES_M;XIRECS;11113.0;3
28400;;;PEBBLES_S;XIRECS;8604.0;3
28400;;;PEBBLES_XL;XIRECS;12470.0;3
28400;;;PEBBLES_XS;XIRECS;6923.0;3
29200;;;PEBBLES_L;XIRECS;10800.0;2
29200;;;PEBBLES_M;XIRECS;11174.0;2
29200;;;PEBBLES_S;XIRECS;8674.0;2
29200;;;PEBBLES_XL;XIRECS;12312.0;2
29200;;;PEBBLES_XS;XIRECS;7006.0;2
29700;;SUBMISSION;PEBBLES_M;XIRECS;11195.0;4
29700;;SUBMISSION;PEBBLES_XL;XIRECS;12371.0;4
29700;;;MICROCHIP_CIRCLE;XIRECS;8545.0;3
29700;;;MICROCHIP_OVAL;XIRECS;7390.0;3
29700;;;MICROCHIP_RECTANGLE;XIRECS;7939.0;3
29700;;;MICROCHIP_SQUARE;XIRECS;15675.0;3
29700;;;MICROCHIP_TRIANGLE;XIRECS;9103.0;3
30100;SUBMISSION;;PEBBLES_M;XIRECS;11169.0;4
30100;SUBMISSION;;PEBBLES_XL;XIRECS;12430.0;4
30100;;;PEBBLES_L;XIRECS;10775.0;4
30100;;;PEBBLES_S;XIRECS;8651.0;4
30100;;;PEBBLES_XS;XIRECS;6948.0;4
30300;;SUBMISSION;PEBBLES_M;XIRECS;11137.0;4
30300;;SUBMISSION;PEBBLES_XL;XIRECS;12435.0;4
30300;;;PEBBLES_L;XIRECS;10795.0;4
30300;;;PEBBLES_S;XIRECS;8678.0;4
30300;;;PEBBLES_XS;XIRECS;6966.0;4
30400;;SUBMISSION;GALAXY_SOUNDS_DARK_MATTER;XIRECS;10970.0;1
30400;;SUBMISSION;GALAXY_SOUNDS_SOLAR_FLAMES;XIRECS;10706.0;1
30400;;SUBMISSION;PANEL_1X2;XIRECS;8812.0;1
30400;;SUBMISSION;PANEL_2X2;XIRECS;9062.0;1
30400;;SUBMISSION;ROBOT_VACUUMING;XIRECS;8696.0;1
30400;;SUBMISSION;SNACKPACK_PISTACHIO;XIRECS;9326.0;1
30400;;SUBMISSION;SNACKPACK_RASPBERRY;XIRECS;10265.0;1
30400;;SUBMISSION;TRANSLATOR_ASTRO_BLACK;XIRECS;9165.0;1
30400;;SUBMISSION;TRANSLATOR_ECLIPSE_CHARCOAL;XIRECS;9547.0;1
30400;;SUBMISSION;TRANSLATOR_GRAPHITE_MIST;XIRECS;11184.0;1
30400;;SUBMISSION;UV_VISOR_AMBER;XIRECS;7221.0;1
30400;;;GALAXY_SOUNDS_BLACK_HOLES;XIRECS;11971.0;1
30400;;;GALAXY_SOUNDS_PLANETARY_RINGS;XIRECS;11420.0;1
30400;;;GALAXY_SOUNDS_SOLAR_WINDS;XIRECS;10543.0;1
30400;;;OXYGEN_SHAKE_CHOCOLATE;XIRECS;9083.0;1
30400;;;OXYGEN_SHAKE_EVENING_BREATH;XIRECS;9436.0;1
30400;;;OXYGEN_SHAKE_GARLIC;XIRECS;11650.0;1
30400;;;OXYGEN_SHAKE_MINT;XIRECS;9651.0;1
30400;;;OXYGEN_SHAKE_MORNING_BREATH;XIRECS;9664.0;1
30400;;;PANEL_1X4;XIRECS;8703.0;1
30400;;;PANEL_2X4;XIRECS;11081.0;1
30400;;;PANEL_4X4;XIRECS;10556.0;1
30400;;;ROBOT_DISHES;XIRECS;10488.0;1
30400;;;ROBOT_IRONING;XIRECS;7643.0;1
30400;;;ROBOT_LAUNDRY;XIRECS;9358.0;1
30400;;;ROBOT_MOPPING;XIRECS;11783.0;1
30400;;;SLEEP_POD_COTTON;XIRECS;12223.0;1
30400;;;SLEEP_POD_LAMB_WOOL;XIRECS;10776.0;1
30400;;;SLEEP_POD_NYLON;XIRECS;9691.0;1
30400;;;SLEEP_POD_POLYESTER;XIRECS;12861.0;1
30400;;;SLEEP_POD_SUEDE;XIRECS;12290.0;1
30400;;;SNACKPACK_CHOCOLATE;XIRECS;9939.0;1
30400;;;SNACKPACK_STRAWBERRY;XIRECS;10719.0;1
30400;;;SNACKPACK_VANILLA;XIRECS;9946.0;1
30400;;;TRANSLATOR_SPACE_GRAY;XIRECS;10175.0;1
30400;;;TRANSLATOR_VOID_BLUE;XIRECS;10819.0;1
30400;;;UV_VISOR_MAGENTA;XIRECS;11074.0;1
30400;;;UV_VISOR_ORANGE;XIRECS;10290.0;1
30400;;;UV_VISOR_RED;XIRECS;11211.0;1
30400;;;UV_VISOR_YELLOW;XIRECS;12104.0;1
31400;SUBMISSION;;PANEL_1X2;XIRECS;8759.0;3
31400;SUBMISSION;;UV_VISOR_AMBER;XIRECS;7222.0;3
31500;;SUBMISSION;PEBBLES_M;XIRECS;11216.0;4
31500;;SUBMISSION;PEBBLES_XL;XIRECS;12299.0;4
31500;;;PEBBLES_L;XIRECS;10734.0;4
31500;;;PEBBLES_S;XIRECS;8751.0;4
31500;;;PEBBLES_XS;XIRECS;7025.0;4
32000;;;MICROCHIP_CIRCLE;XIRECS;8581.0;2
32000;;;MICROCHIP_OVAL;XIRECS;7405.0;2
32000;;;MICROCHIP_RECTANGLE;XIRECS;8032.0;2
32000;;;MICROCHIP_SQUARE;XIRECS;15707.0;2
32000;;;MICROCHIP_TRIANGLE;XIRECS;9164.0;2
32400;SUBMISSION;;GALAXY_SOUNDS_DARK_MATTER;XIRECS;11024.0;4
32400;SUBMISSION;;GALAXY_SOUNDS_SOLAR_FLAMES;XIRECS;10672.0;4
32400;SUBMISSION;;PANEL_1X2;XIRECS;8775.0;4
32400;SUBMISSION;;PANEL_2X2;XIRECS;9061.0;4
32400;SUBMISSION;;PANEL_4X4;XIRECS;10556.0;4
32400;SUBMISSION;;SLEEP_POD_SUEDE;XIRECS;12277.0;4
32400;SUBMISSION;;SNACKPACK_PISTACHIO;XIRECS;9317.0;4
32400;SUBMISSION;;SNACKPACK_RASPBERRY;XIRECS;10256.0;4
32400;SUBMISSION;;TRANSLATOR_ASTRO_BLACK;XIRECS;9198.0;4
32400;SUBMISSION;;TRANSLATOR_ECLIPSE_CHARCOAL;XIRECS;9527.0;4
32400;SUBMISSION;;TRANSLATOR_GRAPHITE_MIST;XIRECS;11135.0;4
32400;SUBMISSION;;UV_VISOR_AMBER;XIRECS;7202.0;4
32400;;;GALAXY_SOUNDS_BLACK_HOLES;XIRECS;11862.0;4
32400;;;GALAXY_SOUNDS_PLANETARY_RINGS;XIRECS;11442.0;4
32400;;;GALAXY_SOUNDS_SOLAR_WINDS;XIRECS;10623.0;4
32400;;;OXYGEN_SHAKE_CHOCOLATE;XIRECS;9137.0;4
32400;;;OXYGEN_SHAKE_EVENING_BREATH;XIRECS;9364.0;4
32400;;;OXYGEN_SHAKE_GARLIC;XIRECS;11675.0;4
32400;;;OXYGEN_SHAKE_MINT;XIRECS;9728.0;4
32400;;;OXYGEN_SHAKE_MORNING_BREATH;XIRECS;9689.0;4
32400;;;PANEL_1X4;XIRECS;8653.0;4
32400;;;PANEL_2X4;XIRECS;11038.0;4
32400;;;ROBOT_DISHES;XIRECS;10532.0;4
32400;;;ROBOT_IRONING;XIRECS;7657.0;4
32400;;;ROBOT_LAUNDRY;XIRECS;9318.0;4
32400;;;ROBOT_MOPPING;XIRECS;11708.0;4
32400;;;ROBOT_VACUUMING;XIRECS;8665.0;4
32400;;;SLEEP_POD_COTTON;XIRECS;12155.0;4
32400;;;SLEEP_POD_LAMB_WOOL;XIRECS;10802.0;4
32400;;;SLEEP_POD_NYLON;XIRECS;9723.0;4
32400;;;SLEEP_POD_POLYESTER;XIRECS;12863.0;4
32400;;;SNACKPACK_CHOCOLATE;XIRECS;9937.0;4
32400;;;SNACKPACK_STRAWBERRY;XIRECS;10696.0;4
32400;;;SNACKPACK_VANILLA;XIRECS;9913.0;4
32400;;;TRANSLATOR_SPACE_GRAY;XIRECS;10162.0;4
32400;;;TRANSLATOR_VOID_BLUE;XIRECS;10849.0;4
32400;;;UV_VISOR_MAGENTA;XIRECS;11144.0;4
32400;;;UV_VISOR_ORANGE;XIRECS;10257.0;4
32400;;;UV_VISOR_RED;XIRECS;11186.0;4
32400;;;UV_VISOR_YELLOW;XIRECS;12082.0;4
32500;;SUBMISSION;PANEL_2X2;XIRECS;9051.0;4
32500;;SUBMISSION;UV_VISOR_AMBER;XIRECS;7208.0;4
32900;;SUBMISSION;PANEL_1X2;XIRECS;8760.0;4
36400;SUBMISSION;;PANEL_1X2;XIRECS;8754.0;3
36400;SUBMISSION;;PANEL_2X2;XIRECS;9056.0;3
36400;SUBMISSION;;ROBOT_LAUNDRY;XIRECS;9202.0;3
36400;SUBMISSION;;SNACKPACK_PISTACHIO;XIRECS;9319.0;3
36400;SUBMISSION;;SNACKPACK_RASPBERRY;XIRECS;10254.0;3
36400;SUBMISSION;;UV_VISOR_AMBER;XIRECS;7124.0;3
36400;;;GALAXY_SOUNDS_BLACK_HOLES;XIRECS;11869.0;3
36400;;;GALAXY_SOUNDS_DARK_MATTER;XIRECS;10926.0;3
36400;;;GALAXY_SOUNDS_PLANETARY_RINGS;XIRECS;11394.0;3
36400;;;GALAXY_SOUNDS_SOLAR_FLAMES;XIRECS;10606.0;3
36400;;;GALAXY_SOUNDS_SOLAR_WINDS;XIRECS;10667.0;3
36400;;;OXYGEN_SHAKE_CHOCOLATE;XIRECS;9125.0;3
36400;;;OXYGEN_SHAKE_EVENING_BREATH;XIRECS;9334.0;3
36400;;;OXYGEN_SHAKE_GARLIC;XIRECS;11715.0;3
36400;;;OXYGEN_SHAKE_MINT;XIRECS;9673.0;3
36400;;;OXYGEN_SHAKE_MORNING_BREATH;XIRECS;9658.0;3
36400;;;PANEL_1X4;XIRECS;8589.0;3
36400;;;PANEL_2X4;XIRECS;10924.0;3
36400;;;PANEL_4X4;XIRECS;10601.0;3
36400;;;ROBOT_DISHES;XIRECS;10514.0;3
36400;;;ROBOT_IRONING;XIRECS;7737.0;3
36400;;;ROBOT_MOPPING;XIRECS;11665.0;3
36400;;;ROBOT_VACUUMING;XIRECS;8697.0;3
36400;;;SLEEP_POD_COTTON;XIRECS;12269.0;3
36400;;;SLEEP_POD_LAMB_WOOL;XIRECS;10869.0;3
36400;;;SLEEP_POD_NYLON;XIRECS;9666.0;3
36400;;;SLEEP_POD_POLYESTER;XIRECS;12818.0;3
36400;;;SLEEP_POD_SUEDE;XIRECS;12291.0;3
36400;;;SNACKPACK_CHOCOLATE;XIRECS;9837.0;3
36400;;;SNACKPACK_STRAWBERRY;XIRECS;10705.0;3
36400;;;SNACKPACK_VANILLA;XIRECS;10020.0;3
36400;;;TRANSLATOR_ASTRO_BLACK;XIRECS;9270.0;3
36400;;;TRANSLATOR_ECLIPSE_CHARCOAL;XIRECS;9517.0;3
36400;;;TRANSLATOR_GRAPHITE_MIST;XIRECS;11153.0;3
36400;;;TRANSLATOR_SPACE_GRAY;XIRECS;10222.0;3
36400;;;TRANSLATOR_VOID_BLUE;XIRECS;10793.0;3
36400;;;UV_VISOR_MAGENTA;XIRECS;11208.0;3
36400;;;UV_VISOR_ORANGE;XIRECS;10325.0;3
36400;;;UV_VISOR_RED;XIRECS;11286.0;3
36400;;;UV_VISOR_YELLOW;XIRECS;12089.0;3
37500;;SUBMISSION;PANEL_1X2;XIRECS;8733.0;2
37500;;SUBMISSION;PANEL_2X2;XIRECS;9050.0;2
37500;;SUBMISSION;PANEL_4X4;XIRECS;10603.0;2
37500;;SUBMISSION;SLEEP_POD_SUEDE;XIRECS;12259.0;2
37500;;SUBMISSION;SNACKPACK_PISTACHIO;XIRECS;9328.0;2
37500;;SUBMISSION;SNACKPACK_RASPBERRY;XIRECS;10244.0;2
37500;;SUBMISSION;TRANSLATOR_GRAPHITE_MIST;XIRECS;11179.0;2
37500;;SUBMISSION;UV_VISOR_AMBER;XIRECS;7088.0;2
39800;SUBMISSION;;PEBBLES_M;XIRECS;11181.0;4
39800;SUBMISSION;;PEBBLES_XL;XIRECS;12229.0;4
39800;;;PEBBLES_L;XIRECS;10797.0;5
39800;;;PEBBLES_S;XIRECS;8785.0;5
39800;;;PEBBLES_XS;XIRECS;6993.0;5
40300;;SUBMISSION;PEBBLES_M;XIRECS;11160.0;2
40300;;SUBMISSION;PEBBLES_XL;XIRECS;12292.0;2
40300;;;PEBBLES_L;XIRECS;10762.0;2
40300;;;PEBBLES_S;XIRECS;8787.0;2
40300;;;PEBBLES_XS;XIRECS;7024.0;2
40600;SUBMISSION;;PANEL_4X4;XIRECS;10619.0;4
40600;SUBMISSION;;ROBOT_VACUUMING;XIRECS;8770.0;4
40600;SUBMISSION;;TRANSLATOR_GRAPHITE_MIST;XIRECS;11254.0;4
40600;;;GALAXY_SOUNDS_BLACK_HOLES;XIRECS;11895.0;4
40600;;;GALAXY_SOUNDS_DARK_MATTER;XIRECS;10894.0;4
40600;;;GALAXY_SOUNDS_PLANETARY_RINGS;XIRECS;11436.0;4
40600;;;GALAXY_SOUNDS_SOLAR_FLAMES;XIRECS;10531.0;4
40600;;;GALAXY_SOUNDS_SOLAR_WINDS;XIRECS;10556.0;4
40600;;;OXYGEN_SHAKE_CHOCOLATE;XIRECS;9144.0;4
40600;;;OXYGEN_SHAKE_EVENING_BREATH;XIRECS;9334.0;4
40600;;;OXYGEN_SHAKE_GARLIC;XIRECS;11808.0;4
40600;;;OXYGEN_SHAKE_MINT;XIRECS;9684.0;4
40600;;;OXYGEN_SHAKE_MORNING_BREATH;XIRECS;9636.0;4
40600;;;PANEL_1X2;XIRECS;8710.0;4
40600;;;PANEL_1X4;XIRECS;8590.0;4
40600;;;PANEL_2X2;XIRECS;9064.0;4
40600;;;PANEL_2X4;XIRECS;10953.0;4
40600;;;ROBOT_DISHES;XIRECS;10568.0;4
40600;;;ROBOT_IRONING;XIRECS;7827.0;4
40600;;;ROBOT_LAUNDRY;XIRECS;9171.0;4
40600;;;ROBOT_MOPPING;XIRECS;11734.0;4
40600;;;SLEEP_POD_COTTON;XIRECS;12402.0;4
40600;;;SLEEP_POD_LAMB_WOOL;XIRECS;10747.0;4
40600;;;SLEEP_POD_NYLON;XIRECS;9727.0;4
40600;;;SLEEP_POD_POLYESTER;XIRECS;12786.0;4
40600;;;SLEEP_POD_SUEDE;XIRECS;12221.0;4
40600;;;SNACKPACK_CHOCOLATE;XIRECS;9829.0;4
40600;;;SNACKPACK_PISTACHIO;XIRECS;9350.0;4
40600;;;SNACKPACK_RASPBERRY;XIRECS;10184.0;4
40600;;;SNACKPACK_STRAWBERRY;XIRECS;10766.0;4
40600;;;SNACKPACK_VANILLA;XIRECS;10035.0;4
40600;;;TRANSLATOR_ASTRO_BLACK;XIRECS;9308.0;4
40600;;;TRANSLATOR_ECLIPSE_CHARCOAL;XIRECS;9563.0;4
40600;;;TRANSLATOR_SPACE_GRAY;XIRECS;10175.0;4
40600;;;TRANSLATOR_VOID_BLUE;XIRECS;10718.0;4
40600;;;UV_VISOR_AMBER;XIRECS;7036.0;4
40600;;;UV_VISOR_MAGENTA;XIRECS;11182.0;4
40600;;;UV_VISOR_ORANGE;XIRECS;10359.0;4
40600;;;UV_VISOR_RED;XIRECS;11321.0;4
40600;;;UV_VISOR_YELLOW;XIRECS;12106.0;4
40700;;SUBMISSION;PANEL_4X4;XIRECS;10612.0;4
40700;;SUBMISSION;ROBOT_VACUUMING;XIRECS;8767.0;4
40700;;SUBMISSION;TRANSLATOR_GRAPHITE_MIST;XIRECS;11253.0;4
42100;;SUBMISSION;PANEL_1X2;XIRECS;8725.0;3
42100;;SUBMISSION;UV_VISOR_AMBER;XIRECS;7016.0;3
42200;;SUBMISSION;GALAXY_SOUNDS_DARK_MATTER;XIRECS;10886.0;4
42200;;SUBMISSION;GALAXY_SOUNDS_SOLAR_FLAMES;XIRECS;10477.0;4
42200;;SUBMISSION;PANEL_1X2;XIRECS;8732.0;4
42200;;SUBMISSION;PANEL_2X2;XIRECS;9078.0;4
42200;;SUBMISSION;PANEL_4X4;XIRECS;10591.0;4
42200;;SUBMISSION;ROBOT_LAUNDRY;XIRECS;9167.0;4
42200;;SUBMISSION;ROBOT_VACUUMING;XIRECS;8766.0;4
42200;;SUBMISSION;SLEEP_POD_SUEDE;XIRECS;12208.0;4
42200;;SUBMISSION;SNACKPACK_PISTACHIO;XIRECS;9336.0;4
42200;;SUBMISSION;SNACKPACK_RASPBERRY;XIRECS;10207.0;4
42200;;SUBMISSION;TRANSLATOR_ASTRO_BLACK;XIRECS;9376.0;4
42200;;SUBMISSION;TRANSLATOR_ECLIPSE_CHARCOAL;XIRECS;9570.0;4
42200;;SUBMISSION;TRANSLATOR_GRAPHITE_MIST;XIRECS;11342.0;4
42200;;;GALAXY_SOUNDS_BLACK_HOLES;XIRECS;11882.0;4
42200;;;GALAXY_SOUNDS_PLANETARY_RINGS;XIRECS;11395.0;4
42200;;;GALAXY_SOUNDS_SOLAR_WINDS;XIRECS;10537.0;4
42200;;;OXYGEN_SHAKE_CHOCOLATE;XIRECS;9156.0;4
42200;;;OXYGEN_SHAKE_EVENING_BREATH;XIRECS;9326.0;4
42200;;;OXYGEN_SHAKE_GARLIC;XIRECS;11808.0;4
42200;;;OXYGEN_SHAKE_MINT;XIRECS;9753.0;4
42200;;;OXYGEN_SHAKE_MORNING_BREATH;XIRECS;9676.0;4
42200;;;PANEL_1X4;XIRECS;8612.0;4
42200;;;PANEL_2X4;XIRECS;10993.0;4
42200;;;ROBOT_DISHES;XIRECS;10520.0;4
42200;;;ROBOT_IRONING;XIRECS;7843.0;4
42200;;;ROBOT_MOPPING;XIRECS;11714.0;4
42200;;;SLEEP_POD_COTTON;XIRECS;12463.0;4
42200;;;SLEEP_POD_LAMB_WOOL;XIRECS;10758.0;4
42200;;;SLEEP_POD_NYLON;XIRECS;9710.0;4
42200;;;SLEEP_POD_POLYESTER;XIRECS;12887.0;4
42200;;;SNACKPACK_CHOCOLATE;XIRECS;9842.0;4
42200;;;SNACKPACK_STRAWBERRY;XIRECS;10763.0;4
42200;;;SNACKPACK_VANILLA;XIRECS;10061.0;4
42200;;;TRANSLATOR_SPACE_GRAY;XIRECS;10183.0;4
42200;;;TRANSLATOR_VOID_BLUE;XIRECS;10741.0;4
42200;;;UV_VISOR_AMBER;XIRECS;7019.0;4
42200;;;UV_VISOR_MAGENTA;XIRECS;11194.0;4
42200;;;UV_VISOR_ORANGE;XIRECS;10308.0;4
42200;;;UV_VISOR_RED;XIRECS;11369.0;4
42200;;;UV_VISOR_YELLOW;XIRECS;12176.0;4
42300;SUBMISSION;;GALAXY_SOUNDS_DARK_MATTER;XIRECS;10888.0;1
42300;SUBMISSION;;GALAXY_SOUNDS_SOLAR_FLAMES;XIRECS;10479.0;1
42300;SUBMISSION;;PANEL_1X2;XIRECS;8733.0;1
42300;SUBMISSION;;PANEL_2X2;XIRECS;9086.0;1
42300;SUBMISSION;;PANEL_4X4;XIRECS;10588.0;1
42300;SUBMISSION;;ROBOT_LAUNDRY;XIRECS;9148.0;1
42300;SUBMISSION;;ROBOT_VACUUMING;XIRECS;8769.0;4
42300;SUBMISSION;;SLEEP_POD_SUEDE;XIRECS;12199.0;1
42300;SUBMISSION;;SNACKPACK_PISTACHIO;XIRECS;9330.0;1
42300;SUBMISSION;;SNACKPACK_RASPBERRY;XIRECS;10195.0;1
42300;SUBMISSION;;TRANSLATOR_ASTRO_BLACK;XIRECS;9348.0;1
42300;SUBMISSION;;TRANSLATOR_ECLIPSE_CHARCOAL;XIRECS;9557.0;1
42300;SUBMISSION;;TRANSLATOR_GRAPHITE_MIST;XIRECS;11337.0;1
42300;SUBMISSION;;UV_VISOR_AMBER;XIRECS;7020.0;1
42300;;;GALAXY_SOUNDS_BLACK_HOLES;XIRECS;11848.0;1
42300;;;GALAXY_SOUNDS_PLANETARY_RINGS;XIRECS;11364.0;1
42300;;;GALAXY_SOUNDS_SOLAR_WINDS;XIRECS;10522.0;1
42300;;;OXYGEN_SHAKE_CHOCOLATE;XIRECS;9138.0;1
42300;;;OXYGEN_SHAKE_EVENING_BREATH;XIRECS;9304.0;1
42300;;;OXYGEN_SHAKE_GARLIC;XIRECS;11803.0;1
42300;;;OXYGEN_SHAKE_MINT;XIRECS;9744.0;1
42300;;;OXYGEN_SHAKE_MORNING_BREATH;XIRECS;9663.0;1
42300;;;PANEL_1X4;XIRECS;8618.0;1
42300;;;PANEL_2X4;XIRECS;10969.0;1
42300;;;ROBOT_DISHES;XIRECS;10518.0;1
42300;;;ROBOT_IRONING;XIRECS;7827.0;1
42300;;;ROBOT_MOPPING;XIRECS;11709.0;1
42300;;;ROBOT_VACUUMING;XIRECS;8763.0;1
42300;;;SLEEP_POD_COTTON;XIRECS;12428.0;1
42300;;;SLEEP_POD_LAMB_WOOL;XIRECS;10754.0;1
42300;;;SLEEP_POD_NYLON;XIRECS;9712.0;1
42300;;;SLEEP_POD_POLYESTER;XIRECS;12868.0;1
42300;;;SNACKPACK_CHOCOLATE;XIRECS;9824.0;1
42300;;;SNACKPACK_STRAWBERRY;XIRECS;10748.0;1
42300;;;SNACKPACK_VANILLA;XIRECS;10046.0;1
42300;;;TRANSLATOR_SPACE_GRAY;XIRECS;10170.0;1
42300;;;TRANSLATOR_VOID_BLUE;XIRECS;10728.0;1
42300;;;UV_VISOR_MAGENTA;XIRECS;11189.0;1
42300;;;UV_VISOR_ORANGE;XIRECS;10286.0;1
42300;;;UV_VISOR_RED;XIRECS;11347.0;1
42300;;;UV_VISOR_YELLOW;XIRECS;12150.0;1
42900;SUBMISSION;;GALAXY_SOUNDS_DARK_MATTER;XIRECS;10866.0;3
42900;SUBMISSION;;GALAXY_SOUNDS_SOLAR_FLAMES;XIRECS;10521.0;3
42900;SUBMISSION;;PANEL_1X2;XIRECS;8750.0;3
42900;SUBMISSION;;PANEL_2X2;XIRECS;9079.0;3
42900;SUBMISSION;;PANEL_4X4;XIRECS;10601.0;3
42900;SUBMISSION;;ROBOT_LAUNDRY;XIRECS;9089.0;3
42900;SUBMISSION;;ROBOT_VACUUMING;XIRECS;8760.0;3
42900;SUBMISSION;;SLEEP_POD_SUEDE;XIRECS;12171.0;3
42900;SUBMISSION;;SNACKPACK_PISTACHIO;XIRECS;9305.0;3
42900;SUBMISSION;;SNACKPACK_RASPBERRY;XIRECS;10233.0;3
42900;SUBMISSION;;TRANSLATOR_ASTRO_BLACK;XIRECS;9351.0;3
42900;SUBMISSION;;TRANSLATOR_ECLIPSE_CHARCOAL;XIRECS;9545.0;3
42900;SUBMISSION;;TRANSLATOR_GRAPHITE_MIST;XIRECS;11332.0;3
42900;SUBMISSION;;UV_VISOR_AMBER;XIRECS;7028.0;3
42900;;;GALAXY_SOUNDS_BLACK_HOLES;XIRECS;11806.0;3
42900;;;GALAXY_SOUNDS_PLANETARY_RINGS;XIRECS;11360.0;3
42900;;;GALAXY_SOUNDS_SOLAR_WINDS;XIRECS;10539.0;3
42900;;;OXYGEN_SHAKE_CHOCOLATE;XIRECS;9117.0;3
42900;;;OXYGEN_SHAKE_EVENING_BREATH;XIRECS;9344.0;3
42900;;;OXYGEN_SHAKE_GARLIC;XIRECS;11833.0;3
42900;;;OXYGEN_SHAKE_MINT;XIRECS;9772.0;3
42900;;;OXYGEN_SHAKE_MORNING_BREATH;XIRECS;9687.0;3
42900;;;PANEL_1X4;XIRECS;8637.0;3
42900;;;PANEL_2X4;XIRECS;10968.0;3
42900;;;ROBOT_DISHES;XIRECS;10526.0;3
42900;;;ROBOT_IRONING;XIRECS;7817.0;3
42900;;;ROBOT_MOPPING;XIRECS;11710.0;3
42900;;;SLEEP_POD_COTTON;XIRECS;12390.0;3
42900;;;SLEEP_POD_LAMB_WOOL;XIRECS;10722.0;3
42900;;;SLEEP_POD_NYLON;XIRECS;9703.0;3
42900;;;SLEEP_POD_POLYESTER;XIRECS;12865.0;3
42900;;;SNACKPACK_CHOCOLATE;XIRECS;9803.0;3
42900;;;SNACKPACK_STRAWBERRY;XIRECS;10701.0;3
42900;;;SNACKPACK_VANILLA;XIRECS;10073.0;3
42900;;;TRANSLATOR_SPACE_GRAY;XIRECS;10181.0;3
42900;;;TRANSLATOR_VOID_BLUE;XIRECS;10694.0;3
42900;;;UV_VISOR_MAGENTA;XIRECS;11167.0;3
42900;;;UV_VISOR_ORANGE;XIRECS;10297.0;3
42900;;;UV_VISOR_RED;XIRECS;11326.0;3
42900;;;UV_VISOR_YELLOW;XIRECS;12205.0;3
43100;;SUBMISSION;ROBOT_VACUUMING;XIRECS;8751.0;4
43700;;;MICROCHIP_CIRCLE;XIRECS;8615.0;1
43700;;;MICROCHIP_OVAL;XIRECS;7509.0;1
43700;;;MICROCHIP_RECTANGLE;XIRECS;7953.0;1
43700;;;MICROCHIP_SQUARE;XIRECS;15916.0;1
43700;;;MICROCHIP_TRIANGLE;XIRECS;9226.0;1
45300;SUBMISSION;;PEBBLES_M;XIRECS;10944.0;2
45300;SUBMISSION;;PEBBLES_XL;XIRECS;12460.0;2
45300;;;PEBBLES_L;XIRECS;10777.0;2
45300;;;PEBBLES_S;XIRECS;8766.0;2
45300;;;PEBBLES_XS;XIRECS;7031.0;2
45700;;SUBMISSION;UV_VISOR_AMBER;XIRECS;7019.0;2
47100;;SUBMISSION;PEBBLES_M;XIRECS;10969.0;2
47100;;SUBMISSION;PEBBLES_XL;XIRECS;12314.0;2
47100;;;PEBBLES_L;XIRECS;10849.0;2
47100;;;PEBBLES_S;XIRECS;8777.0;2
47100;;;PEBBLES_XS;XIRECS;7114.0;2
53300;;;MICROCHIP_CIRCLE;XIRECS;8623.0;3
53300;;;MICROCHIP_OVAL;XIRECS;7473.0;3
53300;;;MICROCHIP_RECTANGLE;XIRECS;7846.0;3
53300;;;MICROCHIP_SQUARE;XIRECS;15647.0;3
53300;;;MICROCHIP_TRIANGLE;XIRECS;9377.0;3
53500;SUBMISSION;;PANEL_1X2;XIRECS;8819.0;2
53500;SUBMISSION;;ROBOT_LAUNDRY;XIRECS;9050.0;2
53500;SUBMISSION;;ROBOT_VACUUMING;XIRECS;8699.0;2
53500;SUBMISSION;;SLEEP_POD_SUEDE;XIRECS;12313.0;2
53500;SUBMISSION;;TRANSLATOR_GRAPHITE_MIST;XIRECS;11470.0;2
53500;;;GALAXY_SOUNDS_BLACK_HOLES;XIRECS;11811.0;2
53500;;;GALAXY_SOUNDS_DARK_MATTER;XIRECS;10987.0;2
53500;;;GALAXY_SOUNDS_PLANETARY_RINGS;XIRECS;11105.0;2
53500;;;GALAXY_SOUNDS_SOLAR_FLAMES;XIRECS;10691.0;2
53500;;;GALAXY_SOUNDS_SOLAR_WINDS;XIRECS;10521.0;2
53500;;;OXYGEN_SHAKE_CHOCOLATE;XIRECS;9090.0;2
53500;;;OXYGEN_SHAKE_EVENING_BREATH;XIRECS;9374.0;2
53500;;;OXYGEN_SHAKE_GARLIC;XIRECS;11739.0;2
53500;;;OXYGEN_SHAKE_MINT;XIRECS;9695.0;2
53500;;;OXYGEN_SHAKE_MORNING_BREATH;XIRECS;9712.0;2
53500;;;PANEL_1X4;XIRECS;8628.0;2
53500;;;PANEL_2X2;XIRECS;9069.0;2
53500;;;PANEL_2X4;XIRECS;11011.0;2
53500;;;PANEL_4X4;XIRECS;10686.0;2
53500;;;ROBOT_DISHES;XIRECS;10359.0;2
53500;;;ROBOT_IRONING;XIRECS;7867.0;2
53500;;;ROBOT_MOPPING;XIRECS;11700.0;2
53500;;;SLEEP_POD_COTTON;XIRECS;12446.0;2
53500;;;SLEEP_POD_LAMB_WOOL;XIRECS;10595.0;2
53500;;;SLEEP_POD_NYLON;XIRECS;9829.0;2
53500;;;SLEEP_POD_POLYESTER;XIRECS;13028.0;2
53500;;;SNACKPACK_CHOCOLATE;XIRECS;9688.0;2
53500;;;SNACKPACK_PISTACHIO;XIRECS;9406.0;2
53500;;;SNACKPACK_RASPBERRY;XIRECS;10068.0;2
53500;;;SNACKPACK_STRAWBERRY;XIRECS;10845.0;2
53500;;;SNACKPACK_VANILLA;XIRECS;10175.0;2
53500;;;TRANSLATOR_ASTRO_BLACK;XIRECS;9376.0;2
53500;;;TRANSLATOR_ECLIPSE_CHARCOAL;XIRECS;9642.0;2
53500;;;TRANSLATOR_SPACE_GRAY;XIRECS;10017.0;2
53500;;;TRANSLATOR_VOID_BLUE;XIRECS;10718.0;2
53500;;;UV_VISOR_AMBER;XIRECS;6868.0;2
53500;;;UV_VISOR_MAGENTA;XIRECS;11228.0;2
53500;;;UV_VISOR_ORANGE;XIRECS;10389.0;2
53500;;;UV_VISOR_RED;XIRECS;11414.0;2
53500;;;UV_VISOR_YELLOW;XIRECS;12286.0;2
55800;;SUBMISSION;TRANSLATOR_GRAPHITE_MIST;XIRECS;11449.0;4
57800;SUBMISSION;;PANEL_1X2;XIRECS;8772.0;1
57800;SUBMISSION;;PANEL_4X4;XIRECS;10641.0;1
57800;SUBMISSION;;TRANSLATOR_GRAPHITE_MIST;XIRECS;11399.0;1
57800;;;GALAXY_SOUNDS_BLACK_HOLES;XIRECS;11901.0;1
57800;;;GALAXY_SOUNDS_DARK_MATTER;XIRECS;10987.0;1
57800;;;GALAXY_SOUNDS_PLANETARY_RINGS;XIRECS;10918.0;1
57800;;;GALAXY_SOUNDS_SOLAR_FLAMES;XIRECS;10663.0;1
57800;;;GALAXY_SOUNDS_SOLAR_WINDS;XIRECS;10557.0;1
57800;;;OXYGEN_SHAKE_CHOCOLATE;XIRECS;9048.0;1
57800;;;OXYGEN_SHAKE_EVENING_BREATH;XIRECS;9354.0;1
57800;;;OXYGEN_SHAKE_GARLIC;XIRECS;11660.0;1
57800;;;OXYGEN_SHAKE_MINT;XIRECS;9743.0;1
57800;;;OXYGEN_SHAKE_MORNING_BREATH;XIRECS;9766.0;1
57800;;;PANEL_1X4;XIRECS;8649.0;1
57800;;;PANEL_2X2;XIRECS;9014.0;1
57800;;;PANEL_2X4;XIRECS;10949.0;1
57800;;;ROBOT_DISHES;XIRECS;10242.0;1
57800;;;ROBOT_IRONING;XIRECS;7837.0;1
57800;;;ROBOT_LAUNDRY;XIRECS;9055.0;1
57800;;;ROBOT_MOPPING;XIRECS;11634.0;1
57800;;;ROBOT_VACUUMING;XIRECS;8815.0;1
57800;;;SLEEP_POD_COTTON;XIRECS;12503.0;1
57800;;;SLEEP_POD_LAMB_WOOL;XIRECS;10506.0;1
57800;;;SLEEP_POD_NYLON;XIRECS;9936.0;1
57800;;;SLEEP_POD_POLYESTER;XIRECS;13099.0;1
57800;;;SLEEP_POD_SUEDE;XIRECS;12382.0;1
57800;;;SNACKPACK_CHOCOLATE;XIRECS;9663.0;1
57800;;;SNACKPACK_PISTACHIO;XIRECS;9431.0;1
57800;;;SNACKPACK_RASPBERRY;XIRECS;10042.0;1
57800;;;SNACKPACK_STRAWBERRY;XIRECS;10877.0;1
57800;;;SNACKPACK_VANILLA;XIRECS;10201.0;1
57800;;;TRANSLATOR_ASTRO_BLACK;XIRECS;9366.0;1
57800;;;TRANSLATOR_ECLIPSE_CHARCOAL;XIRECS;9749.0;1
57800;;;TRANSLATOR_SPACE_GRAY;XIRECS;10117.0;1
57800;;;TRANSLATOR_VOID_BLUE;XIRECS;10706.0;1
57800;;;UV_VISOR_AMBER;XIRECS;6810.0;1
57800;;;UV_VISOR_MAGENTA;XIRECS;11246.0;1
57800;;;UV_VISOR_ORANGE;XIRECS;10398.0;1
57800;;;UV_VISOR_RED;XIRECS;11257.0;1
57800;;;UV_VISOR_YELLOW;XIRECS;12207.0;1
57900;;SUBMISSION;PEBBLES_XL;XIRECS;12209.0;4
57900;;;MICROCHIP_CIRCLE;XIRECS;8584.0;3
57900;;;MICROCHIP_OVAL;XIRECS;7409.0;3
57900;;;MICROCHIP_RECTANGLE;XIRECS;7737.0;3
57900;;;MICROCHIP_SQUARE;XIRECS;15834.0;3
57900;;;MICROCHIP_TRIANGLE;XIRECS;9526.0;3
57900;;;PEBBLES_L;XIRECS;10945.0;5
57900;;;PEBBLES_M;XIRECS;11080.0;5
57900;;;PEBBLES_S;XIRECS;8788.0;5
57900;;;PEBBLES_XS;XIRECS;7009.0;5
59300;;;PEBBLES_L;XIRECS;10928.0;4
59300;;;PEBBLES_M;XIRECS;11143.0;4
59300;;;PEBBLES_S;XIRECS;8746.0;4
59300;;;PEBBLES_XL;XIRECS;12134.0;4
59300;;;PEBBLES_XS;XIRECS;7082.0;4
59400;SUBMISSION;;PEBBLES_M;XIRECS;11140.0;4
59400;SUBMISSION;;PEBBLES_XL;XIRECS;12146.0;4
59400;;;PEBBLES_L;XIRECS;10896.0;5
59400;;;PEBBLES_S;XIRECS;8740.0;5
59400;;;PEBBLES_XS;XIRECS;7062.0;5
59900;;SUBMISSION;PANEL_1X2;XIRECS;8787.0;3
59900;;SUBMISSION;SLEEP_POD_SUEDE;XIRECS;12388.0;3
60200;SUBMISSION;;PANEL_1X2;XIRECS;8826.0;3
60200;SUBMISSION;;SLEEP_POD_SUEDE;XIRECS;12410.0;3
60200;SUBMISSION;;TRANSLATOR_GRAPHITE_MIST;XIRECS;11383.0;3
60200;;;GALAXY_SOUNDS_BLACK_HOLES;XIRECS;11874.0;3
60200;;;GALAXY_SOUNDS_DARK_MATTER;XIRECS;11025.0;3
60200;;;GALAXY_SOUNDS_PLANETARY_RINGS;XIRECS;10985.0;3
60200;;;GALAXY_SOUNDS_SOLAR_FLAMES;XIRECS;10698.0;3
60200;;;GALAXY_SOUNDS_SOLAR_WINDS;XIRECS;10554.0;3
60200;;;OXYGEN_SHAKE_CHOCOLATE;XIRECS;9050.0;3
60200;;;OXYGEN_SHAKE_EVENING_BREATH;XIRECS;9324.0;3
60200;;;OXYGEN_SHAKE_GARLIC;XIRECS;11637.0;3
60200;;;OXYGEN_SHAKE_MINT;XIRECS;9691.0;3
60200;;;OXYGEN_SHAKE_MORNING_BREATH;XIRECS;9731.0;3
60200;;;PANEL_1X4;XIRECS;8636.0;3
60200;;;PANEL_2X2;XIRECS;8963.0;3
60200;;;PANEL_2X4;XIRECS;10914.0;3
60200;;;PANEL_4X4;XIRECS;10819.0;3
60200;;;ROBOT_DISHES;XIRECS;10190.0;3
60200;;;ROBOT_IRONING;XIRECS;7827.0;3
60200;;;ROBOT_LAUNDRY;XIRECS;9022.0;3
60200;;;ROBOT_MOPPING;XIRECS;11670.0;3
60200;;;ROBOT_VACUUMING;XIRECS;8876.0;3
60200;;;SLEEP_POD_COTTON;XIRECS;12491.0;3
60200;;;SLEEP_POD_LAMB_WOOL;XIRECS;10512.0;3
60200;;;SLEEP_POD_NYLON;XIRECS;9950.0;3
60200;;;SLEEP_POD_POLYESTER;XIRECS;13218.0;3
60200;;;SNACKPACK_CHOCOLATE;XIRECS;9652.0;3
60200;;;SNACKPACK_PISTACHIO;XIRECS;9451.0;3
60200;;;SNACKPACK_RASPBERRY;XIRECS;10027.0;3
60200;;;SNACKPACK_STRAWBERRY;XIRECS;10889.0;3
60200;;;SNACKPACK_VANILLA;XIRECS;10210.0;3
60200;;;TRANSLATOR_ASTRO_BLACK;XIRECS;9376.0;3
60200;;;TRANSLATOR_ECLIPSE_CHARCOAL;XIRECS;9789.0;3
60200;;;TRANSLATOR_SPACE_GRAY;XIRECS;9990.0;3
60200;;;TRANSLATOR_VOID_BLUE;XIRECS;10654.0;3
60200;;;UV_VISOR_AMBER;XIRECS;6842.0;3
60200;;;UV_VISOR_MAGENTA;XIRECS;11290.0;3
60200;;;UV_VISOR_ORANGE;XIRECS;10383.0;3
60200;;;UV_VISOR_RED;XIRECS;11264.0;3
60200;;;UV_VISOR_YELLOW;XIRECS;12185.0;3
60900;;;MICROCHIP_CIRCLE;XIRECS;8589.0;2
60900;;;MICROCHIP_OVAL;XIRECS;7314.0;2
60900;;;MICROCHIP_RECTANGLE;XIRECS;7638.0;2
60900;;;MICROCHIP_SQUARE;XIRECS;15875.0;2
60900;;;MICROCHIP_TRIANGLE;XIRECS;9507.0;2
63100;;;MICROCHIP_CIRCLE;XIRECS;8580.0;3
63100;;;MICROCHIP_OVAL;XIRECS;7241.0;3
63100;;;MICROCHIP_RECTANGLE;XIRECS;7636.0;3
63100;;;MICROCHIP_SQUARE;XIRECS;15794.0;3
63100;;;MICROCHIP_TRIANGLE;XIRECS;9466.0;3
63500;SUBMISSION;;ROBOT_VACUUMING;XIRECS;8816.0;2
63500;SUBMISSION;;UV_VISOR_AMBER;XIRECS;6850.0;2
63500;;;GALAXY_SOUNDS_BLACK_HOLES;XIRECS;11784.0;2
63500;;;GALAXY_SOUNDS_DARK_MATTER;XIRECS;10931.0;2
63500;;;GALAXY_SOUNDS_PLANETARY_RINGS;XIRECS;10871.0;2
63500;;;GALAXY_SOUNDS_SOLAR_FLAMES;XIRECS;10701.0;2
63500;;;GALAXY_SOUNDS_SOLAR_WINDS;XIRECS;10518.0;2
63500;;;OXYGEN_SHAKE_CHOCOLATE;XIRECS;9026.0;2
63500;;;OXYGEN_SHAKE_EVENING_BREATH;XIRECS;9364.0;2
63500;;;OXYGEN_SHAKE_GARLIC;XIRECS;11674.0;2
63500;;;OXYGEN_SHAKE_MINT;XIRECS;9617.0;2
63500;;;OXYGEN_SHAKE_MORNING_BREATH;XIRECS;9696.0;2
63500;;;PANEL_1X2;XIRECS;8782.0;2
63500;;;PANEL_1X4;XIRECS;8539.0;2
63500;;;PANEL_2X2;XIRECS;8951.0;2
63500;;;PANEL_2X4;XIRECS;10968.0;2
63500;;;PANEL_4X4;XIRECS;10843.0;2
63500;;;ROBOT_DISHES;XIRECS;10200.0;2
63500;;;ROBOT_IRONING;XIRECS;7837.0;2
63500;;;ROBOT_LAUNDRY;XIRECS;9059.0;2
63500;;;ROBOT_MOPPING;XIRECS;11685.0;2
63500;;;SLEEP_POD_COTTON;XIRECS;12398.0;2
63500;;;SLEEP_POD_LAMB_WOOL;XIRECS;10544.0;2
63500;;;SLEEP_POD_NYLON;XIRECS;9937.0;2
63500;;;SLEEP_POD_POLYESTER;XIRECS;13133.0;2
63500;;;SLEEP_POD_SUEDE;XIRECS;12417.0;2
63500;;;SNACKPACK_CHOCOLATE;XIRECS;9680.0;2
63500;;;SNACKPACK_PISTACHIO;XIRECS;9428.0;2
63500;;;SNACKPACK_RASPBERRY;XIRECS;10045.0;2
63500;;;SNACKPACK_STRAWBERRY;XIRECS;10866.0;2
63500;;;SNACKPACK_VANILLA;XIRECS;10177.0;2
63500;;;TRANSLATOR_ASTRO_BLACK;XIRECS;9415.0;2
63500;;;TRANSLATOR_ECLIPSE_CHARCOAL;XIRECS;9822.0;2
63500;;;TRANSLATOR_GRAPHITE_MIST;XIRECS;11432.0;2
63500;;;TRANSLATOR_SPACE_GRAY;XIRECS;9907.0;2
63500;;;TRANSLATOR_VOID_BLUE;XIRECS;10593.0;2
63500;;;UV_VISOR_MAGENTA;XIRECS;11324.0;2
63500;;;UV_VISOR_ORANGE;XIRECS;10359.0;2
63500;;;UV_VISOR_RED;XIRECS;11336.0;2
63500;;;UV_VISOR_YELLOW;XIRECS;12084.0;2
63800;;SUBMISSION;ROBOT_VACUUMING;XIRECS;8839.0;4
65000;;SUBMISSION;GALAXY_SOUNDS_DARK_MATTER;XIRECS;10897.0;4
65000;;SUBMISSION;GALAXY_SOUNDS_SOLAR_FLAMES;XIRECS;10775.0;4
65000;;SUBMISSION;PANEL_1X2;XIRECS;8827.0;4
65000;;SUBMISSION;PANEL_2X2;XIRECS;8921.0;4
65000;;SUBMISSION;PANEL_4X4;XIRECS;10878.0;4
65000;;SUBMISSION;ROBOT_LAUNDRY;XIRECS;9016.0;4
65000;;SUBMISSION;SLEEP_POD_SUEDE;XIRECS;12470.0;4
65000;;SUBMISSION;SNACKPACK_PISTACHIO;XIRECS;9399.0;4
65000;;SUBMISSION;SNACKPACK_RASPBERRY;XIRECS;10128.0;4
65000;;SUBMISSION;TRANSLATOR_ASTRO_BLACK;XIRECS;9447.0;4
65000;;SUBMISSION;TRANSLATOR_ECLIPSE_CHARCOAL;XIRECS;9816.0;4
65000;;SUBMISSION;TRANSLATOR_GRAPHITE_MIST;XIRECS;11412.0;4
65000;;SUBMISSION;UV_VISOR_AMBER;XIRECS;6849.0;4
65000;;;GALAXY_SOUNDS_BLACK_HOLES;XIRECS;11850.0;4
65000;;;GALAXY_SOUNDS_PLANETARY_RINGS;XIRECS;10810.0;4
65000;;;GALAXY_SOUNDS_SOLAR_WINDS;XIRECS;10517.0;4
65000;;;OXYGEN_SHAKE_CHOCOLATE;XIRECS;9068.0;4
65000;;;OXYGEN_SHAKE_EVENING_BREATH;XIRECS;9406.0;4
65000;;;OXYGEN_SHAKE_GARLIC;XIRECS;11733.0;4
65000;;;OXYGEN_SHAKE_MINT;XIRECS;9599.0;4
65000;;;OXYGEN_SHAKE_MORNING_BREATH;XIRECS;9652.0;4
65000;;;PANEL_1X4;XIRECS;8531.0;4
65000;;;PANEL_2X4;XIRECS;10965.0;4
65000;;;ROBOT_DISHES;XIRECS;10193.0;4
65000;;;ROBOT_IRONING;XIRECS;7833.0;4
65000;;;ROBOT_MOPPING;XIRECS;11680.0;4
65000;;;ROBOT_VACUUMING;XIRECS;8875.0;4
65000;;;SLEEP_POD_COTTON;XIRECS;12421.0;4
65000;;;SLEEP_POD_LAMB_WOOL;XIRECS;10514.0;4
65000;;;SLEEP_POD_NYLON;XIRECS;9955.0;4
65000;;;SLEEP_POD_POLYESTER;XIRECS;13094.0;4
65000;;;SNACKPACK_CHOCOLATE;XIRECS;9692.0;4
65000;;;SNACKPACK_STRAWBERRY;XIRECS;10814.0;4
65000;;;SNACKPACK_VANILLA;XIRECS;10198.0;4
65000;;;TRANSLATOR_SPACE_GRAY;XIRECS;9859.0;4
65000;;;TRANSLATOR_VOID_BLUE;XIRECS;10604.0;4
65000;;;UV_VISOR_MAGENTA;XIRECS;11275.0;4
65000;;;UV_VISOR_ORANGE;XIRECS;10470.0;4
65000;;;UV_VISOR_RED;XIRECS;11405.0;4
65000;;;UV_VISOR_YELLOW;XIRECS;12074.0;4
65300;SUBMISSION;;PANEL_2X2;XIRECS;8930.0;4
66300;SUBMISSION;;PANEL_1X2;XIRECS;8887.0;2
66300;SUBMISSION;;PANEL_4X4;XIRECS;10903.0;2
67900;;SUBMISSION;MICROCHIP_RECTANGLE;XIRECS;7671.0;2
67900;;;MICROCHIP_CIRCLE;XIRECS;8571.0;2
67900;;;MICROCHIP_OVAL;XIRECS;7230.0;2
67900;;;MICROCHIP_SQUARE;XIRECS;15921.0;2
67900;;;MICROCHIP_TRIANGLE;XIRECS;9415.0;2
72000;SUBMISSION;;GALAXY_SOUNDS_DARK_MATTER;XIRECS;10877.0;4
72000;SUBMISSION;;GALAXY_SOUNDS_SOLAR_FLAMES;XIRECS;10650.0;4
72000;SUBMISSION;;PANEL_1X2;XIRECS;8708.0;4
72000;SUBMISSION;;PANEL_4X4;XIRECS;10810.0;4
72000;SUBMISSION;;ROBOT_VACUUMING;XIRECS;8892.0;4
72000;SUBMISSION;;SLEEP_POD_SUEDE;XIRECS;12405.0;4
72000;SUBMISSION;;SNACKPACK_PISTACHIO;XIRECS;9365.0;4
72000;SUBMISSION;;SNACKPACK_RASPBERRY;XIRECS;10129.0;4
72000;SUBMISSION;;TRANSLATOR_ASTRO_BLACK;XIRECS;9493.0;4
72000;SUBMISSION;;TRANSLATOR_ECLIPSE_CHARCOAL;XIRECS;9842.0;4
72000;SUBMISSION;;TRANSLATOR_GRAPHITE_MIST;XIRECS;11212.0;4
72000;SUBMISSION;;UV_VISOR_AMBER;XIRECS;6861.0;4
72000;;;GALAXY_SOUNDS_BLACK_HOLES;XIRECS;11890.0;4
72000;;;GALAXY_SOUNDS_PLANETARY_RINGS;XIRECS;10873.0;4
72000;;;GALAXY_SOUNDS_SOLAR_WINDS;XIRECS;10488.0;4
72000;;;OXYGEN_SHAKE_CHOCOLATE;XIRECS;9051.0;4
72000;;;OXYGEN_SHAKE_EVENING_BREATH;XIRECS;9524.0;4
72000;;;OXYGEN_SHAKE_GARLIC;XIRECS;11713.0;4
72000;;;OXYGEN_SHAKE_MINT;XIRECS;9570.0;4
72000;;;OXYGEN_SHAKE_MORNING_BREATH;XIRECS;9671.0;4
72000;;;PANEL_1X4;XIRECS;8424.0;4
72000;;;PANEL_2X2;XIRECS;8933.0;4
72000;;;PANEL_2X4;XIRECS;10813.0;4
72000;;;ROBOT_DISHES;XIRECS;10308.0;4
72000;;;ROBOT_IRONING;XIRECS;7867.0;4
72000;;;ROBOT_LAUNDRY;XIRECS;9074.0;4
72000;;;ROBOT_MOPPING;XIRECS;11758.0;4
72000;;;SLEEP_POD_COTTON;XIRECS;12481.0;4
72000;;;SLEEP_POD_LAMB_WOOL;XIRECS;10267.0;4
72000;;;SLEEP_POD_NYLON;XIRECS;9822.0;4
72000;;;SLEEP_POD_POLYESTER;XIRECS;12910.0;4
72000;;;SNACKPACK_CHOCOLATE;XIRECS;9761.0;4
72000;;;SNACKPACK_STRAWBERRY;XIRECS;10775.0;4
72000;;;SNACKPACK_VANILLA;XIRECS;10093.0;4
72000;;;TRANSLATOR_SPACE_GRAY;XIRECS;9799.0;4
72000;;;TRANSLATOR_VOID_BLUE;XIRECS;10590.0;4
72000;;;UV_VISOR_MAGENTA;XIRECS;11146.0;4
72000;;;UV_VISOR_ORANGE;XIRECS;10633.0;4
72000;;;UV_VISOR_RED;XIRECS;11440.0;4
72000;;;UV_VISOR_YELLOW;XIRECS;12072.0;4
72100;;SUBMISSION;ROBOT_VACUUMING;XIRECS;8888.0;4
72500;;SUBMISSION;PEBBLES_M;XIRECS;11129.0;4
72500;;SUBMISSION;PEBBLES_XL;XIRECS;12380.0;4
72500;;;PEBBLES_L;XIRECS;10906.0;4
72500;;;PEBBLES_S;XIRECS;8618.0;4
72500;;;PEBBLES_XS;XIRECS;6991.0;4
72600;;SUBMISSION;PANEL_1X2;XIRECS;8691.0;4
72600;;SUBMISSION;PANEL_4X4;XIRECS;10809.0;4
73100;SUBMISSION;;MICROCHIP_RECTANGLE;XIRECS;7662.0;3
73100;;;MICROCHIP_CIRCLE;XIRECS;8486.0;3
73100;;;MICROCHIP_OVAL;XIRECS;7150.0;3
73100;;;MICROCHIP_SQUARE;XIRECS;15852.0;3
73100;;;MICROCHIP_TRIANGLE;XIRECS;9345.0;3
73600;;SUBMISSION;GALAXY_SOUNDS_DARK_MATTER;XIRECS;10796.0;2
73600;;SUBMISSION;GALAXY_SOUNDS_SOLAR_FLAMES;XIRECS;10725.0;2
73600;;SUBMISSION;PANEL_1X2;XIRECS;8687.0;2
73600;;SUBMISSION;PANEL_2X2;XIRECS;8876.0;2
73600;;SUBMISSION;PANEL_4X4;XIRECS;10828.0;2
73600;SUBMISSION;;PEBBLES_XL;XIRECS;12199.0;4
73600;;SUBMISSION;SLEEP_POD_SUEDE;XIRECS;12474.0;2
73600;;SUBMISSION;SNACKPACK_PISTACHIO;XIRECS;9339.0;2
73600;;SUBMISSION;SNACKPACK_RASPBERRY;XIRECS;10164.0;2
73600;;SUBMISSION;TRANSLATOR_ASTRO_BLACK;XIRECS;9476.0;2
73600;;SUBMISSION;TRANSLATOR_ECLIPSE_CHARCOAL;XIRECS;9817.0;2
73600;;SUBMISSION;TRANSLATOR_GRAPHITE_MIST;XIRECS;11239.0;2
73600;;SUBMISSION;UV_VISOR_AMBER;XIRECS;6921.0;2
73600;;;GALAXY_SOUNDS_BLACK_HOLES;XIRECS;11974.0;2
73600;;;GALAXY_SOUNDS_PLANETARY_RINGS;XIRECS;10895.0;2
73600;;;GALAXY_SOUNDS_SOLAR_WINDS;XIRECS;10453.0;2
73600;;;OXYGEN_SHAKE_CHOCOLATE;XIRECS;9083.0;2
73600;;;OXYGEN_SHAKE_EVENING_BREATH;XIRECS;9486.0;2
73600;;;OXYGEN_SHAKE_GARLIC;XIRECS;11708.0;2
73600;;;OXYGEN_SHAKE_MINT;XIRECS;9630.0;2
73600;;;OXYGEN_SHAKE_MORNING_BREATH;XIRECS;9620.0;2
73600;;;PANEL_1X4;XIRECS;8477.0;2
73600;;;PANEL_2X4;XIRECS;10836.0;2
73600;;;ROBOT_DISHES;XIRECS;10319.0;2
73600;;;ROBOT_IRONING;XIRECS;7863.0;2
73600;;;ROBOT_LAUNDRY;XIRECS;9103.0;2
73600;;;ROBOT_MOPPING;XIRECS;11763.0;2
73600;;;ROBOT_VACUUMING;XIRECS;8866.0;2
73600;;;SLEEP_POD_COTTON;XIRECS;12537.0;2
73600;;;SLEEP_POD_LAMB_WOOL;XIRECS;10335.0;2
73600;;;SLEEP_POD_NYLON;XIRECS;9835.0;2
73600;;;SLEEP_POD_POLYESTER;XIRECS;12869.0;2
73600;;;SNACKPACK_CHOCOLATE;XIRECS;9740.0;2
73600;;;SNACKPACK_STRAWBERRY;XIRECS;10760.0;2
73600;;;SNACKPACK_VANILLA;XIRECS;10156.0;2
73600;;;TRANSLATOR_SPACE_GRAY;XIRECS;9804.0;2
73600;;;TRANSLATOR_VOID_BLUE;XIRECS;10650.0;2
73600;;;UV_VISOR_MAGENTA;XIRECS;11077.0;2
73600;;;UV_VISOR_ORANGE;XIRECS;10630.0;2
73600;;;UV_VISOR_RED;XIRECS;11440.0;2
73600;;;UV_VISOR_YELLOW;XIRECS;12133.0;2
75300;SUBMISSION;;GALAXY_SOUNDS_DARK_MATTER;XIRECS;10774.0;1
75300;SUBMISSION;;GALAXY_SOUNDS_SOLAR_FLAMES;XIRECS;10624.0;1
75300;SUBMISSION;;PANEL_1X2;XIRECS;8657.0;1
75300;SUBMISSION;;PANEL_2X2;XIRECS;8877.0;1
75300;SUBMISSION;;PANEL_4X4;XIRECS;10778.0;1
75300;SUBMISSION;;ROBOT_LAUNDRY;XIRECS;9059.0;1
75300;SUBMISSION;;ROBOT_VACUUMING;XIRECS;8861.0;1
75300;SUBMISSION;;SLEEP_POD_SUEDE;XIRECS;12418.0;1
75300;SUBMISSION;;SNACKPACK_PISTACHIO;XIRECS;9301.0;1
75300;SUBMISSION;;SNACKPACK_RASPBERRY;XIRECS;10177.0;1
75300;SUBMISSION;;TRANSLATOR_ASTRO_BLACK;XIRECS;9416.0;1
75300;SUBMISSION;;TRANSLATOR_ECLIPSE_CHARCOAL;XIRECS;9837.0;1
75300;SUBMISSION;;TRANSLATOR_GRAPHITE_MIST;XIRECS;11226.0;1
75300;;;GALAXY_SOUNDS_BLACK_HOLES;XIRECS;11933.0;1
75300;;;GALAXY_SOUNDS_PLANETARY_RINGS;XIRECS;10925.0;1
75300;;;GALAXY_SOUNDS_SOLAR_WINDS;XIRECS;10471.0;1
75300;;;OXYGEN_SHAKE_CHOCOLATE;XIRECS;9071.0;1
75300;;;OXYGEN_SHAKE_EVENING_BREATH;XIRECS;9534.0;1
75300;;;OXYGEN_SHAKE_GARLIC;XIRECS;11855.0;1
75300;;;OXYGEN_SHAKE_MINT;XIRECS;9584.0;1
75300;;;OXYGEN_SHAKE_MORNING_BREATH;XIRECS;9632.0;1
75300;;;PANEL_1X4;XIRECS;8439.0;1
75300;;;PANEL_2X4;XIRECS;10823.0;1
75300;;;ROBOT_DISHES;XIRECS;10387.0;1
75300;;;ROBOT_IRONING;XIRECS;7847.0;1
75300;;;ROBOT_MOPPING;XIRECS;11754.0;1
75300;;;SLEEP_POD_COTTON;XIRECS;12503.0;1
75300;;;SLEEP_POD_LAMB_WOOL;XIRECS;10310.0;1
75300;;;SLEEP_POD_NYLON;XIRECS;9842.0;1
75300;;;SLEEP_POD_POLYESTER;XIRECS;12761.0;1
75300;;;SNACKPACK_CHOCOLATE;XIRECS;9758.0;1
75300;;;SNACKPACK_STRAWBERRY;XIRECS;10733.0;1
75300;;;SNACKPACK_VANILLA;XIRECS;10098.0;1
75300;;;TRANSLATOR_SPACE_GRAY;XIRECS;9707.0;1
75300;;;TRANSLATOR_VOID_BLUE;XIRECS;10663.0;1
75300;;;UV_VISOR_AMBER;XIRECS;6941.0;1
75300;;;UV_VISOR_MAGENTA;XIRECS;11167.0;1
75300;;;UV_VISOR_ORANGE;XIRECS;10605.0;1
75300;;;UV_VISOR_RED;XIRECS;11418.0;1
75300;;;UV_VISOR_YELLOW;XIRECS;12089.0;1
79300;;;MICROCHIP_CIRCLE;XIRECS;8497.0;3
79300;;;MICROCHIP_OVAL;XIRECS;7127.0;3
79300;;;MICROCHIP_RECTANGLE;XIRECS;7590.0;3
79300;;;MICROCHIP_SQUARE;XIRECS;16126.0;3
79300;;;MICROCHIP_TRIANGLE;XIRECS;9429.0;3
81000;SUBMISSION;;PEBBLES_M;XIRECS;11149.0;3
81000;SUBMISSION;;PEBBLES_XL;XIRECS;12555.0;3
81000;;;PEBBLES_L;XIRECS;10935.0;3
81000;;;PEBBLES_S;XIRECS;8627.0;3
81000;;;PEBBLES_XS;XIRECS;6713.0;3
81500;;SUBMISSION;MICROCHIP_RECTANGLE;XIRECS;7545.0;3
81500;;;MICROCHIP_CIRCLE;XIRECS;8416.0;3
81500;;;MICROCHIP_OVAL;XIRECS;7138.0;3
81500;;;MICROCHIP_SQUARE;XIRECS;16058.0;3
81500;;;MICROCHIP_TRIANGLE;XIRECS;9437.0;3
83400;SUBMISSION;;GALAXY_SOUNDS_DARK_MATTER;XIRECS;10906.0;3
83400;SUBMISSION;;GALAXY_SOUNDS_SOLAR_FLAMES;XIRECS;10733.0;3
83400;SUBMISSION;;PANEL_1X2;XIRECS;8621.0;3
83400;SUBMISSION;;PANEL_2X2;XIRECS;8808.0;3
83400;SUBMISSION;;PANEL_4X4;XIRECS;10804.0;3
83400;SUBMISSION;;ROBOT_LAUNDRY;XIRECS;8933.0;3
83400;SUBMISSION;;ROBOT_VACUUMING;XIRECS;8751.0;3
83400;SUBMISSION;;SNACKPACK_PISTACHIO;XIRECS;9343.0;3
83400;SUBMISSION;;SNACKPACK_RASPBERRY;XIRECS;10128.0;3
83400;SUBMISSION;;UV_VISOR_AMBER;XIRECS;6962.0;3
83400;;;GALAXY_SOUNDS_BLACK_HOLES;XIRECS;11895.0;3
83400;;;GALAXY_SOUNDS_PLANETARY_RINGS;XIRECS;10776.0;3
83400;;;GALAXY_SOUNDS_SOLAR_WINDS;XIRECS;10589.0;3
83400;;;OXYGEN_SHAKE_CHOCOLATE;XIRECS;9070.0;3
83400;;;OXYGEN_SHAKE_EVENING_BREATH;XIRECS;9494.0;3
83400;;;OXYGEN_SHAKE_GARLIC;XIRECS;11924.0;3
83400;;;OXYGEN_SHAKE_MINT;XIRECS;9625.0;3
83400;;;OXYGEN_SHAKE_MORNING_BREATH;XIRECS;9444.0;3
83400;;;PANEL_1X4;XIRECS;8435.0;3
83400;;;PANEL_2X4;XIRECS;10858.0;3
83400;;;ROBOT_DISHES;XIRECS;10297.0;3
83400;;;ROBOT_IRONING;XIRECS;7907.0;3
83400;;;ROBOT_MOPPING;XIRECS;11878.0;3
83400;;;SLEEP_POD_COTTON;XIRECS;12831.0;3
83400;;;SLEEP_POD_LAMB_WOOL;XIRECS;10357.0;3
83400;;;SLEEP_POD_NYLON;XIRECS;9863.0;3
83400;;;SLEEP_POD_POLYESTER;XIRECS;12845.0;3
83400;;;SLEEP_POD_SUEDE;XIRECS;12303.0;3
83400;;;SNACKPACK_CHOCOLATE;XIRECS;9819.0;3
83400;;;SNACKPACK_STRAWBERRY;XIRECS;10793.0;3
83400;;;SNACKPACK_VANILLA;XIRECS;10064.0;3
83400;;;TRANSLATOR_ASTRO_BLACK;XIRECS;9432.0;3
83400;;;TRANSLATOR_ECLIPSE_CHARCOAL;XIRECS;9823.0;3
83400;;;TRANSLATOR_GRAPHITE_MIST;XIRECS;11291.0;3
83400;;;TRANSLATOR_SPACE_GRAY;XIRECS;9670.0;3
83400;;;TRANSLATOR_VOID_BLUE;XIRECS;10612.0;3
83400;;;UV_VISOR_MAGENTA;XIRECS;11050.0;3
83400;;;UV_VISOR_ORANGE;XIRECS;10746.0;3
83400;;;UV_VISOR_RED;XIRECS;11505.0;3
83400;;;UV_VISOR_YELLOW;XIRECS;12113.0;3
84100;;SUBMISSION;ROBOT_VACUUMING;XIRECS;8732.0;4
85400;SUBMISSION;;PEBBLES_M;XIRECS;10946.0;3
85400;SUBMISSION;;PEBBLES_XL;XIRECS;12690.0;3
85400;;;PEBBLES_L;XIRECS;10982.0;3
85400;;;PEBBLES_S;XIRECS;8679.0;3
85400;;;PEBBLES_XS;XIRECS;6673.0;3
85900;;SUBMISSION;PANEL_2X2;XIRECS;8827.0;4
86000;SUBMISSION;;PANEL_2X2;XIRECS;8821.0;3
86000;SUBMISSION;;ROBOT_LAUNDRY;XIRECS;8862.0;3
86000;SUBMISSION;;ROBOT_VACUUMING;XIRECS;8749.0;3
86000;;;GALAXY_SOUNDS_BLACK_HOLES;XIRECS;11947.0;3
86000;;;GALAXY_SOUNDS_DARK_MATTER;XIRECS;10836.0;3
86000;;;GALAXY_SOUNDS_PLANETARY_RINGS;XIRECS;10714.0;3
86000;;;GALAXY_SOUNDS_SOLAR_FLAMES;XIRECS;10736.0;3
86000;;;GALAXY_SOUNDS_SOLAR_WINDS;XIRECS;10612.0;3
86000;;;OXYGEN_SHAKE_CHOCOLATE;XIRECS;9101.0;3
86000;;;OXYGEN_SHAKE_EVENING_BREATH;XIRECS;9484.0;3
86000;;;OXYGEN_SHAKE_GARLIC;XIRECS;11948.0;3
86000;;;OXYGEN_SHAKE_MINT;XIRECS;9580.0;3
86000;;;OXYGEN_SHAKE_MORNING_BREATH;XIRECS;9468.0;3
86000;;;PANEL_1X2;XIRECS;8586.0;3
86000;;;PANEL_1X4;XIRECS;8420.0;3
86000;;;PANEL_2X4;XIRECS;10964.0;3
86000;;;PANEL_4X4;XIRECS;10818.0;3
86000;;;ROBOT_DISHES;XIRECS;10341.0;3
86000;;;ROBOT_IRONING;XIRECS;7887.0;3
86000;;;ROBOT_MOPPING;XIRECS;11903.0;3
86000;;;SLEEP_POD_COTTON;XIRECS;12859.0;3
86000;;;SLEEP_POD_LAMB_WOOL;XIRECS;10370.0;3
86000;;;SLEEP_POD_NYLON;XIRECS;9916.0;3
86000;;;SLEEP_POD_POLYESTER;XIRECS;12791.0;3
86000;;;SLEEP_POD_SUEDE;XIRECS;12326.0;3
86000;;;SNACKPACK_CHOCOLATE;XIRECS;9838.0;3
86000;;;SNACKPACK_PISTACHIO;XIRECS;9301.0;3
86000;;;SNACKPACK_RASPBERRY;XIRECS;10177.0;3
86000;;;SNACKPACK_STRAWBERRY;XIRECS;10727.0;3
86000;;;SNACKPACK_VANILLA;XIRECS;10042.0;3
86000;;;TRANSLATOR_ASTRO_BLACK;XIRECS;9412.0;3
86000;;;TRANSLATOR_ECLIPSE_CHARCOAL;XIRECS;9828.0;3
86000;;;TRANSLATOR_GRAPHITE_MIST;XIRECS;11300.0;3
86000;;;TRANSLATOR_SPACE_GRAY;XIRECS;9686.0;3
86000;;;TRANSLATOR_VOID_BLUE;XIRECS;10695.0;3
86000;;;UV_VISOR_AMBER;XIRECS;6973.0;3
86000;;;UV_VISOR_MAGENTA;XIRECS;11023.0;3
86000;;;UV_VISOR_ORANGE;XIRECS;10757.0;3
86000;;;UV_VISOR_RED;XIRECS;11527.0;3
86000;;;UV_VISOR_YELLOW;XIRECS;12013.0;3
87300;;;MICROCHIP_CIRCLE;XIRECS;8429.0;1
87300;;;MICROCHIP_OVAL;XIRECS;7045.0;1
87300;;;MICROCHIP_RECTANGLE;XIRECS;7573.0;1
87300;;;MICROCHIP_SQUARE;XIRECS;15772.0;1
87300;;;MICROCHIP_TRIANGLE;XIRECS;9507.0;1
87500;;SUBMISSION;PEBBLES_M;XIRECS;11014.0;4
87500;;SUBMISSION;PEBBLES_XL;XIRECS;12712.0;4
88600;;SUBMISSION;GALAXY_SOUNDS_DARK_MATTER;XIRECS;10788.0;4
88600;;SUBMISSION;GALAXY_SOUNDS_SOLAR_FLAMES;XIRECS;10722.0;4
88600;;SUBMISSION;PANEL_1X2;XIRECS;8603.0;4
88600;;SUBMISSION;UV_VISOR_AMBER;XIRECS;6961.0;4
88900;SUBMISSION;;PEBBLES_M;XIRECS;11036.0;2
88900;SUBMISSION;;PEBBLES_XL;XIRECS;12728.0;2
88900;;;PEBBLES_L;XIRECS;10905.0;2
88900;;;PEBBLES_S;XIRECS;8613.0;2
88900;;;PEBBLES_XS;XIRECS;6689.0;2
91100;SUBMISSION;;MICROCHIP_RECTANGLE;XIRECS;7612.0;2
91100;;;MICROCHIP_CIRCLE;XIRECS;8444.0;2
91100;;;MICROCHIP_OVAL;XIRECS;7077.0;2
91100;;;MICROCHIP_SQUARE;XIRECS;15525.0;2
91100;;;MICROCHIP_TRIANGLE;XIRECS;9476.0;2
92100;;SUBMISSION;GALAXY_SOUNDS_DARK_MATTER;XIRECS;10640.0;4
92100;;SUBMISSION;GALAXY_SOUNDS_SOLAR_FLAMES;XIRECS;10826.0;4
92100;;SUBMISSION;PANEL_2X2;XIRECS;8805.0;4
92100;;SUBMISSION;PANEL_4X4;XIRECS;11030.0;4
92100;;SUBMISSION;ROBOT_LAUNDRY;XIRECS;8892.0;4
92100;;SUBMISSION;ROBOT_VACUUMING;XIRECS;8771.0;4
92100;;SUBMISSION;SLEEP_POD_SUEDE;XIRECS;12450.0;4
92100;;SUBMISSION;SNACKPACK_PISTACHIO;XIRECS;9368.0;4
92100;;SUBMISSION;SNACKPACK_RASPBERRY;XIRECS;10078.0;4
92100;;SUBMISSION;TRANSLATOR_ASTRO_BLACK;XIRECS;9489.0;4
92100;;SUBMISSION;TRANSLATOR_ECLIPSE_CHARCOAL;XIRECS;9889.0;4
92100;;SUBMISSION;TRANSLATOR_GRAPHITE_MIST;XIRECS;11369.0;4
92100;;SUBMISSION;UV_VISOR_AMBER;XIRECS;6946.0;4
92100;;;GALAXY_SOUNDS_BLACK_HOLES;XIRECS;11970.0;4
92100;;;GALAXY_SOUNDS_PLANETARY_RINGS;XIRECS;10740.0;4
92100;;;GALAXY_SOUNDS_SOLAR_WINDS;XIRECS;10787.0;4
92100;;;OXYGEN_SHAKE_CHOCOLATE;XIRECS;9119.0;4
92100;;;OXYGEN_SHAKE_EVENING_BREATH;XIRECS;9426.0;4
92100;;;OXYGEN_SHAKE_GARLIC;XIRECS;12048.0;4
92100;;;OXYGEN_SHAKE_MINT;XIRECS;9498.0;4
92100;;;OXYGEN_SHAKE_MORNING_BREATH;XIRECS;9496.0;4
92100;;;PANEL_1X2;XIRECS;8588.0;4
92100;;;PANEL_1X4;XIRECS;8314.0;4
92100;;;PANEL_2X4;XIRECS;11008.0;4
92100;;;ROBOT_DISHES;XIRECS;10220.0;4
92100;;;ROBOT_IRONING;XIRECS;7883.0;4
92100;;;ROBOT_MOPPING;XIRECS;11939.0;4
92100;;;SLEEP_POD_COTTON;XIRECS;12711.0;4
92100;;;SLEEP_POD_LAMB_WOOL;XIRECS;10392.0;4
92100;;;SLEEP_POD_NYLON;XIRECS;9873.0;4
92100;;;SLEEP_POD_POLYESTER;XIRECS;12808.0;4
92100;;;SNACKPACK_CHOCOLATE;XIRECS;9886.0;4
92100;;;SNACKPACK_STRAWBERRY;XIRECS;10839.0;4
92100;;;SNACKPACK_VANILLA;XIRECS;10026.0;4
92100;;;TRANSLATOR_SPACE_GRAY;XIRECS;9567.0;4
92100;;;TRANSLATOR_VOID_BLUE;XIRECS;10678.0;4
92100;;;UV_VISOR_MAGENTA;XIRECS;10931.0;4
92100;;;UV_VISOR_ORANGE;XIRECS;10793.0;4
92100;;;UV_VISOR_RED;XIRECS;11585.0;4
92100;;;UV_VISOR_YELLOW;XIRECS;12035.0;4
92400;SUBMISSION;;GALAXY_SOUNDS_DARK_MATTER;XIRECS;10624.0;3
92400;SUBMISSION;;GALAXY_SOUNDS_SOLAR_FLAMES;XIRECS;10821.0;3
92400;SUBMISSION;;PANEL_1X2;XIRECS;8588.0;3
92400;SUBMISSION;;PANEL_2X2;XIRECS;8789.0;3
92400;SUBMISSION;;PANEL_4X4;XIRECS;11033.0;3
92400;SUBMISSION;;ROBOT_VACUUMING;XIRECS;8791.0;3
92400;SUBMISSION;;SLEEP_POD_SUEDE;XIRECS;12460.0;3
92400;SUBMISSION;;SNACKPACK_PISTACHIO;XIRECS;9367.0;3
92400;SUBMISSION;;SNACKPACK_RASPBERRY;XIRECS;10060.0;3
92400;SUBMISSION;;TRANSLATOR_ASTRO_BLACK;XIRECS;9480.0;3
92400;SUBMISSION;;TRANSLATOR_ECLIPSE_CHARCOAL;XIRECS;9904.0;3
92400;SUBMISSION;;TRANSLATOR_GRAPHITE_MIST;XIRECS;11344.0;3
92400;SUBMISSION;;UV_VISOR_AMBER;XIRECS;6949.0;3
92400;;;GALAXY_SOUNDS_BLACK_HOLES;XIRECS;11953.0;3
92400;;;GALAXY_SOUNDS_PLANETARY_RINGS;XIRECS;10717.0;3
92400;;;GALAXY_SOUNDS_SOLAR_WINDS;XIRECS;10790.0;3
92400;;;OXYGEN_SHAKE_CHOCOLATE;XIRECS;9115.0;3
92400;;;OXYGEN_SHAKE_EVENING_BREATH;XIRECS;9394.0;3
92400;;;OXYGEN_SHAKE_GARLIC;XIRECS;12004.0;3
92400;;;OXYGEN_SHAKE_MINT;XIRECS;9473.0;3
92400;;;OXYGEN_SHAKE_MORNING_BREATH;XIRECS;9479.0;3
92400;;;PANEL_1X4;XIRECS;8300.0;3
92400;;;PANEL_2X4;XIRECS;10999.0;3
92400;;;ROBOT_DISHES;XIRECS;10240.0;3
92400;;;ROBOT_IRONING;XIRECS;7857.0;3
92400;;;ROBOT_LAUNDRY;XIRECS;8868.0;3
92400;;;ROBOT_MOPPING;XIRECS;11909.0;3
92400;;;SLEEP_POD_COTTON;XIRECS;12718.0;3
92400;;;SLEEP_POD_LAMB_WOOL;XIRECS;10400.0;3
92400;;;SLEEP_POD_NYLON;XIRECS;9868.0;3
92400;;;SLEEP_POD_POLYESTER;XIRECS;12826.0;3
92400;;;SNACKPACK_CHOCOLATE;XIRECS;9880.0;3
92400;;;SNACKPACK_STRAWBERRY;XIRECS;10831.0;3
92400;;;SNACKPACK_VANILLA;XIRECS;9999.0;3
92400;;;TRANSLATOR_SPACE_GRAY;XIRECS;9561.0;3
92400;;;TRANSLATOR_VOID_BLUE;XIRECS;10666.0;3
92400;;;UV_VISOR_MAGENTA;XIRECS;10937.0;3
92400;;;UV_VISOR_ORANGE;XIRECS;10800.0;3
92400;;;UV_VISOR_RED;XIRECS;11548.0;3
92400;;;UV_VISOR_YELLOW;XIRECS;12029.0;3
92600;;SUBMISSION;PEBBLES_M;XIRECS;10756.0;4
92600;;SUBMISSION;PEBBLES_XL;XIRECS;12926.0;4
92600;;;PEBBLES_L;XIRECS;11085.0;5
92600;;;PEBBLES_S;XIRECS;8531.0;5
92600;;;PEBBLES_XS;XIRECS;6721.0;5
93100;SUBMISSION;;GALAXY_SOUNDS_DARK_MATTER;XIRECS;10613.0;2
93100;SUBMISSION;;GALAXY_SOUNDS_SOLAR_FLAMES;XIRECS;10868.0;2
93100;SUBMISSION;;PANEL_1X2;XIRECS;8540.0;2
93100;SUBMISSION;;SLEEP_POD_SUEDE;XIRECS;12433.0;2
93100;SUBMISSION;;TRANSLATOR_ASTRO_BLACK;XIRECS;9483.0;2
93100;SUBMISSION;;TRANSLATOR_ECLIPSE_CHARCOAL;XIRECS;9913.0;2
93100;SUBMISSION;;TRANSLATOR_GRAPHITE_MIST;XIRECS;11357.0;2
93100;SUBMISSION;;UV_VISOR_AMBER;XIRECS;6913.0;2
93100;;;GALAXY_SOUNDS_BLACK_HOLES;XIRECS;11968.0;2
93100;;;GALAXY_SOUNDS_PLANETARY_RINGS;XIRECS;10674.0;2
93100;;;GALAXY_SOUNDS_SOLAR_WINDS;XIRECS;10816.0;2
93100;;;OXYGEN_SHAKE_CHOCOLATE;XIRECS;9117.0;2
93100;;;OXYGEN_SHAKE_EVENING_BREATH;XIRECS;9384.0;2
93100;;;OXYGEN_SHAKE_GARLIC;XIRECS;12082.0;2
93100;;;OXYGEN_SHAKE_MINT;XIRECS;9430.0;2
93100;;;OXYGEN_SHAKE_MORNING_BREATH;XIRECS;9448.0;2
93100;;;PANEL_1X4;XIRECS;8293.0;2
93100;;;PANEL_2X2;XIRECS;8753.0;2
93100;;;PANEL_2X4;XIRECS;11003.0;2
93100;;;PANEL_4X4;XIRECS;11008.0;2
93100;;;ROBOT_DISHES;XIRECS;10256.0;2
93100;;;ROBOT_IRONING;XIRECS;7887.0;2
93100;;;ROBOT_LAUNDRY;XIRECS;8868.0;2
93100;;;ROBOT_MOPPING;XIRECS;11898.0;2
93100;;;ROBOT_VACUUMING;XIRECS;8773.0;2
93100;;;SLEEP_POD_COTTON;XIRECS;12731.0;2
93100;;;SLEEP_POD_LAMB_WOOL;XIRECS;10367.0;2
93100;;;SLEEP_POD_NYLON;XIRECS;9867.0;2
93100;;;SLEEP_POD_POLYESTER;XIRECS;12859.0;2
93100;;;SNACKPACK_CHOCOLATE;XIRECS;9884.0;2
93100;;;SNACKPACK_PISTACHIO;XIRECS;9374.0;2
93100;;;SNACKPACK_RASPBERRY;XIRECS;10044.0;2
93100;;;SNACKPACK_STRAWBERRY;XIRECS;10843.0;2
93100;;;SNACKPACK_VANILLA;XIRECS;9998.0;2
93100;;;TRANSLATOR_SPACE_GRAY;XIRECS;9563.0;2
93100;;;TRANSLATOR_VOID_BLUE;XIRECS;10703.0;2
93100;;;UV_VISOR_MAGENTA;XIRECS;10986.0;2
93100;;;UV_VISOR_ORANGE;XIRECS;10785.0;2
93100;;;UV_VISOR_RED;XIRECS;11536.0;2
93100;;;UV_VISOR_YELLOW;XIRECS;11991.0;2
94300;;;MICROCHIP_CIRCLE;XIRECS;8385.0;3
94300;;;MICROCHIP_OVAL;XIRECS;7128.0;3
94300;;;MICROCHIP_RECTANGLE;XIRECS;7604.0;3
94300;;;MICROCHIP_SQUARE;XIRECS;15371.0;3
94300;;;MICROCHIP_TRIANGLE;XIRECS;9503.0;3
94600;SUBMISSION;;GALAXY_SOUNDS_DARK_MATTER;XIRECS;10554.0;4
94600;SUBMISSION;;GALAXY_SOUNDS_SOLAR_FLAMES;XIRECS;10842.0;4
94600;SUBMISSION;;PANEL_4X4;XIRECS;10994.0;4
94600;SUBMISSION;;ROBOT_LAUNDRY;XIRECS;8851.0;4
94600;SUBMISSION;;ROBOT_VACUUMING;XIRECS;8795.0;4
94600;;;GALAXY_SOUNDS_BLACK_HOLES;XIRECS;11948.0;4
94600;;;GALAXY_SOUNDS_PLANETARY_RINGS;XIRECS;10699.0;4
94600;;;GALAXY_SOUNDS_SOLAR_WINDS;XIRECS;10807.0;4
94600;;;OXYGEN_SHAKE_CHOCOLATE;XIRECS;9158.0;4
94600;;;OXYGEN_SHAKE_EVENING_BREATH;XIRECS;9324.0;4
94600;;;OXYGEN_SHAKE_GARLIC;XIRECS;12136.0;4
94600;;;OXYGEN_SHAKE_MINT;XIRECS;9441.0;4
94600;;;OXYGEN_SHAKE_MORNING_BREATH;XIRECS;9409.0;4
94600;;;PANEL_1X2;XIRECS;8505.0;4
94600;;;PANEL_1X4;XIRECS;8311.0;4
94600;;;PANEL_2X2;XIRECS;8759.0;4
94600;;;PANEL_2X4;XIRECS;11011.0;4
94600;;;ROBOT_DISHES;XIRECS;10308.0;4
94600;;;ROBOT_IRONING;XIRECS;7847.0;4
94600;;;ROBOT_MOPPING;XIRECS;11868.0;4
94600;;;SLEEP_POD_COTTON;XIRECS;12727.0;4
94600;;;SLEEP_POD_LAMB_WOOL;XIRECS;10371.0;4
94600;;;SLEEP_POD_NYLON;XIRECS;9840.0;4
94600;;;SLEEP_POD_POLYESTER;XIRECS;12867.0;4
94600;;;SLEEP_POD_SUEDE;XIRECS;12445.0;4
94600;;;SNACKPACK_CHOCOLATE;XIRECS;9866.0;4
94600;;;SNACKPACK_PISTACHIO;XIRECS;9366.0;4
94600;;;SNACKPACK_RASPBERRY;XIRECS;10059.0;4
94600;;;SNACKPACK_STRAWBERRY;XIRECS;10831.0;4
94600;;;SNACKPACK_VANILLA;XIRECS;10015.0;4
94600;;;TRANSLATOR_ASTRO_BLACK;XIRECS;9486.0;4
94600;;;TRANSLATOR_ECLIPSE_CHARCOAL;XIRECS;9930.0;4
94600;;;TRANSLATOR_GRAPHITE_MIST;XIRECS;11397.0;4
94600;;;TRANSLATOR_SPACE_GRAY;XIRECS;9560.0;4
94600;;;TRANSLATOR_VOID_BLUE;XIRECS;10794.0;4
94600;;;UV_VISOR_AMBER;XIRECS;6922.0;4
94600;;;UV_VISOR_MAGENTA;XIRECS;11059.0;4
94600;;;UV_VISOR_ORANGE;XIRECS;10794.0;4
94600;;;UV_VISOR_RED;XIRECS;11535.0;4
94600;;;UV_VISOR_YELLOW;XIRECS;12092.0;4
94700;;SUBMISSION;PANEL_4X4;XIRECS;11016.0;4
94700;;SUBMISSION;ROBOT_VACUUMING;XIRECS;8786.0;4
95300;SUBMISSION;;PEBBLES_M;XIRECS;10806.0;2
95300;SUBMISSION;;PEBBLES_XL;XIRECS;12975.0;2
95300;;;PEBBLES_L;XIRECS;11001.0;2
95300;;;PEBBLES_S;XIRECS;8475.0;2
95300;;;PEBBLES_XS;XIRECS;6721.0;2
96100;;;MICROCHIP_CIRCLE;XIRECS;8360.0;2
96100;;;MICROCHIP_OVAL;XIRECS;7045.0;2
96100;;;MICROCHIP_RECTANGLE;XIRECS;7574.0;2
96100;;;MICROCHIP_SQUARE;XIRECS;15360.0;2
96100;;;MICROCHIP_TRIANGLE;XIRECS;9499.0;2
97400;;SUBMISSION;MICROCHIP_RECTANGLE;XIRECS;7612.0;1
97400;;;MICROCHIP_CIRCLE;XIRECS;8357.0;1
97400;;;MICROCHIP_OVAL;XIRECS;7041.0;1
97400;;;MICROCHIP_SQUARE;XIRECS;15465.0;1
97400;;;MICROCHIP_TRIANGLE;XIRECS;9452.0;1
99400;;SUBMISSION;GALAXY_SOUNDS_DARK_MATTER;XIRECS;10469.0;3
99400;;SUBMISSION;GALAXY_SOUNDS_SOLAR_FLAMES;XIRECS;10776.0;3
99400;;SUBMISSION;PANEL_1X2;XIRECS;8481.0;3
99400;;SUBMISSION;PANEL_2X2;XIRECS;8812.0;3
99400;;SUBMISSION;PANEL_4X4;XIRECS;11072.0;3
99400;;SUBMISSION;ROBOT_LAUNDRY;XIRECS;8921.0;3
99400;;SUBMISSION;ROBOT_VACUUMING;XIRECS;8802.0;3
99400;;SUBMISSION;SLEEP_POD_SUEDE;XIRECS;12295.0;3
99400;;SUBMISSION;SNACKPACK_PISTACHIO;XIRECS;9344.0;3
99400;;SUBMISSION;SNACKPACK_RASPBERRY;XIRECS;10134.0;3
99400;;SUBMISSION;TRANSLATOR_ASTRO_BLACK;XIRECS;9509.0;3
99400;;SUBMISSION;TRANSLATOR_ECLIPSE_CHARCOAL;XIRECS;9991.0;3
99400;;SUBMISSION;TRANSLATOR_GRAPHITE_MIST;XIRECS;11519.0;3
99400;;SUBMISSION;UV_VISOR_AMBER;XIRECS;6948.0;3
99400;;;GALAXY_SOUNDS_BLACK_HOLES;XIRECS;12049.0;3
99400;;;GALAXY_SOUNDS_PLANETARY_RINGS;XIRECS;10655.0;3
99400;;;GALAXY_SOUNDS_SOLAR_WINDS;XIRECS;10777.0;3
99400;;;OXYGEN_SHAKE_CHOCOLATE;XIRECS;9286.0;3
99400;;;OXYGEN_SHAKE_EVENING_BREATH;XIRECS;9346.0;3
99400;;;OXYGEN_SHAKE_GARLIC;XIRECS;12148.0;3
99400;;;OXYGEN_SHAKE_MINT;XIRECS;9438.0;3
99400;;;OXYGEN_SHAKE_MORNING_BREATH;XIRECS;9329.0;3
99400;;;PANEL_1X4;XIRECS;8361.0;3
99400;;;PANEL_2X4;XIRECS;11108.0;3
99400;;;ROBOT_DISHES;XIRECS;10176.0;3
99400;;;ROBOT_IRONING;XIRECS;8003.0;3
99400;;;ROBOT_MOPPING;XIRECS;11831.0;3
99400;;;SLEEP_POD_COTTON;XIRECS;12888.0;3
99400;;;SLEEP_POD_LAMB_WOOL;XIRECS;10202.0;3
99400;;;SLEEP_POD_NYLON;XIRECS;9890.0;3
99400;;;SLEEP_POD_POLYESTER;XIRECS;12977.0;3
99400;;;SNACKPACK_CHOCOLATE;XIRECS;9943.0;3
99400;;;SNACKPACK_STRAWBERRY;XIRECS;10784.0;3
99400;;;SNACKPACK_VANILLA;XIRECS;9972.0;3
99400;;;TRANSLATOR_SPACE_GRAY;XIRECS;9464.0;3
99400;;;TRANSLATOR_VOID_BLUE;XIRECS;10869.0;3
99400;;;UV_VISOR_MAGENTA;XIRECS;11211.0;3
99400;;;UV_VISOR_ORANGE;XIRECS;10730.0;3
99400;;;UV_VISOR_RED;XIRECS;11611.0;3
99400;;;UV_VISOR_YELLOW;XIRECS;12017.0;3
