timestamp,buyer,seller,symbol,currency,price,quantity
0,SUBMISSION,,VEV_4000,XIREC,1260.0,7
0,SUBMISSION,,VEV_5000,XIREC,260.0,6
0,SUBMISSION,,VEV_5000,XIREC,261.0,13
0,SUBMISSION,,VEV_5100,XIREC,174.0,19
0,SUBMISSION,,VEV_5200,XIREC,103.0,6
0,SUBMISSION,,VEV_5200,XIREC,104.0,13
0,SUBMISSION,,VEV_5300,XIREC,54.0,25
0,SUBMISSION,,VEV_5400,XIREC,24.0,25
0,SUBMISSION,,VEV_5500,XIREC,9.0,25
100,SUBMISSION,,VEV_4000,XIREC,1261.0,11
100,SUBMISSION,,VEV_5000,XIREC,261.0,9
100,SUBMISSION,,VEV_5000,XIREC,262.0,13
100,SUBMISSION,,VEV_5100,XIREC,174.0,9
100,SUBMISSION,,VEV_5100,XIREC,175.0,13
100,SUBMISSION,,VEV_5200,XIREC,104.0,22
100,SUBMISSION,,VEV_5300,XIREC,54.0,17
100,SUBMISSION,,VEV_5400,XIREC,24.0,17
100,SUBMISSION,,VEV_5500,XIREC,9.0,17
200,SUBMISSION,,VEV_5000,XIREC,260.0,10
200,SUBMISSION,,VEV_5000,XIREC,261.0,12
200,SUBMISSION,,VEV_5100,XIREC,174.0,22
200,SUBMISSION,,VEV_5200,XIREC,104.0,22
200,SUBMISSION,,VEV_5300,XIREC,54.0,24
200,SUBMISSION,,VEV_5400,XIREC,24.0,24
200,SUBMISSION,,VEV_5500,XIREC,9.0,24
300,SUBMISSION,,VEV_5000,XIREC,261.0,29
300,SUBMISSION,,VEV_5100,XIREC,174.0,11
300,SUBMISSION,,VEV_5100,XIREC,175.0,18
300,SUBMISSION,,VEV_5200,XIREC,104.0,29
300,SUBMISSION,,VEV_5300,XIREC,54.0,20
300,SUBMISSION,,VEV_5400,XIREC,24.0,20
300,SUBMISSION,,VEV_5500,XIREC,9.0,20
400,SUBMISSION,,VEV_5000,XIREC,260.0,8
400,SUBMISSION,,VEV_5100,XIREC,174.0,8
400,SUBMISSION,,VEV_5200,XIREC,104.0,8
400,SUBMISSION,,VEV_5300,XIREC,54.0,14
400,SUBMISSION,,VEV_5400,XIREC,24.0,14
400,SUBMISSION,,VEV_5500,XIREC,9.0,14
500,SUBMISSION,,VEV_4000,XIREC,1260.0,7
1000,,SUBMISSION,VELVETFRUIT_EXTRACT,XIREC,5246.0,3
1000,SUBMISSION,,VEV_4000,XIREC,1257.0,8
1100,SUBMISSION,,VEV_4000,XIREC,1259.0,7
1300,SUBMISSION,,VEV_4000,XIREC,1258.0,12
1600,SUBMISSION,,VEV_4000,XIREC,1257.0,8
1700,SUBMISSION,,VEV_4000,XIREC,1256.0,12
1900,SUBMISSION,,VEV_4000,XIREC,1257.0,12
2100,SUBMISSION,,VEV_4000,XIREC,1257.0,13
2200,SUBMISSION,,VEV_4000,XIREC,1257.0,3
2500,SUBMISSION,,HYDROGEL_PACK,XIREC,10001.0,10
2500,,SUBMISSION,VELVETFRUIT_EXTRACT,XIREC,5249.0,4
2900,SUBMISSION,,HYDROGEL_PACK,XIREC,10001.0,12
2900,SUBMISSION,,VEV_4500,XIREC,746.0,3
2900,,,VEV_5400,XIREC,22.0,3
2900,,,VEV_5500,XIREC,8.0,3
2900,,,VEV_6000,XIREC,0.0,3
2900,,,VEV_6500,XIREC,0.0,3
3800,SUBMISSION,,VELVETFRUIT_EXTRACT,XIREC,5243.0,11
5200,SUBMISSION,,VELVETFRUIT_EXTRACT,XIREC,5237.0,3
5500,,SUBMISSION,VELVETFRUIT_EXTRACT,XIREC,5240.0,8
5600,SUBMISSION,,HYDROGEL_PACK,XIREC,9999.0,10
5600,SUBMISSION,,HYDROGEL_PACK,XIREC,10001.0,13
5700,SUBMISSION,,HYDROGEL_PACK,XIREC,9998.0,5
5700,SUBMISSION,,HYDROGEL_PACK,XIREC,9998.0,6
5800,,SUBMISSION,VELVETFRUIT_EXTRACT,XIREC,5238.0,4
6600,,SUBMISSION,HYDROGEL_PACK,XIREC,10000.0,9
6900,,SUBMISSION,HYDROGEL_PACK,XIREC,9999.0,12
7000,,SUBMISSION,HYDROGEL_PACK,XIREC,10002.0,11
7000,,SUBMISSION,HYDROGEL_PACK,XIREC,10000.0,27
7200,,SUBMISSION,HYDROGEL_PACK,XIREC,10000.0,13
7300,,SUBMISSION,HYDROGEL_PACK,XIREC,10002.0,15
7300,,SUBMISSION,HYDROGEL_PACK,XIREC,9999.0,19
7400,,SUBMISSION,HYDROGEL_PACK,XIREC,10002.0,14
7500,,SUBMISSION,HYDROGEL_PACK,XIREC,10002.0,15
7600,,SUBMISSION,HYDROGEL_PACK,XIREC,10005.0,12
7600,,SUBMISSION,HYDROGEL_PACK,XIREC,10002.0,9
8000,,,HYDROGEL_PACK,XIREC,10018.0,6
9000,,,VEV_4000,XIREC,1222.0,2
9300,SUBMISSION,,VELVETFRUIT_EXTRACT,XIREC,5231.0,7
9300,SUBMISSION,,VELVETFRUIT_EXTRACT,XIREC,5231.0,6
10100,,,HYDROGEL_PACK,XIREC,10014.0,5
11100,,,VEV_4000,XIREC,1246.0,1
11900,,SUBMISSION,VELVETFRUIT_EXTRACT,XIREC,5236.0,4
12500,,SUBMISSION,VELVETFRUIT_EXTRACT,XIREC,5237.0,8
12600,,SUBMISSION,VELVETFRUIT_EXTRACT,XIREC,5238.0,2
13500,SUBMISSION,,VELVETFRUIT_EXTRACT,XIREC,5242.0,9
13700,,SUBMISSION,VELVETFRUIT_EXTRACT,XIREC,5241.0,9
13700,,SUBMISSION,VELVETFRUIT_EXTRACT,XIREC,5241.0,2
14000,,SUBMISSION,VELVETFRUIT_EXTRACT,XIREC,5242.0,7
15200,SUBMISSION,,VEV_4500,XIREC,743.0,5
15200,,,VEV_5400,XIREC,21.0,5
15200,,,VEV_5500,XIREC,7.0,5
15200,,,VEV_6000,XIREC,0.0,5
15200,,,VEV_6500,XIREC,0.0,5
15300,,,HYDROGEL_PACK,XIREC,10026.0,3
15400,,,VEV_4000,XIREC,1232.0,3
15700,,,HYDROGEL_PACK,XIREC,10009.0,2
16400,,,HYDROGEL_PACK,XIREC,10009.0,4
17000,SUBMISSION,,VELVETFRUIT_EXTRACT,XIREC,5239.0,6
17000,SUBMISSION,,VELVETFRUIT_EXTRACT,XIREC,5239.0,6
18500,,SUBMISSION,VELVETFRUIT_EXTRACT,XIREC,5237.0,1
18600,,,VEV_4000,XIREC,1247.0,3
18700,,SUBMISSION,VELVETFRUIT_EXTRACT,XIREC,5236.0,2
19900,SUBMISSION,,VELVETFRUIT_EXTRACT,XIREC,5237.0,7
20300,,,HYDROGEL_PACK,XIREC,10002.0,5
20400,,SUBMISSION,VELVETFRUIT_EXTRACT,XIREC,5236.0,7
20500,,,HYDROGEL_PACK,XIREC,10000.0,3
20700,,SUBMISSION,VELVETFRUIT_EXTRACT,XIREC,5237.0,5
21200,SUBMISSION,,VELVETFRUIT_EXTRACT,XIREC,5234.0,5
21700,SUBMISSION,,VELVETFRUIT_EXTRACT,XIREC,5234.0,9
22500,SUBMISSION,,VELVETFRUIT_EXTRACT,XIREC,5235.0,4
22600,SUBMISSION,,VELVETFRUIT_EXTRACT,XIREC,5235.0,6
23100,SUBMISSION,,HYDROGEL_PACK,XIREC,10000.0,12
23200,SUBMISSION,,HYDROGEL_PACK,XIREC,9998.0,12
23200,SUBMISSION,,HYDROGEL_PACK,XIREC,10000.0,26
23200,,SUBMISSION,VELVETFRUIT_EXTRACT,XIREC,5234.0,8
23200,SUBMISSION,,VELVETFRUIT_EXTRACT,XIREC,5234.0,4
23300,SUBMISSION,,HYDROGEL_PACK,XIREC,9997.0,11
23300,SUBMISSION,,HYDROGEL_PACK,XIREC,9999.0,22
23300,SUBMISSION,,HYDROGEL_PACK,XIREC,9997.0,2
23400,SUBMISSION,,HYDROGEL_PACK,XIREC,10001.0,15
23700,SUBMISSION,,HYDROGEL_PACK,XIREC,10001.0,11
24100,SUBMISSION,,HYDROGEL_PACK,XIREC,9995.0,5
24400,,,VEV_4000,XIREC,1225.0,1
26100,SUBMISSION,,VELVETFRUIT_EXTRACT,XIREC,5227.0,5
26100,,,VELVETFRUIT_EXTRACT,XIREC,5227.0,5
26400,SUBMISSION,,VEV_4500,XIREC,735.0,10
27300,SUBMISSION,,HYDROGEL_PACK,XIREC,10001.0,14
27300,SUBMISSION,,VELVETFRUIT_EXTRACT,XIREC,5231.0,3
27600,SUBMISSION,,HYDROGEL_PACK,XIREC,10001.0,5
28100,SUBMISSION,,HYDROGEL_PACK,XIREC,10000.0,5
28200,SUBMISSION,,HYDROGEL_PACK,XIREC,9998.0,10
28200,SUBMISSION,,HYDROGEL_PACK,XIREC,9998.0,1
28300,SUBMISSION,,HYDROGEL_PACK,XIREC,9997.0,4
28300,SUBMISSION,,HYDROGEL_PACK,XIREC,9997.0,7
28400,SUBMISSION,,HYDROGEL_PACK,XIREC,9995.0,3
28400,SUBMISSION,,HYDROGEL_PACK,XIREC,9995.0,11
28400,SUBMISSION,,HYDROGEL_PACK,XIREC,9997.0,21
28400,SUBMISSION,,VELVETFRUIT_EXTRACT,XIREC,5231.0,8
28500,SUBMISSION,,HYDROGEL_PACK,XIREC,9994.0,3
28500,,,HYDROGEL_PACK,XIREC,9994.0,5
28700,,SUBMISSION,VELVETFRUIT_EXTRACT,XIREC,5234.0,5
28900,,SUBMISSION,VELVETFRUIT_EXTRACT,XIREC,5232.0,6
29100,,,HYDROGEL_PACK,XIREC,9973.0,6
29800,,SUBMISSION,VELVETFRUIT_EXTRACT,XIREC,5231.0,4
29900,SUBMISSION,,VELVETFRUIT_EXTRACT,XIREC,5230.0,10
31300,SUBMISSION,,VEV_4500,XIREC,736.0,9
31700,SUBMISSION,,VEV_4500,XIREC,730.0,5
31700,,,VEV_5400,XIREC,18.0,5
31700,,,VEV_5500,XIREC,6.0,5
31700,,,VEV_6000,XIREC,0.0,5
31700,,,VEV_6500,XIREC,0.0,5
32700,SUBMISSION,,VEV_4500,XIREC,736.0,6
33100,,SUBMISSION,VELVETFRUIT_EXTRACT,XIREC,5230.0,5
33300,,SUBMISSION,VELVETFRUIT_EXTRACT,XIREC,5232.0,6
34900,SUBMISSION,,VELVETFRUIT_EXTRACT,XIREC,5231.0,8
35300,,SUBMISSION,VELVETFRUIT_EXTRACT,XIREC,5230.0,7
36500,SUBMISSION,,VELVETFRUIT_EXTRACT,XIREC,5230.0,7
36800,SUBMISSION,,VELVETFRUIT_EXTRACT,XIREC,5229.0,7
37300,SUBMISSION,,VELVETFRUIT_EXTRACT,XIREC,5232.0,5
38200,SUBMISSION,,VELVETFRUIT_EXTRACT,XIREC,5233.0,5
38400,,SUBMISSION,VELVETFRUIT_EXTRACT,XIREC,5234.0,3
38500,,SUBMISSION,VELVETFRUIT_EXTRACT,XIREC,5231.0,8
38700,,SUBMISSION,VELVETFRUIT_EXTRACT,XIREC,5235.0,6
39100,SUBMISSION,,VELVETFRUIT_EXTRACT,XIREC,5231.0,6
39400,SUBMISSION,,VELVETFRUIT_EXTRACT,XIREC,5231.0,9
39900,SUBMISSION,,VELVETFRUIT_EXTRACT,XIREC,5231.0,8
40500,,SUBMISSION,VELVETFRUIT_EXTRACT,XIREC,5232.0,8
40500,,SUBMISSION,VELVETFRUIT_EXTRACT,XIREC,5232.0,7
40900,SUBMISSION,,VEV_4500,XIREC,737.0,7
41300,,SUBMISSION,VELVETFRUIT_EXTRACT,XIREC,5231.0,14
41500,,,VEV_4000,XIREC,1242.0,1
41800,,SUBMISSION,VELVETFRUIT_EXTRACT,XIREC,5229.0,15
45100,SUBMISSION,,VEV_4500,XIREC,734.0,2
45100,,,VEV_5400,XIREC,19.0,2
45100,,,VEV_5500,XIREC,7.0,2
45100,,,VEV_6000,XIREC,0.0,2
45100,,,VEV_6500,XIREC,0.0,2
45800,,,HYDROGEL_PACK,XIREC,9978.0,2
46600,SUBMISSION,,VELVETFRUIT_EXTRACT,XIREC,5239.0,9
47900,SUBMISSION,,VELVETFRUIT_EXTRACT,XIREC,5235.0,4
52400,SUBMISSION,,VELVETFRUIT_EXTRACT,XIREC,5239.0,15
52700,SUBMISSION,,VELVETFRUIT_EXTRACT,XIREC,5239.0,10
54300,SUBMISSION,,VELVETFRUIT_EXTRACT,XIREC,5240.0,4
54600,,,HYDROGEL_PACK,XIREC,9987.0,3
54900,,SUBMISSION,VELVETFRUIT_EXTRACT,XIREC,5239.0,4
55000,,,HYDROGEL_PACK,XIREC,9987.0,6
56700,,SUBMISSION,VELVETFRUIT_EXTRACT,XIREC,5243.0,5
56700,,,HYDROGEL_PACK,XIREC,9991.0,6
57500,,SUBMISSION,VELVETFRUIT_EXTRACT,XIREC,5245.0,4
57800,,SUBMISSION,VELVETFRUIT_EXTRACT,XIREC,5243.0,11
57900,,,VEV_4000,XIREC,1232.0,1
58000,,SUBMISSION,VELVETFRUIT_EXTRACT,XIREC,5243.0,8
58900,,SUBMISSION,VELVETFRUIT_EXTRACT,XIREC,5242.0,11
59000,,SUBMISSION,VELVETFRUIT_EXTRACT,XIREC,5243.0,2
60000,,,HYDROGEL_PACK,XIREC,9988.0,4
60500,,SUBMISSION,VELVETFRUIT_EXTRACT,XIREC,5246.0,9
61900,,SUBMISSION,VELVETFRUIT_EXTRACT,XIREC,5241.0,5
62400,,,VEV_4000,XIREC,1229.0,2
63900,,,HYDROGEL_PACK,XIREC,9986.0,5
64700,SUBMISSION,,VELVETFRUIT_EXTRACT,XIREC,5233.0,5
65600,,SUBMISSION,VELVETFRUIT_EXTRACT,XIREC,5237.0,8
67600,,,HYDROGEL_PACK,XIREC,9993.0,5
67900,SUBMISSION,,VELVETFRUIT_EXTRACT,XIREC,5236.0,10
68000,SUBMISSION,,VELVETFRUIT_EXTRACT,XIREC,5235.0,8
68400,SUBMISSION,,VEV_4500,XIREC,732.0,5
68400,,,VEV_6000,XIREC,0.0,5
68400,,,VEV_6500,XIREC,0.0,5
69200,SUBMISSION,,VELVETFRUIT_EXTRACT,XIREC,5239.0,8
69500,SUBMISSION,,VEV_4500,XIREC,741.0,5
69500,,,VEV_5300,XIREC,48.0,5
69500,,,VEV_5400,XIREC,20.0,5
69500,,,VEV_5500,XIREC,7.0,5
69500,,,VEV_6000,XIREC,0.0,5
69500,,,VEV_6500,XIREC,0.0,5
70900,,SUBMISSION,VELVETFRUIT_EXTRACT,XIREC,5239.0,8
71800,SUBMISSION,,VELVETFRUIT_EXTRACT,XIREC,5242.0,9
73000,,,HYDROGEL_PACK,XIREC,9980.0,3
75300,,SUBMISSION,VEV_4000,XIREC,1253.0,3
75500,,SUBMISSION,VELVETFRUIT_EXTRACT,XIREC,5242.0,6
75500,SUBMISSION,,VEV_4000,XIREC,1251.0,3
75800,SUBMISSION,,VELVETFRUIT_EXTRACT,XIREC,5241.0,3
76300,,SUBMISSION,VELVETFRUIT_EXTRACT,XIREC,5246.0,8
77300,SUBMISSION,,VELVETFRUIT_EXTRACT,XIREC,5244.0,9
77800,,,HYDROGEL_PACK,XIREC,9990.0,2
78100,,SUBMISSION,VELVETFRUIT_EXTRACT,XIREC,5245.0,6
79000,,,VEV_4000,XIREC,1235.0,2
79800,SUBMISSION,,VELVETFRUIT_EXTRACT,XIREC,5248.0,6
79800,,SUBMISSION,VEV_4000,XIREC,1260.0,1
79900,,SUBMISSION,VEV_4000,XIREC,1261.0,2
80100,SUBMISSION,,VEV_4000,XIREC,1259.0,3
80400,SUBMISSION,,VELVETFRUIT_EXTRACT,XIREC,5249.0,5
81700,,,VEV_4000,XIREC,1264.0,1
82600,SUBMISSION,,VELVETFRUIT_EXTRACT,XIREC,5246.0,10
85000,,SUBMISSION,VELVETFRUIT_EXTRACT,XIREC,5243.0,5
85300,,SUBMISSION,VELVETFRUIT_EXTRACT,XIREC,5244.0,6
85800,SUBMISSION,,VELVETFRUIT_EXTRACT,XIREC,5239.0,4
86100,,SUBMISSION,VELVETFRUIT_EXTRACT,XIREC,5240.0,7
86300,,SUBMISSION,VELVETFRUIT_EXTRACT,XIREC,5243.0,7
86800,,SUBMISSION,VELVETFRUIT_EXTRACT,XIREC,5244.0,6
87400,SUBMISSION,,VEV_4500,XIREC,740.0,3
87400,,,VEV_5300,XIREC,47.0,3
87400,,,VEV_5400,XIREC,20.0,3
87400,,,VEV_5500,XIREC,7.0,3
87400,,,VEV_6000,XIREC,0.0,3
87400,,,VEV_6500,XIREC,0.0,3
88000,,SUBMISSION,VEV_4000,XIREC,1247.0,1
88100,SUBMISSION,,VEV_4000,XIREC,1247.0,1
88900,SUBMISSION,,VEV_4500,XIREC,736.0,4
88900,,,VEV_5500,XIREC,7.0,4
88900,,,VEV_6000,XIREC,0.0,4
88900,,,VEV_6500,XIREC,0.0,4
89300,,SUBMISSION,VELVETFRUIT_EXTRACT,XIREC,5236.0,5
90000,,,HYDROGEL_PACK,XIREC,9950.0,6
92100,SUBMISSION,,VELVETFRUIT_EXTRACT,XIREC,5233.0,5
92600,,SUBMISSION,VELVETFRUIT_EXTRACT,XIREC,5231.0,5
93200,,,HYDROGEL_PACK,XIREC,9948.0,6
93700,SUBMISSION,,VELVETFRUIT_EXTRACT,XIREC,5232.0,9
94600,,,HYDROGEL_PACK,XIREC,9931.0,3
94900,,,HYDROGEL_PACK,XIREC,9934.0,4
96800,,,HYDROGEL_PACK,XIREC,9940.0,2
98200,,,VEV_4000,XIREC,1246.0,3
99100,,SUBMISSION,VEV_4000,XIREC,1251.0,1
99200,SUBMISSION,,VEV_4000,XIREC,1252.0,1
99700,SUBMISSION,,VELVETFRUIT_EXTRACT,XIREC,5239.0,10
100000,,SUBMISSION,VELVETFRUIT_EXTRACT,XIREC,5239.0,4
100500,,SUBMISSION,VELVETFRUIT_EXTRACT,XIREC,5237.0,3
101800,,SUBMISSION,VELVETFRUIT_EXTRACT,XIREC,5240.0,4
102000,SUBMISSION,,VELVETFRUIT_EXTRACT,XIREC,5236.0,14
102200,,,HYDROGEL_PACK,XIREC,9946.0,5
102600,SUBMISSION,,VELVETFRUIT_EXTRACT,XIREC,5237.0,4
104200,SUBMISSION,,VELVETFRUIT_EXTRACT,XIREC,5233.0,11
104800,,SUBMISSION,VELVETFRUIT_EXTRACT,XIREC,5234.0,6
105100,,,HYDROGEL_PACK,XIREC,9943.0,4
105200,SUBMISSION,,VELVETFRUIT_EXTRACT,XIREC,5233.0,5
105600,SUBMISSION,,VELVETFRUIT_EXTRACT,XIREC,5235.0,12
105600,SUBMISSION,,VELVETFRUIT_EXTRACT,XIREC,5235.0,12
106100,,,HYDROGEL_PACK,XIREC,9943.0,6
107200,,SUBMISSION,VELVETFRUIT_EXTRACT,XIREC,5233.0,5
108800,,,HYDROGEL_PACK,XIREC,9949.0,2
109300,,,VEV_4000,XIREC,1216.0,1
109500,,,HYDROGEL_PACK,XIREC,9926.0,2
109700,SUBMISSION,,VEV_4500,XIREC,724.0,4
109700,,,VEV_5300,XIREC,41.0,4
109700,,,VEV_5400,XIREC,17.0,4
109700,,,VEV_5500,XIREC,6.0,4
109700,,,VEV_6000,XIREC,0.0,4
109700,,,VEV_6500,XIREC,0.0,4
110000,SUBMISSION,,VELVETFRUIT_EXTRACT,XIREC,5223.0,8
110200,,SUBMISSION,VELVETFRUIT_EXTRACT,XIREC,5224.0,7
110200,SUBMISSION,,VELVETFRUIT_EXTRACT,XIREC,5224.0,5
110600,SUBMISSION,,VEV_4500,XIREC,725.0,3
110600,,,VEV_5300,XIREC,41.0,3
110600,,,VEV_5400,XIREC,17.0,3
110600,,,VEV_5500,XIREC,6.0,3
110600,,,VEV_6000,XIREC,0.0,3
110600,,,VEV_6500,XIREC,0.0,3
111300,SUBMISSION,,VELVETFRUIT_EXTRACT,XIREC,5223.0,6
112900,,SUBMISSION,VELVETFRUIT_EXTRACT,XIREC,5223.0,5
116000,,,VEV_4000,XIREC,1206.0,1
116300,,,HYDROGEL_PACK,XIREC,9929.0,5
117700,,SUBMISSION,VELVETFRUIT_EXTRACT,XIREC,5222.0,8
118400,SUBMISSION,,VELVETFRUIT_EXTRACT,XIREC,5221.0,9
120100,,SUBMISSION,VELVETFRUIT_EXTRACT,XIREC,5222.0,9
120900,SUBMISSION,,VELVETFRUIT_EXTRACT,XIREC,5220.0,5
121500,,,VEV_4000,XIREC,1233.0,2
122600,,,VEV_4000,XIREC,1242.0,2
122800,SUBMISSION,,VELVETFRUIT_EXTRACT,XIREC,5230.0,10
123200,SUBMISSION,,VELVETFRUIT_EXTRACT,XIREC,5231.0,5
125000,,,HYDROGEL_PACK,XIREC,9972.0,4
125200,,SUBMISSION,VELVETFRUIT_EXTRACT,XIREC,5235.0,15
125700,SUBMISSION,,VEV_4500,XIREC,736.0,4
125700,,,VEV_5300,XIREC,45.0,4
125700,,,VEV_5500,XIREC,7.0,4
125700,,,VEV_6000,XIREC,0.0,4
125700,,,VEV_6500,XIREC,0.0,4
127700,,SUBMISSION,VELVETFRUIT_EXTRACT,XIREC,5240.0,8
128500,,,HYDROGEL_PACK,XIREC,9955.0,5
129800,SUBMISSION,,VELVETFRUIT_EXTRACT,XIREC,5240.0,7
130400,,SUBMISSION,VEV_4000,XIREC,1250.0,2
130600,SUBMISSION,,VEV_4000,XIREC,1249.0,2
130800,,,VEV_4000,XIREC,1228.0,1
131200,SUBMISSION,,VELVETFRUIT_EXTRACT,XIREC,5237.0,7
132000,,,HYDROGEL_PACK,XIREC,9950.0,3
132100,,SUBMISSION,VELVETFRUIT_EXTRACT,XIREC,5243.0,8
132500,SUBMISSION,,VELVETFRUIT_EXTRACT,XIREC,5245.0,7
132800,,SUBMISSION,VELVETFRUIT_EXTRACT,XIREC,5245.0,9
132900,,,HYDROGEL_PACK,XIREC,9956.0,2
133600,,,HYDROGEL_PACK,XIREC,9970.0,5
134400,,,VEV_4000,XIREC,1231.0,2
136700,,SUBMISSION,VELVETFRUIT_EXTRACT,XIREC,5238.0,3
136800,,,HYDROGEL_PACK,XIREC,9955.0,5
136900,,SUBMISSION,VELVETFRUIT_EXTRACT,XIREC,5234.0,5
138600,,SUBMISSION,VELVETFRUIT_EXTRACT,XIREC,5228.0,10
139600,,SUBMISSION,VELVETFRUIT_EXTRACT,XIREC,5226.0,8
139800,,SUBMISSION,VELVETFRUIT_EXTRACT,XIREC,5226.0,14
140500,SUBMISSION,,VELVETFRUIT_EXTRACT,XIREC,5228.0,9
140500,SUBMISSION,,VELVETFRUIT_EXTRACT,XIREC,5228.0,1
140500,,SUBMISSION,VEV_4000,XIREC,1239.0,3
140600,SUBMISSION,,VEV_4000,XIREC,1239.0,3
140800,,SUBMISSION,VELVETFRUIT_EXTRACT,XIREC,5233.0,7
141600,SUBMISSION,,VELVETFRUIT_EXTRACT,XIREC,5230.0,5
141600,SUBMISSION,,VELVETFRUIT_EXTRACT,XIREC,5230.0,4
141700,,SUBMISSION,VELVETFRUIT_EXTRACT,XIREC,5233.0,6
141700,,,HYDROGEL_PACK,XIREC,9939.0,2
142400,SUBMISSION,,VELVETFRUIT_EXTRACT,XIREC,5232.0,5
143600,,,HYDROGEL_PACK,XIREC,9949.0,4
144100,SUBMISSION,,VELVETFRUIT_EXTRACT,XIREC,5228.0,7
144500,,,HYDROGEL_PACK,XIREC,9966.0,3
144800,,SUBMISSION,VELVETFRUIT_EXTRACT,XIREC,5227.0,13
145100,SUBMISSION,,VELVETFRUIT_EXTRACT,XIREC,5228.0,4
145100,SUBMISSION,,VELVETFRUIT_EXTRACT,XIREC,5228.0,1
145100,SUBMISSION,,VELVETFRUIT_EXTRACT,XIREC,5228.0,4
145100,,,VELVETFRUIT_EXTRACT,XIREC,5228.0,1
145200,SUBMISSION,,VELVETFRUIT_EXTRACT,XIREC,5227.0,5
145600,SUBMISSION,,VELVETFRUIT_EXTRACT,XIREC,5229.0,6
146000,,SUBMISSION,VELVETFRUIT_EXTRACT,XIREC,5225.0,9
148100,SUBMISSION,,VELVETFRUIT_EXTRACT,XIREC,5224.0,3
148400,SUBMISSION,,VELVETFRUIT_EXTRACT,XIREC,5225.0,5
148500,,,VEV_4000,XIREC,1236.0,3
148700,SUBMISSION,,VELVETFRUIT_EXTRACT,XIREC,5224.0,8
149400,SUBMISSION,,VELVETFRUIT_EXTRACT,XIREC,5225.0,6
150500,,,VEV_4000,XIREC,1220.0,2
151400,,SUBMISSION,VELVETFRUIT_EXTRACT,XIREC,5231.0,10
152200,,SUBMISSION,VELVETFRUIT_EXTRACT,XIREC,5236.0,3
152400,SUBMISSION,,VELVETFRUIT_EXTRACT,XIREC,5232.0,3
153400,,,HYDROGEL_PACK,XIREC,9964.0,4
153500,SUBMISSION,,VELVETFRUIT_EXTRACT,XIREC,5232.0,5
155200,,,HYDROGEL_PACK,XIREC,9991.0,5
155600,,,VEV_4000,XIREC,1253.0,2
156200,,SUBMISSION,VELVETFRUIT_EXTRACT,XIREC,5241.0,11
156400,,SUBMISSION,VELVETFRUIT_EXTRACT,XIREC,5240.0,15
156600,,SUBMISSION,VELVETFRUIT_EXTRACT,XIREC,5243.0,4
156700,,SUBMISSION,VELVETFRUIT_EXTRACT,XIREC,5242.0,6
157400,SUBMISSION,,VEV_4500,XIREC,742.0,2
157400,,,VEV_5300,XIREC,47.0,2
157400,,,VEV_5500,XIREC,7.0,2
157400,,,VEV_6000,XIREC,0.0,2
157400,,,VEV_6500,XIREC,0.0,2
157800,SUBMISSION,,VELVETFRUIT_EXTRACT,XIREC,5245.0,8
158100,,,HYDROGEL_PACK,XIREC,9974.0,5
159000,,SUBMISSION,VELVETFRUIT_EXTRACT,XIREC,5248.0,6
159300,,,HYDROGEL_PACK,XIREC,9969.0,2
160800,SUBMISSION,,VEV_4500,XIREC,751.0,4
160800,,,VEV_5500,XIREC,8.0,4
160800,,,VEV_6000,XIREC,0.0,4
160800,,,VEV_6500,XIREC,0.0,4
161900,,SUBMISSION,VELVETFRUIT_EXTRACT,XIREC,5250.0,4
162500,,,VEV_4000,XIREC,1242.0,1
163300,,,HYDROGEL_PACK,XIREC,9977.0,3
164600,,,HYDROGEL_PACK,XIREC,9962.0,3
166000,,,VEV_4000,XIREC,1239.0,2
169000,,,HYDROGEL_PACK,XIREC,9953.0,3
169200,SUBMISSION,,VELVETFRUIT_EXTRACT,XIREC,5248.0,9
169400,,SUBMISSION,VELVETFRUIT_EXTRACT,XIREC,5252.0,6
169600,SUBMISSION,,VELVETFRUIT_EXTRACT,XIREC,5253.0,7
169900,SUBMISSION,,VEV_4500,XIREC,754.0,5
169900,,,VEV_5400,XIREC,22.0,5
169900,,,VEV_6000,XIREC,0.0,5
169900,,,VEV_6500,XIREC,0.0,5
170700,SUBMISSION,,VELVETFRUIT_EXTRACT,XIREC,5250.0,3
170700,SUBMISSION,,VELVETFRUIT_EXTRACT,XIREC,5250.0,11
170800,,SUBMISSION,VELVETFRUIT_EXTRACT,XIREC,5252.0,8
171500,,,HYDROGEL_PACK,XIREC,9982.0,5
172800,,SUBMISSION,VELVETFRUIT_EXTRACT,XIREC,5251.0,3
173200,,SUBMISSION,VELVETFRUIT_EXTRACT,XIREC,5252.0,5
173700,SUBMISSION,,VEV_4500,XIREC,747.0,2
173700,,,VEV_5500,XIREC,8.0,2
173700,,,VEV_6000,XIREC,0.0,2
173700,,,VEV_6500,XIREC,0.0,2
173900,SUBMISSION,,VELVETFRUIT_EXTRACT,XIREC,5246.0,5
175300,,,HYDROGEL_PACK,XIREC,9969.0,6
176000,SUBMISSION,,VEV_4500,XIREC,741.0,3
176000,,,VEV_5400,XIREC,19.0,3
176000,,,VEV_5500,XIREC,7.0,3
176000,,,VEV_6000,XIREC,0.0,3
176000,,,VEV_6500,XIREC,0.0,3
176600,,SUBMISSION,VELVETFRUIT_EXTRACT,XIREC,5243.0,5
177200,SUBMISSION,,VEV_4500,XIREC,743.0,2
177200,,,VEV_5400,XIREC,19.0,2
177200,,,VEV_6000,XIREC,0.0,2
177200,,,VEV_6500,XIREC,0.0,2
178100,,,HYDROGEL_PACK,XIREC,9958.0,2
178300,,SUBMISSION,VELVETFRUIT_EXTRACT,XIREC,5238.0,6
178800,SUBMISSION,,VELVETFRUIT_EXTRACT,XIREC,5238.0,5
179100,SUBMISSION,,VELVETFRUIT_EXTRACT,XIREC,5240.0,6
179100,SUBMISSION,,VELVETFRUIT_EXTRACT,XIREC,5240.0,7
179500,SUBMISSION,,VELVETFRUIT_EXTRACT,XIREC,5237.0,3
179800,,SUBMISSION,VELVETFRUIT_EXTRACT,XIREC,5238.0,10
180400,SUBMISSION,,VELVETFRUIT_EXTRACT,XIREC,5237.0,1
180400,SUBMISSION,,VELVETFRUIT_EXTRACT,XIREC,5237.0,8
181700,SUBMISSION,,VEV_4500,XIREC,737.0,4
181700,,,VEV_5300,XIREC,45.0,4
181700,,,VEV_5400,XIREC,18.0,4
181700,,,VEV_5500,XIREC,7.0,4
181700,,,VEV_6000,XIREC,0.0,4
181700,,,VEV_6500,XIREC,0.0,4
181900,,,HYDROGEL_PACK,XIREC,9980.0,3
182400,,,HYDROGEL_PACK,XIREC,9977.0,5
183300,,,HYDROGEL_PACK,XIREC,9973.0,4
184400,SUBMISSION,,VELVETFRUIT_EXTRACT,XIREC,5237.0,12
184900,SUBMISSION,,VEV_4500,XIREC,737.0,2
184900,,,VEV_5300,XIREC,45.0,2
184900,,,VEV_5400,XIREC,18.0,2
184900,,,VEV_5500,XIREC,7.0,2
184900,,,VEV_6000,XIREC,0.0,2
184900,,,VEV_6500,XIREC,0.0,2
185800,SUBMISSION,,VELVETFRUIT_EXTRACT,XIREC,5238.0,15
185800,,,HYDROGEL_PACK,XIREC,9961.0,6
186600,SUBMISSION,,VEV_4500,XIREC,739.0,1
186600,,,VEV_5300,XIREC,46.0,3
186600,,,VEV_5500,XIREC,7.0,3
186600,,,VEV_6000,XIREC,0.0,3
186600,,,VEV_6500,XIREC,0.0,3
189900,,SUBMISSION,VELVETFRUIT_EXTRACT,XIREC,5236.0,5
190100,,,VEV_5300,XIREC,45.0,4
190100,,,VEV_5400,XIREC,18.0,4
190100,,,VEV_5500,XIREC,7.0,4
190100,,,VEV_6000,XIREC,0.0,4
190100,,,VEV_6500,XIREC,0.0,4
190500,SUBMISSION,,VELVETFRUIT_EXTRACT,XIREC,5233.0,10
190500,,,VEV_4000,XIREC,1224.0,2
190600,SUBMISSION,,VELVETFRUIT_EXTRACT,XIREC,5233.0,5
190600,,,HYDROGEL_PACK,XIREC,9943.0,6
192100,,SUBMISSION,VELVETFRUIT_EXTRACT,XIREC,5234.0,18
192700,,SUBMISSION,VELVETFRUIT_EXTRACT,XIREC,5232.0,9
193000,,,VEV_5300,XIREC,43.0,2
193000,,,VEV_5400,XIREC,17.0,2
193000,,,VEV_5500,XIREC,6.0,2
193000,,,VEV_6000,XIREC,0.0,2
193000,,,VEV_6500,XIREC,0.0,2
194000,,SUBMISSION,VELVETFRUIT_EXTRACT,XIREC,5229.0,13
195300,,SUBMISSION,VELVETFRUIT_EXTRACT,XIREC,5233.0,13
195800,,SUBMISSION,VELVETFRUIT_EXTRACT,XIREC,5233.0,8
196500,SUBMISSION,,VELVETFRUIT_EXTRACT,XIREC,5228.0,7
196600,,,HYDROGEL_PACK,XIREC,9953.0,3
197000,,,HYDROGEL_PACK,XIREC,9967.0,6
197600,SUBMISSION,,VELVETFRUIT_EXTRACT,XIREC,5225.0,9
198200,,,VEV_5300,XIREC,42.0,5
198200,,,VEV_5400,XIREC,16.0,5
198200,,,VEV_5500,XIREC,6.0,5
198200,,,VEV_6000,XIREC,0.0,5
198200,,,VEV_6500,XIREC,0.0,5
199300,,SUBMISSION,VELVETFRUIT_EXTRACT,XIREC,5232.0,7
199700,SUBMISSION,,VELVETFRUIT_EXTRACT,XIREC,5228.0,4
199800,SUBMISSION,,VELVETFRUIT_EXTRACT,XIREC,5230.0,7
200500,,SUBMISSION,VELVETFRUIT_EXTRACT,XIREC,5232.0,9
200700,,SUBMISSION,VELVETFRUIT_EXTRACT,XIREC,5234.0,7
200900,,SUBMISSION,VELVETFRUIT_EXTRACT,XIREC,5232.0,2
201800,SUBMISSION,,VELVETFRUIT_EXTRACT,XIREC,5233.0,8
201900,SUBMISSION,,VELVETFRUIT_EXTRACT,XIREC,5231.0,4
202500,,SUBMISSION,VELVETFRUIT_EXTRACT,XIREC,5232.0,6
203600,SUBMISSION,,VELVETFRUIT_EXTRACT,XIREC,5229.0,8
203600,SUBMISSION,,VELVETFRUIT_EXTRACT,XIREC,5229.0,2
203600,SUBMISSION,,VELVETFRUIT_EXTRACT,XIREC,5229.0,8
203600,,,VELVETFRUIT_EXTRACT,XIREC,5229.0,2
203900,,,HYDROGEL_PACK,XIREC,9978.0,6
205200,,SUBMISSION,VELVETFRUIT_EXTRACT,XIREC,5229.0,7
205600,,SUBMISSION,VELVETFRUIT_EXTRACT,XIREC,5228.0,15
206200,,,HYDROGEL_PACK,XIREC,9983.0,5
206700,,,HYDROGEL_PACK,XIREC,9962.0,5
207200,,,HYDROGEL_PACK,XIREC,9962.0,4
207600,,,HYDROGEL_PACK,XIREC,9980.0,6
209000,,,HYDROGEL_PACK,XIREC,9989.0,5
209200,SUBMISSION,,VELVETFRUIT_EXTRACT,XIREC,5229.0,10
209200,SUBMISSION,,VELVETFRUIT_EXTRACT,XIREC,5229.0,3
209400,,SUBMISSION,VELVETFRUIT_EXTRACT,XIREC,5230.0,5
210000,SUBMISSION,,VELVETFRUIT_EXTRACT,XIREC,5232.0,3
210000,SUBMISSION,,VELVETFRUIT_EXTRACT,XIREC,5232.0,6
210700,,SUBMISSION,VELVETFRUIT_EXTRACT,XIREC,5237.0,6
211200,,SUBMISSION,VELVETFRUIT_EXTRACT,XIREC,5230.0,13
211300,SUBMISSION,,VELVETFRUIT_EXTRACT,XIREC,5228.0,5
211700,SUBMISSION,,VELVETFRUIT_EXTRACT,XIREC,5225.0,6
212100,,,VEV_4000,XIREC,1234.0,2
212900,,,VEV_5400,XIREC,15.0,2
212900,,,VEV_5500,XIREC,6.0,2
212900,,,VEV_6000,XIREC,0.0,2
212900,,,VEV_6500,XIREC,0.0,2
213000,,,VEV_4000,XIREC,1209.0,1
213100,,SUBMISSION,VELVETFRUIT_EXTRACT,XIREC,5223.0,6
213400,SUBMISSION,,VELVETFRUIT_EXTRACT,XIREC,5221.0,5
213600,SUBMISSION,,VELVETFRUIT_EXTRACT,XIREC,5221.0,2
213600,SUBMISSION,,VELVETFRUIT_EXTRACT,XIREC,5221.0,11
213600,SUBMISSION,,VELVETFRUIT_EXTRACT,XIREC,5221.0,2
213600,SUBMISSION,,VELVETFRUIT_EXTRACT,XIREC,5221.0,11
215500,,SUBMISSION,VELVETFRUIT_EXTRACT,XIREC,5223.0,11
215700,,,VEV_4000,XIREC,1233.0,3
216000,SUBMISSION,,VELVETFRUIT_EXTRACT,XIREC,5223.0,3
216100,,SUBMISSION,VELVETFRUIT_EXTRACT,XIREC,5225.0,4
216600,SUBMISSION,,VELVETFRUIT_EXTRACT,XIREC,5223.0,7
217200,,SUBMISSION,VELVETFRUIT_EXTRACT,XIREC,5226.0,4
217400,,SUBMISSION,VELVETFRUIT_EXTRACT,XIREC,5224.0,7
218200,SUBMISSION,,VELVETFRUIT_EXTRACT,XIREC,5221.0,12
218800,,,HYDROGEL_PACK,XIREC,9986.0,4
219600,,,VEV_4000,XIREC,1216.0,2
220100,,,VEV_5200,XIREC,84.0,5
220100,,,VEV_5400,XIREC,16.0,5
220100,,,VEV_5500,XIREC,6.0,5
220100,,,VEV_6000,XIREC,0.0,5
220100,,,VEV_6500,XIREC,0.0,5
220200,SUBMISSION,,VELVETFRUIT_EXTRACT,XIREC,5226.0,7
220800,SUBMISSION,,VELVETFRUIT_EXTRACT,XIREC,5227.0,6
221500,,,HYDROGEL_PACK,XIREC,9986.0,3
222000,SUBMISSION,,VELVETFRUIT_EXTRACT,XIREC,5229.0,11
222400,,SUBMISSION,VELVETFRUIT_EXTRACT,XIREC,5226.0,5
222700,,SUBMISSION,HYDROGEL_PACK,XIREC,10001.0,6
222700,,,VEV_4000,XIREC,1217.0,1
223700,SUBMISSION,,HYDROGEL_PACK,XIREC,9993.0,6
224900,,SUBMISSION,VELVETFRUIT_EXTRACT,XIREC,5230.0,11
225900,,SUBMISSION,VELVETFRUIT_EXTRACT,XIREC,5234.0,5
226700,,SUBMISSION,VELVETFRUIT_EXTRACT,XIREC,5232.0,9
227000,,,VEV_4000,XIREC,1223.0,3
227300,SUBMISSION,,VELVETFRUIT_EXTRACT,XIREC,5231.0,13
227300,SUBMISSION,,VELVETFRUIT_EXTRACT,XIREC,5231.0,13
227800,,SUBMISSION,VELVETFRUIT_EXTRACT,XIREC,5238.0,6
228200,,SUBMISSION,VELVETFRUIT_EXTRACT,XIREC,5235.0,7
228400,,SUBMISSION,VELVETFRUIT_EXTRACT,XIREC,5233.0,8
229300,SUBMISSION,,VELVETFRUIT_EXTRACT,XIREC,5232.0,7
229500,SUBMISSION,,VELVETFRUIT_EXTRACT,XIREC,5233.0,15
229700,,SUBMISSION,VELVETFRUIT_EXTRACT,XIREC,5236.0,7
230000,,,VEV_5400,XIREC,17.0,5
230000,,,VEV_5500,XIREC,7.0,5
230000,,,VEV_6000,XIREC,0.0,5
230000,,,VEV_6500,XIREC,0.0,5
231000,SUBMISSION,,VELVETFRUIT_EXTRACT,XIREC,5235.0,8
231000,SUBMISSION,,VELVETFRUIT_EXTRACT,XIREC,5235.0,8
231000,,,VEV_5400,XIREC,17.0,3
231000,,,VEV_5500,XIREC,7.0,3
231000,,,VEV_6000,XIREC,0.0,3
231000,,,VEV_6500,XIREC,0.0,3
231900,,,VEV_4000,XIREC,1227.0,2
232700,SUBMISSION,,VELVETFRUIT_EXTRACT,XIREC,5235.0,3
234200,,,HYDROGEL_PACK,XIREC,9976.0,6
235100,,,VEV_5300,XIREC,46.0,3
235100,,,VEV_5400,XIREC,18.0,3
235100,,,VEV_5500,XIREC,7.0,3
235100,,,VEV_6000,XIREC,0.0,3
235100,,,VEV_6500,XIREC,0.0,3
235500,SUBMISSION,,VELVETFRUIT_EXTRACT,XIREC,5234.0,8
235900,SUBMISSION,,VELVETFRUIT_EXTRACT,XIREC,5232.0,8
237700,,SUBMISSION,VELVETFRUIT_EXTRACT,XIREC,5229.0,8
237800,,,VEV_4000,XIREC,1241.0,3
238700,,SUBMISSION,VELVETFRUIT_EXTRACT,XIREC,5232.0,6
239200,SUBMISSION,,VELVETFRUIT_EXTRACT,XIREC,5230.0,5
240500,,SUBMISSION,VELVETFRUIT_EXTRACT,XIREC,5232.0,7
240700,,,HYDROGEL_PACK,XIREC,9963.0,4
241300,SUBMISSION,,VELVETFRUIT_EXTRACT,XIREC,5230.0,15
241400,,SUBMISSION,VELVETFRUIT_EXTRACT,XIREC,5232.0,5
242100,,SUBMISSION,VELVETFRUIT_EXTRACT,XIREC,5236.0,3
243200,,,VEV_4000,XIREC,1249.0,3
243300,,SUBMISSION,VELVETFRUIT_EXTRACT,XIREC,5238.0,7
243300,,,HYDROGEL_PACK,XIREC,9977.0,2
244000,,,VEV_4000,XIREC,1230.0,3
245100,,SUBMISSION,VELVETFRUIT_EXTRACT,XIREC,5245.0,14
246000,,,VEV_4000,XIREC,1235.0,3
246400,SUBMISSION,,VELVETFRUIT_EXTRACT,XIREC,5243.0,8
247100,,,HYDROGEL_PACK,XIREC,9971.0,5
247200,,,VEV_4000,XIREC,1233.0,3
247600,,SUBMISSION,VELVETFRUIT_EXTRACT,XIREC,5243.0,10
247800,,,HYDROGEL_PACK,XIREC,9952.0,4
248500,SUBMISSION,,VELVETFRUIT_EXTRACT,XIREC,5242.0,8
248700,,,HYDROGEL_PACK,XIREC,9966.0,3
250100,,SUBMISSION,VELVETFRUIT_EXTRACT,XIREC,5246.0,5
250200,SUBMISSION,,VELVETFRUIT_EXTRACT,XIREC,5245.0,7
251800,,SUBMISSION,VELVETFRUIT_EXTRACT,XIREC,5248.0,4
252000,,SUBMISSION,VELVETFRUIT_EXTRACT,XIREC,5246.0,5
253100,,SUBMISSION,VELVETFRUIT_EXTRACT,XIREC,5249.0,15
253100,,,VEV_4000,XIREC,1238.0,2
255000,,SUBMISSION,VELVETFRUIT_EXTRACT,XIREC,5245.0,13
255200,,SUBMISSION,VELVETFRUIT_EXTRACT,XIREC,5244.0,10
256100,,SUBMISSION,VELVETFRUIT_EXTRACT,XIREC,5242.0,4
256100,,,HYDROGEL_PACK,XIREC,9969.0,5
256500,,,VEV_5500,XIREC,7.0,4
256500,,,VEV_6000,XIREC,0.0,4
256500,,,VEV_6500,XIREC,0.0,4
257100,,SUBMISSION,VELVETFRUIT_EXTRACT,XIREC,5244.0,7
257800,,,VEV_5500,XIREC,7.0,4
257800,,,VEV_6000,XIREC,0.0,4
257800,,,VEV_6500,XIREC,0.0,4
257900,SUBMISSION,,VELVETFRUIT_EXTRACT,XIREC,5239.0,10
259200,SUBMISSION,,VELVETFRUIT_EXTRACT,XIREC,5235.0,3
259200,SUBMISSION,,VELVETFRUIT_EXTRACT,XIREC,5235.0,8
259300,SUBMISSION,,VELVETFRUIT_EXTRACT,XIREC,5234.0,15
260100,,,HYDROGEL_PACK,XIREC,9999.0,2
260200,SUBMISSION,,VELVETFRUIT_EXTRACT,XIREC,5236.0,3
261500,,SUBMISSION,HYDROGEL_PACK,XIREC,10008.0,5
261600,,SUBMISSION,HYDROGEL_PACK,XIREC,10001.0,10
262300,,,VEV_4000,XIREC,1234.0,3
263200,SUBMISSION,,VELVETFRUIT_EXTRACT,XIREC,5241.0,6
263400,,,VEV_5300,XIREC,47.0,2
263400,,,VEV_5400,XIREC,18.0,2
263400,,,VEV_5500,XIREC,7.0,2
263400,,,VEV_6000,XIREC,0.0,2
263400,,,VEV_6500,XIREC,0.0,2
263700,SUBMISSION,,HYDROGEL_PACK,XIREC,9990.0,3
265200,SUBMISSION,,VELVETFRUIT_EXTRACT,XIREC,5242.0,8
265500,SUBMISSION,,VELVETFRUIT_EXTRACT,XIREC,5242.0,6
265900,SUBMISSION,,VELVETFRUIT_EXTRACT,XIREC,5243.0,8
266000,SUBMISSION,,VELVETFRUIT_EXTRACT,XIREC,5242.0,8
266100,,SUBMISSION,HYDROGEL_PACK,XIREC,10001.0,9
266500,,SUBMISSION,VEV_4000,XIREC,1256.0,2
266800,SUBMISSION,,HYDROGEL_PACK,XIREC,9994.0,6
267200,SUBMISSION,,VELVETFRUIT_EXTRACT,XIREC,5242.0,18
267500,SUBMISSION,,VELVETFRUIT_EXTRACT,XIREC,5239.0,8
270500,,SUBMISSION,VELVETFRUIT_EXTRACT,XIREC,5245.0,12
270900,SUBMISSION,,VELVETFRUIT_EXTRACT,XIREC,5243.0,8
271500,SUBMISSION,,HYDROGEL_PACK,XIREC,9991.0,5
271600,SUBMISSION,,HYDROGEL_PACK,XIREC,9998.0,10
271900,,SUBMISSION,VEV_4000,XIREC,1253.0,2
273500,SUBMISSION,,VEV_4000,XIREC,1238.0,3
273500,,,HYDROGEL_PACK,XIREC,9995.0,4
273700,,SUBMISSION,VELVETFRUIT_EXTRACT,XIREC,5250.0,3
275700,,SUBMISSION,VEV_4000,XIREC,1259.0,3
275900,,SUBMISSION,VELVETFRUIT_EXTRACT,XIREC,5249.0,6
276200,SUBMISSION,,VELVETFRUIT_EXTRACT,XIREC,5249.0,7
277200,,SUBMISSION,VELVETFRUIT_EXTRACT,XIREC,5253.0,6
277200,SUBMISSION,,VEV_4000,XIREC,1251.0,3
277200,,,VEV_5400,XIREC,20.0,3
277200,,,VEV_5500,XIREC,8.0,3
277200,,,VEV_6000,XIREC,0.0,3
277200,,,VEV_6500,XIREC,0.0,3
278200,,,HYDROGEL_PACK,XIREC,9997.0,5
278600,,,HYDROGEL_PACK,XIREC,9991.0,4
279400,,SUBMISSION,VELVETFRUIT_EXTRACT,XIREC,5240.0,10
280000,,,HYDROGEL_PACK,XIREC,9991.0,3
280600,SUBMISSION,,VELVETFRUIT_EXTRACT,XIREC,5239.0,8
281300,,SUBMISSION,VELVETFRUIT_EXTRACT,XIREC,5239.0,8
281300,,SUBMISSION,VELVETFRUIT_EXTRACT,XIREC,5239.0,8
281500,,,HYDROGEL_PACK,XIREC,9973.0,5
281700,SUBMISSION,,VEV_4000,XIREC,1233.0,1
281700,,,VEV_4000,XIREC,1232.0,2
282200,,SUBMISSION,VELVETFRUIT_EXTRACT,XIREC,5242.0,5
282600,,SUBMISSION,VELVETFRUIT_EXTRACT,XIREC,5242.0,7
283800,,,HYDROGEL_PACK,XIREC,9990.0,2
284000,,SUBMISSION,VELVETFRUIT_EXTRACT,XIREC,5235.0,8
284700,,,HYDROGEL_PACK,XIREC,9979.0,2
285300,,SUBMISSION,VELVETFRUIT_EXTRACT,XIREC,5236.0,5
286600,,SUBMISSION,VELVETFRUIT_EXTRACT,XIREC,5236.0,8
286800,SUBMISSION,,VELVETFRUIT_EXTRACT,XIREC,5233.0,6
286800,,SUBMISSION,VEV_4000,XIREC,1245.0,3
287600,,,HYDROGEL_PACK,XIREC,9980.0,6
287700,,,HYDROGEL_PACK,XIREC,9984.0,3
289200,,SUBMISSION,VELVETFRUIT_EXTRACT,XIREC,5245.0,7
289500,,SUBMISSION,VELVETFRUIT_EXTRACT,XIREC,5249.0,7
290600,,,HYDROGEL_PACK,XIREC,9981.0,2
290700,SUBMISSION,,VEV_4000,XIREC,1244.0,3
290700,,,VEV_5500,XIREC,8.0,5
290700,,,VEV_6000,XIREC,0.0,5
290700,,,VEV_6500,XIREC,0.0,5
290800,,,HYDROGEL_PACK,XIREC,9998.0,5
291200,SUBMISSION,,VELVETFRUIT_EXTRACT,XIREC,5238.0,7
291400,SUBMISSION,,VELVETFRUIT_EXTRACT,XIREC,5240.0,6
291700,,SUBMISSION,VELVETFRUIT_EXTRACT,XIREC,5244.0,15
292400,,SUBMISSION,VELVETFRUIT_EXTRACT,XIREC,5244.0,6
292800,,SUBMISSION,VELVETFRUIT_EXTRACT,XIREC,5246.0,9
292800,,,VEV_5400,XIREC,19.0,3
292800,,,VEV_5500,XIREC,8.0,3
292800,,,VEV_6000,XIREC,0.0,3
292800,,,VEV_6500,XIREC,0.0,3
293200,SUBMISSION,,VELVETFRUIT_EXTRACT,XIREC,5243.0,7
293400,,SUBMISSION,VELVETFRUIT_EXTRACT,XIREC,5243.0,9
293800,SUBMISSION,,VELVETFRUIT_EXTRACT,XIREC,5243.0,1
293800,SUBMISSION,,VELVETFRUIT_EXTRACT,XIREC,5243.0,4
294100,SUBMISSION,,VELVETFRUIT_EXTRACT,XIREC,5244.0,10
294900,,SUBMISSION,HYDROGEL_PACK,XIREC,10005.0,6
296000,,SUBMISSION,HYDROGEL_PACK,XIREC,9999.0,14
296100,,SUBMISSION,HYDROGEL_PACK,XIREC,10000.0,10
296200,,SUBMISSION,HYDROGEL_PACK,XIREC,9999.0,12
296300,,SUBMISSION,HYDROGEL_PACK,XIREC,10000.0,11
296400,,SUBMISSION,HYDROGEL_PACK,XIREC,10001.0,11
296500,,SUBMISSION,HYDROGEL_PACK,XIREC,9999.0,15
296600,,,VEV_4000,XIREC,1239.0,3
297100,SUBMISSION,,HYDROGEL_PACK,XIREC,9996.0,5
297300,SUBMISSION,,VELVETFRUIT_EXTRACT,XIREC,5246.0,3
297500,,SUBMISSION,HYDROGEL_PACK,XIREC,10001.0,9
297600,SUBMISSION,,VELVETFRUIT_EXTRACT,XIREC,5246.0,8
297700,,SUBMISSION,HYDROGEL_PACK,XIREC,10001.0,10
297700,,SUBMISSION,HYDROGEL_PACK,XIREC,9999.0,20
297800,,SUBMISSION,HYDROGEL_PACK,XIREC,10001.0,10
297800,,SUBMISSION,VELVETFRUIT_EXTRACT,XIREC,5250.0,5
297900,,SUBMISSION,HYDROGEL_PACK,XIREC,10001.0,2
297900,,SUBMISSION,HYDROGEL_PACK,XIREC,10001.0,11
297900,SUBMISSION,,VELVETFRUIT_EXTRACT,XIREC,5248.0,8
298000,,SUBMISSION,HYDROGEL_PACK,XIREC,10002.0,14
298100,,SUBMISSION,HYDROGEL_PACK,XIREC,10003.0,5
298100,,SUBMISSION,HYDROGEL_PACK,XIREC,10003.0,8
298100,,SUBMISSION,HYDROGEL_PACK,XIREC,10001.0,20
298200,,SUBMISSION,HYDROGEL_PACK,XIREC,10002.0,11
298400,,SUBMISSION,HYDROGEL_PACK,XIREC,10002.0,6
298700,,,HYDROGEL_PACK,XIREC,10003.0,4
299000,SUBMISSION,,VELVETFRUIT_EXTRACT,XIREC,5255.0,9
302100,SUBMISSION,,VELVETFRUIT_EXTRACT,XIREC,5259.0,5
302800,,SUBMISSION,VELVETFRUIT_EXTRACT,XIREC,5258.0,7
304100,,SUBMISSION,VELVETFRUIT_EXTRACT,XIREC,5255.0,12
304100,,,VEV_4000,XIREC,1244.0,1
304200,SUBMISSION,,VELVETFRUIT_EXTRACT,XIREC,5252.0,10
304700,,SUBMISSION,VELVETFRUIT_EXTRACT,XIREC,5254.0,4
305100,SUBMISSION,,VELVETFRUIT_EXTRACT,XIREC,5251.0,9
305700,SUBMISSION,,VELVETFRUIT_EXTRACT,XIREC,5253.0,8
305800,,,HYDROGEL_PACK,XIREC,10020.0,2
309000,,SUBMISSION,VELVETFRUIT_EXTRACT,XIREC,5256.0,7
310000,SUBMISSION,,VELVETFRUIT_EXTRACT,XIREC,5254.0,3
310200,,,HYDROGEL_PACK,XIREC,10016.0,2
311500,,,HYDROGEL_PACK,XIREC,10027.0,5
312800,,SUBMISSION,VELVETFRUIT_EXTRACT,XIREC,5255.0,5
313000,,,VEV_4000,XIREC,1248.0,2
313400,,,HYDROGEL_PACK,XIREC,10023.0,5
314600,SUBMISSION,,VELVETFRUIT_EXTRACT,XIREC,5258.0,15
315500,SUBMISSION,,VELVETFRUIT_EXTRACT,XIREC,5257.0,7
315800,,SUBMISSION,VELVETFRUIT_EXTRACT,XIREC,5258.0,10
316700,,,VEV_5400,XIREC,22.0,5
316700,,,VEV_5500,XIREC,9.0,5
316700,,,VEV_6000,XIREC,0.0,5
316700,,,VEV_6500,XIREC,0.0,5
317600,,,VEV_5400,XIREC,22.0,2
317600,,,VEV_5500,XIREC,9.0,2
317600,,,VEV_6000,XIREC,0.0,2
317600,,,VEV_6500,XIREC,0.0,2
317800,,SUBMISSION,VELVETFRUIT_EXTRACT,XIREC,5263.0,5
318300,,SUBMISSION,VELVETFRUIT_EXTRACT,XIREC,5263.0,8
318500,,SUBMISSION,VELVETFRUIT_EXTRACT,XIREC,5265.0,7
318700,,,HYDROGEL_PACK,XIREC,10014.0,6
320300,,,VEV_4000,XIREC,1253.0,2
320700,,SUBMISSION,VEV_4000,XIREC,1272.0,3
320900,SUBMISSION,,VELVETFRUIT_EXTRACT,XIREC,5262.0,6
320900,,,HYDROGEL_PACK,XIREC,10034.0,4
321200,SUBMISSION,,VELVETFRUIT_EXTRACT,XIREC,5257.0,10
321200,,,HYDROGEL_PACK,XIREC,10009.0,4
321200,,,VELVETFRUIT_EXTRACT,XIREC,5257.0,10
321400,,SUBMISSION,VELVETFRUIT_EXTRACT,XIREC,5256.0,9
322600,,SUBMISSION,VELVETFRUIT_EXTRACT,XIREC,5262.0,9
322700,SUBMISSION,,VELVETFRUIT_EXTRACT,XIREC,5260.0,6
322800,SUBMISSION,,VEV_4000,XIREC,1251.0,1
323100,SUBMISSION,,VELVETFRUIT_EXTRACT,XIREC,5260.0,9
323400,SUBMISSION,,VELVETFRUIT_EXTRACT,XIREC,5258.0,12
323400,SUBMISSION,,VELVETFRUIT_EXTRACT,XIREC,5258.0,12
323500,SUBMISSION,,VEV_4000,XIREC,1248.0,2
323500,,,VEV_4000,XIREC,1247.0,1
323900,SUBMISSION,,VELVETFRUIT_EXTRACT,XIREC,5258.0,7
323900,,,VELVETFRUIT_EXTRACT,XIREC,5258.0,7
327600,SUBMISSION,,VELVETFRUIT_EXTRACT,XIREC,5270.0,3
328800,,,VEV_4000,XIREC,1256.0,3
329500,SUBMISSION,,VELVETFRUIT_EXTRACT,XIREC,5266.0,10
329500,SUBMISSION,,VELVETFRUIT_EXTRACT,XIREC,5266.0,7
329500,,,VELVETFRUIT_EXTRACT,XIREC,5266.0,3
329700,,,VELVETFRUIT_EXTRACT,XIREC,5265.0,3
330900,,,HYDROGEL_PACK,XIREC,10040.0,3
331400,,,HYDROGEL_PACK,XIREC,10025.0,2
331800,,SUBMISSION,VELVETFRUIT_EXTRACT,XIREC,5268.0,5
332300,,,VEV_5300,XIREC,58.0,4
332300,,,VEV_5500,XIREC,10.0,4
332300,,,VEV_6000,XIREC,0.0,4
332300,,,VEV_6500,XIREC,0.0,4
332700,,,HYDROGEL_PACK,XIREC,10030.0,6
335000,,,HYDROGEL_PACK,XIREC,10047.0,5
335300,,,HYDROGEL_PACK,XIREC,10048.0,4
335400,,SUBMISSION,VELVETFRUIT_EXTRACT,XIREC,5265.0,8
335400,,,HYDROGEL_PACK,XIREC,10048.0,4
336800,SUBMISSION,,VELVETFRUIT_EXTRACT,XIREC,5259.0,6
336800,,,HYDROGEL_PACK,XIREC,10034.0,5
338000,,SUBMISSION,VELVETFRUIT_EXTRACT,XIREC,5261.0,3
340000,,SUBMISSION,VELVETFRUIT_EXTRACT,XIREC,5257.0,6
340000,,,HYDROGEL_PACK,XIREC,10028.0,6
345000,,,HYDROGEL_PACK,XIREC,10015.0,4
345100,,SUBMISSION,VELVETFRUIT_EXTRACT,XIREC,5252.0,5
345100,,,VEV_4000,XIREC,1242.0,2
345400,SUBMISSION,,VELVETFRUIT_EXTRACT,XIREC,5251.0,8
345600,,SUBMISSION,VELVETFRUIT_EXTRACT,XIREC,5254.0,7
346300,,SUBMISSION,VELVETFRUIT_EXTRACT,XIREC,5261.0,8
346400,SUBMISSION,,VELVETFRUIT_EXTRACT,XIREC,5259.0,3
347400,,,VEV_4000,XIREC,1253.0,1
348000,,SUBMISSION,VELVETFRUIT_EXTRACT,XIREC,5266.0,8
348300,,SUBMISSION,VELVETFRUIT_EXTRACT,XIREC,5269.0,8
348800,SUBMISSION,,VELVETFRUIT_EXTRACT,XIREC,5269.0,9
349400,SUBMISSION,,VELVETFRUIT_EXTRACT,XIREC,5267.0,5
350300,SUBMISSION,,VELVETFRUIT_EXTRACT,XIREC,5269.0,6
350700,,SUBMISSION,VELVETFRUIT_EXTRACT,XIREC,5275.0,6
351100,SUBMISSION,,VELVETFRUIT_EXTRACT,XIREC,5272.0,7
351800,,,VEV_4000,XIREC,1265.0,1
352700,,SUBMISSION,VELVETFRUIT_EXTRACT,XIREC,5273.0,7
352800,,SUBMISSION,VELVETFRUIT_EXTRACT,XIREC,5271.0,13
353900,SUBMISSION,,VELVETFRUIT_EXTRACT,XIREC,5271.0,9
354000,SUBMISSION,,VELVETFRUIT_EXTRACT,XIREC,5271.0,3
354400,SUBMISSION,,VELVETFRUIT_EXTRACT,XIREC,5272.0,4
356200,,,VEV_4000,XIREC,1262.0,1
358200,SUBMISSION,,HYDROGEL_PACK,XIREC,9995.0,6
359200,,SUBMISSION,HYDROGEL_PACK,XIREC,10003.0,6
359500,SUBMISSION,,VELVETFRUIT_EXTRACT,XIREC,5280.0,6
359900,,SUBMISSION,VELVETFRUIT_EXTRACT,XIREC,5282.0,5
360000,,,VEV_6000,XIREC,0.0,4
360000,,,VEV_6500,XIREC,0.0,4
360100,,SUBMISSION,VELVETFRUIT_EXTRACT,XIREC,5283.0,12
360300,,SUBMISSION,VELVETFRUIT_EXTRACT,XIREC,5283.0,12
360400,,SUBMISSION,VELVETFRUIT_EXTRACT,XIREC,5281.0,7
361100,,SUBMISSION,VELVETFRUIT_EXTRACT,XIREC,5276.0,8
362600,SUBMISSION,,VELVETFRUIT_EXTRACT,XIREC,5277.0,7
362700,,SUBMISSION,VELVETFRUIT_EXTRACT,XIREC,5278.0,10
363700,,,HYDROGEL_PACK,XIREC,10022.0,5
365100,,,VEV_4000,XIREC,1266.0,1
365200,,SUBMISSION,VELVETFRUIT_EXTRACT,XIREC,5277.0,15
366000,,SUBMISSION,VELVETFRUIT_EXTRACT,XIREC,5276.0,10
366300,SUBMISSION,,VELVETFRUIT_EXTRACT,XIREC,5278.0,8
366300,,,VELVETFRUIT_EXTRACT,XIREC,5279.0,7
366900,,,HYDROGEL_PACK,XIREC,10045.0,5
367000,,,HYDROGEL_PACK,XIREC,10042.0,5
367100,SUBMISSION,,VELVETFRUIT_EXTRACT,XIREC,5281.0,14
369300,,,VEV_4000,XIREC,1263.0,1
369900,SUBMISSION,,VELVETFRUIT_EXTRACT,XIREC,5275.0,8
370400,,,HYDROGEL_PACK,XIREC,10047.0,2
370500,SUBMISSION,,VELVETFRUIT_EXTRACT,XIREC,5277.0,9
370600,,,HYDROGEL_PACK,XIREC,10031.0,4
371900,,SUBMISSION,VELVETFRUIT_EXTRACT,XIREC,5280.0,7
372300,SUBMISSION,,VELVETFRUIT_EXTRACT,XIREC,5279.0,9
372300,,,VELVETFRUIT_EXTRACT,XIREC,5279.0,9
373300,,,HYDROGEL_PACK,XIREC,10054.0,2
374900,,SUBMISSION,VELVETFRUIT_EXTRACT,XIREC,5286.0,3
374900,,SUBMISSION,VEV_4000,XIREC,1294.0,1
375800,,SUBMISSION,VELVETFRUIT_EXTRACT,XIREC,5282.0,9
376500,,SUBMISSION,VELVETFRUIT_EXTRACT,XIREC,5286.0,3
376700,,SUBMISSION,VELVETFRUIT_EXTRACT,XIREC,5285.0,8
378100,SUBMISSION,,VEV_4000,XIREC,1268.0,1
378100,,,VEV_4000,XIREC,1267.0,2
380100,,SUBMISSION,VEV_4000,XIREC,1279.0,1
380500,,,HYDROGEL_PACK,XIREC,10043.0,4
381200,SUBMISSION,,VELVETFRUIT_EXTRACT,XIREC,5270.0,7
381400,,,HYDROGEL_PACK,XIREC,10035.0,4
381700,,SUBMISSION,VELVETFRUIT_EXTRACT,XIREC,5270.0,7
383100,,,HYDROGEL_PACK,XIREC,10033.0,6
383500,,SUBMISSION,VELVETFRUIT_EXTRACT,XIREC,5275.0,9
384500,SUBMISSION,,VELVETFRUIT_EXTRACT,XIREC,5274.0,8
386100,SUBMISSION,,VELVETFRUIT_EXTRACT,XIREC,5264.0,5
386500,,SUBMISSION,VELVETFRUIT_EXTRACT,XIREC,5270.0,3
387500,,SUBMISSION,VELVETFRUIT_EXTRACT,XIREC,5274.0,7
388000,,SUBMISSION,VELVETFRUIT_EXTRACT,XIREC,5274.0,4
388300,SUBMISSION,,VELVETFRUIT_EXTRACT,XIREC,5271.0,9
388900,SUBMISSION,,VELVETFRUIT_EXTRACT,XIREC,5270.0,7
389600,,SUBMISSION,VELVETFRUIT_EXTRACT,XIREC,5270.0,4
389800,,,HYDROGEL_PACK,XIREC,10018.0,4
390300,,SUBMISSION,VELVETFRUIT_EXTRACT,XIREC,5266.0,5
390400,,,HYDROGEL_PACK,XIREC,10003.0,6
392600,,SUBMISSION,VELVETFRUIT_EXTRACT,XIREC,5265.0,8
394200,SUBMISSION,,VELVETFRUIT_EXTRACT,XIREC,5262.0,7
394300,,SUBMISSION,VEV_4000,XIREC,1271.0,2
395500,SUBMISSION,,VELVETFRUIT_EXTRACT,XIREC,5262.0,3
396900,SUBMISSION,,VELVETFRUIT_EXTRACT,XIREC,5263.0,10
396900,,,VELVETFRUIT_EXTRACT,XIREC,5263.0,10
397900,SUBMISSION,,VELVETFRUIT_EXTRACT,XIREC,5261.0,6
398200,SUBMISSION,,VELVETFRUIT_EXTRACT,XIREC,5262.0,8
399700,SUBMISSION,,VELVETFRUIT_EXTRACT,XIREC,5260.0,6
400200,,SUBMISSION,VELVETFRUIT_EXTRACT,XIREC,5259.0,8
400900,,SUBMISSION,VELVETFRUIT_EXTRACT,XIREC,5262.0,15
402000,,,HYDROGEL_PACK,XIREC,10016.0,4
402100,SUBMISSION,,VEV_4000,XIREC,1263.0,3
402100,,,VEV_5400,XIREC,21.0,3
402100,,,VEV_5500,XIREC,9.0,3
402100,,,VEV_6000,XIREC,0.0,3
402100,,,VEV_6500,XIREC,0.0,3
402200,,SUBMISSION,VELVETFRUIT_EXTRACT,XIREC,5263.0,7
402700,SUBMISSION,,HYDROGEL_PACK,XIREC,9998.0,8
403800,SUBMISSION,,VELVETFRUIT_EXTRACT,XIREC,5260.0,15
404300,SUBMISSION,,VELVETFRUIT_EXTRACT,XIREC,5261.0,8
404400,,SUBMISSION,VELVETFRUIT_EXTRACT,XIREC,5263.0,7
405200,SUBMISSION,,HYDROGEL_PACK,XIREC,9999.0,15
405300,SUBMISSION,,HYDROGEL_PACK,XIREC,9999.0,15
405300,SUBMISSION,,HYDROGEL_PACK,XIREC,10001.0,22
405400,SUBMISSION,,HYDROGEL_PACK,XIREC,9998.0,11
405400,SUBMISSION,,HYDROGEL_PACK,XIREC,10000.0,20
405500,SUBMISSION,,HYDROGEL_PACK,XIREC,9997.0,12
405500,SUBMISSION,,HYDROGEL_PACK,XIREC,10000.0,23
405600,SUBMISSION,,HYDROGEL_PACK,XIREC,9999.0,12
405600,SUBMISSION,,HYDROGEL_PACK,XIREC,10001.0,7
405600,SUBMISSION,,HYDROGEL_PACK,XIREC,9999.0,5
405800,SUBMISSION,,HYDROGEL_PACK,XIREC,9998.0,14
405800,SUBMISSION,,VELVETFRUIT_EXTRACT,XIREC,5261.0,7
405900,SUBMISSION,,HYDROGEL_PACK,XIREC,9999.0,11
406000,SUBMISSION,,HYDROGEL_PACK,XIREC,9998.0,15
406100,SUBMISSION,,HYDROGEL_PACK,XIREC,9998.0,10
407400,,SUBMISSION,VEV_4000,XIREC,1280.0,1
407800,SUBMISSION,,VELVETFRUIT_EXTRACT,XIREC,5271.0,9
407800,SUBMISSION,,VELVETFRUIT_EXTRACT,XIREC,5271.0,9
408600,SUBMISSION,,VELVETFRUIT_EXTRACT,XIREC,5270.0,6
409600,SUBMISSION,,VELVETFRUIT_EXTRACT,XIREC,5270.0,6
410500,,,HYDROGEL_PACK,XIREC,9990.0,3
411400,,SUBMISSION,VEV_4000,XIREC,1280.0,1
414600,,,HYDROGEL_PACK,XIREC,9993.0,2
414800,,SUBMISSION,VELVETFRUIT_EXTRACT,XIREC,5265.0,5
414900,,SUBMISSION,VELVETFRUIT_EXTRACT,XIREC,5262.0,5
416400,,,HYDROGEL_PACK,XIREC,9964.0,5
417000,SUBMISSION,,VELVETFRUIT_EXTRACT,XIREC,5264.0,9
417000,SUBMISSION,,VELVETFRUIT_EXTRACT,XIREC,5264.0,9
417000,,,HYDROGEL_PACK,XIREC,9978.0,6
417100,,,HYDROGEL_PACK,XIREC,9977.0,2
417500,,SUBMISSION,VEV_4000,XIREC,1273.0,2
417600,,SUBMISSION,VELVETFRUIT_EXTRACT,XIREC,5264.0,5
419500,SUBMISSION,,VELVETFRUIT_EXTRACT,XIREC,5263.0,5
419900,,SUBMISSION,VELVETFRUIT_EXTRACT,XIREC,5263.0,10
420200,SUBMISSION,,VELVETFRUIT_EXTRACT,XIREC,5262.0,15
420400,SUBMISSION,,VEV_4000,XIREC,1263.0,3
420400,,,VEV_5400,XIREC,21.0,3
420400,,,VEV_5500,XIREC,9.0,3
420400,,,VEV_6000,XIREC,0.0,3
420400,,,VEV_6500,XIREC,0.0,3
421200,,SUBMISSION,VELVETFRUIT_EXTRACT,XIREC,5269.0,5
421900,SUBMISSION,,VELVETFRUIT_EXTRACT,XIREC,5266.0,10
422900,,,HYDROGEL_PACK,XIREC,9977.0,4
423100,SUBMISSION,,VELVETFRUIT_EXTRACT,XIREC,5265.0,2
423100,,,VELVETFRUIT_EXTRACT,XIREC,5264.0,4
425600,,,HYDROGEL_PACK,XIREC,9994.0,2
428200,,,VELVETFRUIT_EXTRACT,XIREC,5256.0,8
428300,,SUBMISSION,HYDROGEL_PACK,XIREC,10001.0,5
428500,SUBMISSION,,HYDROGEL_PACK,XIREC,9998.0,5
429100,,,HYDROGEL_PACK,XIREC,9979.0,3
429700,,,VELVETFRUIT_EXTRACT,XIREC,5249.0,8
430800,,SUBMISSION,VELVETFRUIT_EXTRACT,XIREC,5251.0,4
431800,,SUBMISSION,VEV_4000,XIREC,1259.0,1
432000,,SUBMISSION,VELVETFRUIT_EXTRACT,XIREC,5248.0,8
432300,,SUBMISSION,VELVETFRUIT_EXTRACT,XIREC,5248.0,11
433100,SUBMISSION,,VELVETFRUIT_EXTRACT,XIREC,5246.0,9
433100,SUBMISSION,,VELVETFRUIT_EXTRACT,XIREC,5246.0,9
433500,,SUBMISSION,VELVETFRUIT_EXTRACT,XIREC,5247.0,3
435200,,,HYDROGEL_PACK,XIREC,9978.0,6
436500,,,HYDROGEL_PACK,XIREC,9985.0,3
436600,,SUBMISSION,VELVETFRUIT_EXTRACT,XIREC,5248.0,8
437100,SUBMISSION,,VELVETFRUIT_EXTRACT,XIREC,5246.0,5
438500,SUBMISSION,,VELVETFRUIT_EXTRACT,XIREC,5245.0,11
440100,,SUBMISSION,VELVETFRUIT_EXTRACT,XIREC,5247.0,4
441300,,SUBMISSION,VELVETFRUIT_EXTRACT,XIREC,5244.0,8
442300,SUBMISSION,,VELVETFRUIT_EXTRACT,XIREC,5245.0,7
443700,,SUBMISSION,VELVETFRUIT_EXTRACT,XIREC,5247.0,6
443900,,,HYDROGEL_PACK,XIREC,9966.0,5
444500,SUBMISSION,,VELVETFRUIT_EXTRACT,XIREC,5251.0,9
445800,,SUBMISSION,VELVETFRUIT_EXTRACT,XIREC,5247.0,9
446300,,,HYDROGEL_PACK,XIREC,9960.0,3
446500,SUBMISSION,,VEV_4000,XIREC,1241.0,1
447100,SUBMISSION,,VELVETFRUIT_EXTRACT,XIREC,5250.0,5
447400,,,HYDROGEL_PACK,XIREC,9944.0,5
447500,,SUBMISSION,VEV_4000,XIREC,1260.0,3
447800,SUBMISSION,,VEV_4000,XIREC,1250.0,4
447800,,,VEV_4000,XIREC,1240.0,3
447800,,,VEV_5300,XIREC,49.0,5
447800,,,VEV_5400,XIREC,18.0,5
447800,,,VEV_5500,XIREC,7.0,5
447800,,,VEV_6000,XIREC,0.0,5
447800,,,VEV_6500,XIREC,0.0,5
448000,,,HYDROGEL_PACK,XIREC,9951.0,4
448100,,,VEV_4000,XIREC,1240.0,2
448400,,SUBMISSION,VELVETFRUIT_EXTRACT,XIREC,5252.0,7
449700,,,VEV_5400,XIREC,17.0,5
449700,,,VEV_5500,XIREC,7.0,5
449700,,,VEV_6000,XIREC,0.0,5
449700,,,VEV_6500,XIREC,0.0,5
450100,SUBMISSION,,VELVETFRUIT_EXTRACT,XIREC,5243.0,5
450300,,SUBMISSION,VELVETFRUIT_EXTRACT,XIREC,5246.0,9
450300,,SUBMISSION,VELVETFRUIT_EXTRACT,XIREC,5246.0,7
450400,,,VEV_4000,XIREC,1235.0,3
450500,SUBMISSION,,VELVETFRUIT_EXTRACT,XIREC,5243.0,6
450500,,,VELVETFRUIT_EXTRACT,XIREC,5243.0,6
452000,,SUBMISSION,VELVETFRUIT_EXTRACT,XIREC,5241.0,5
452500,,SUBMISSION,VELVETFRUIT_EXTRACT,XIREC,5237.0,8
452500,,SUBMISSION,VELVETFRUIT_EXTRACT,XIREC,5239.0,8
453100,,,VEV_5300,XIREC,45.0,3
453100,,,VEV_5400,XIREC,16.0,3
453100,,,VEV_5500,XIREC,6.0,3
453100,,,VEV_6000,XIREC,0.0,3
453100,,,VEV_6500,XIREC,0.0,3
453900,SUBMISSION,,VELVETFRUIT_EXTRACT,XIREC,5237.0,10
453900,,,VELVETFRUIT_EXTRACT,XIREC,5237.0,10
454500,SUBMISSION,,VELVETFRUIT_EXTRACT,XIREC,5241.0,8
454500,,,VEV_4000,XIREC,1232.0,2
455100,,,HYDROGEL_PACK,XIREC,9962.0,5
455600,SUBMISSION,,VELVETFRUIT_EXTRACT,XIREC,5242.0,4
456500,,SUBMISSION,VEV_4000,XIREC,1250.0,3
456600,,SUBMISSION,VELVETFRUIT_EXTRACT,XIREC,5242.0,8
457500,SUBMISSION,,VELVETFRUIT_EXTRACT,XIREC,5239.0,13
457600,,SUBMISSION,VELVETFRUIT_EXTRACT,XIREC,5240.0,5
458100,SUBMISSION,,VELVETFRUIT_EXTRACT,XIREC,5238.0,8
458500,SUBMISSION,,VELVETFRUIT_EXTRACT,XIREC,5238.0,9
459200,SUBMISSION,,VEV_4000,XIREC,1230.0,3
460000,,,HYDROGEL_PACK,XIREC,9979.0,6
460100,,,HYDROGEL_PACK,XIREC,9981.0,3
460400,,SUBMISSION,VELVETFRUIT_EXTRACT,XIREC,5235.0,5
461200,,SUBMISSION,VELVETFRUIT_EXTRACT,XIREC,5230.0,8
461500,SUBMISSION,,VELVETFRUIT_EXTRACT,XIREC,5228.0,8
462200,SUBMISSION,,VELVETFRUIT_EXTRACT,XIREC,5228.0,5
462800,,SUBMISSION,VELVETFRUIT_EXTRACT,XIREC,5230.0,7
462900,,,HYDROGEL_PACK,XIREC,9977.0,5
463000,,,HYDROGEL_PACK,XIREC,9974.0,3
463300,SUBMISSION,,VELVETFRUIT_EXTRACT,XIREC,5228.0,7
463300,,,VELVETFRUIT_EXTRACT,XIREC,5227.0,1
463700,,SUBMISSION,VELVETFRUIT_EXTRACT,XIREC,5233.0,3
466300,,SUBMISSION,VELVETFRUIT_EXTRACT,XIREC,5229.0,8
466900,SUBMISSION,,VELVETFRUIT_EXTRACT,XIREC,5229.0,10
467600,,,HYDROGEL_PACK,XIREC,9966.0,3
469900,,SUBMISSION,VELVETFRUIT_EXTRACT,XIREC,5232.0,3
470500,,SUBMISSION,VELVETFRUIT_EXTRACT,XIREC,5231.0,5
471100,,SUBMISSION,VELVETFRUIT_EXTRACT,XIREC,5230.0,6
471700,SUBMISSION,,VELVETFRUIT_EXTRACT,XIREC,5232.0,12
471700,,,HYDROGEL_PACK,XIREC,9980.0,3
472600,SUBMISSION,,VELVETFRUIT_EXTRACT,XIREC,5234.0,3
472600,,,VELVETFRUIT_EXTRACT,XIREC,5233.0,4
472700,,,VELVETFRUIT_EXTRACT,XIREC,5234.0,6
473100,,,HYDROGEL_PACK,XIREC,9970.0,3
474000,,SUBMISSION,VELVETFRUIT_EXTRACT,XIREC,5237.0,7
474600,SUBMISSION,,VELVETFRUIT_EXTRACT,XIREC,5232.0,7
474600,,,VELVETFRUIT_EXTRACT,XIREC,5232.0,9
474900,,,HYDROGEL_PACK,XIREC,9964.0,5
476200,,,HYDROGEL_PACK,XIREC,9957.0,4
476800,,SUBMISSION,VELVETFRUIT_EXTRACT,XIREC,5239.0,8
477700,,,HYDROGEL_PACK,XIREC,9958.0,5
477900,,SUBMISSION,VELVETFRUIT_EXTRACT,XIREC,5234.0,9
478400,,SUBMISSION,VELVETFRUIT_EXTRACT,XIREC,5233.0,5
478700,SUBMISSION,,VELVETFRUIT_EXTRACT,XIREC,5235.0,3
479200,,,VEV_5400,XIREC,15.0,2
479200,,,VEV_5500,XIREC,6.0,2
479200,,,VEV_6000,XIREC,0.0,2
479200,,,VEV_6500,XIREC,0.0,2
479800,SUBMISSION,,VELVETFRUIT_EXTRACT,XIREC,5240.0,10
481600,,,HYDROGEL_PACK,XIREC,9956.0,3
482700,,SUBMISSION,VELVETFRUIT_EXTRACT,XIREC,5250.0,7
483100,SUBMISSION,,VELVETFRUIT_EXTRACT,XIREC,5248.0,3
486200,,,VEV_5400,XIREC,17.0,4
486200,,,VEV_5500,XIREC,7.0,4
486200,,,VEV_6000,XIREC,0.0,4
486200,,,VEV_6500,XIREC,0.0,4
486700,,SUBMISSION,VELVETFRUIT_EXTRACT,XIREC,5244.0,9
487100,SUBMISSION,,VELVETFRUIT_EXTRACT,XIREC,5243.0,9
487500,,,HYDROGEL_PACK,XIREC,9959.0,4
488600,,SUBMISSION,VELVETFRUIT_EXTRACT,XIREC,5243.0,5
489700,,,HYDROGEL_PACK,XIREC,9956.0,6
489900,,,HYDROGEL_PACK,XIREC,9955.0,6
490300,,,VEV_5300,XIREC,45.0,2
490300,,,VEV_5400,XIREC,16.0,2
490300,,,VEV_5500,XIREC,7.0,2
490300,,,VEV_6000,XIREC,0.0,2
490300,,,VEV_6500,XIREC,0.0,2
491300,SUBMISSION,,VELVETFRUIT_EXTRACT,XIREC,5234.0,7
491300,,,VELVETFRUIT_EXTRACT,XIREC,5234.0,4
491300,,,VELVETFRUIT_EXTRACT,XIREC,5234.0,3
491600,,SUBMISSION,VELVETFRUIT_EXTRACT,XIREC,5237.0,3
491900,,SUBMISSION,VELVETFRUIT_EXTRACT,XIREC,5237.0,9
493600,,SUBMISSION,VELVETFRUIT_EXTRACT,XIREC,5240.0,5
493600,,,HYDROGEL_PACK,XIREC,9982.0,2
494100,,SUBMISSION,VELVETFRUIT_EXTRACT,XIREC,5243.0,6
494800,SUBMISSION,,VELVETFRUIT_EXTRACT,XIREC,5242.0,5
495200,,SUBMISSION,VELVETFRUIT_EXTRACT,XIREC,5241.0,7
495700,,SUBMISSION,VELVETFRUIT_EXTRACT,XIREC,5240.0,7
496000,SUBMISSION,,VELVETFRUIT_EXTRACT,XIREC,5240.0,9
496300,,,HYDROGEL_PACK,XIREC,9973.0,4
497200,,,HYDROGEL_PACK,XIREC,9971.0,5
498200,,,HYDROGEL_PACK,XIREC,9963.0,5
498300,,,VEV_4000,XIREC,1234.0,3
498400,,SUBMISSION,VELVETFRUIT_EXTRACT,XIREC,5245.0,7
499400,SUBMISSION,,VELVETFRUIT_EXTRACT,XIREC,5248.0,7
499600,,,HYDROGEL_PACK,XIREC,9979.0,6
501100,,SUBMISSION,VELVETFRUIT_EXTRACT,XIREC,5245.0,6
501400,,,HYDROGEL_PACK,XIREC,9986.0,5
501600,,,HYDROGEL_PACK,XIREC,9985.0,6
502000,,,HYDROGEL_PACK,XIREC,9983.0,3
502700,,SUBMISSION,VELVETFRUIT_EXTRACT,XIREC,5242.0,6
502900,,SUBMISSION,VELVETFRUIT_EXTRACT,XIREC,5241.0,8
503200,,,VEV_4000,XIREC,1228.0,3
504400,,,VEV_4000,XIREC,1228.0,3
504900,,,VEV_4000,XIREC,1227.0,3
505100,,SUBMISSION,VEV_4000,XIREC,1250.0,3
505300,,SUBMISSION,VELVETFRUIT_EXTRACT,XIREC,5241.0,7
505500,SUBMISSION,,VELVETFRUIT_EXTRACT,XIREC,5240.0,8
505700,SUBMISSION,,VEV_4000,XIREC,1239.0,3
505700,,,VEV_5300,XIREC,45.0,4
505700,,,VEV_5400,XIREC,16.0,4
505700,,,VEV_5500,XIREC,7.0,4
505700,,,VEV_6000,XIREC,0.0,4
505700,,,VEV_6500,XIREC,0.0,4
506200,,,VEV_4000,XIREC,1233.0,1
507500,SUBMISSION,,VELVETFRUIT_EXTRACT,XIREC,5232.0,6
510900,,,HYDROGEL_PACK,XIREC,9939.0,4
511600,,SUBMISSION,VELVETFRUIT_EXTRACT,XIREC,5227.0,8
512300,SUBMISSION,,VELVETFRUIT_EXTRACT,XIREC,5226.0,7
512600,SUBMISSION,,VELVETFRUIT_EXTRACT,XIREC,5228.0,10
513000,,SUBMISSION,VELVETFRUIT_EXTRACT,XIREC,5227.0,6
513300,SUBMISSION,,VELVETFRUIT_EXTRACT,XIREC,5225.0,10
513300,,,VELVETFRUIT_EXTRACT,XIREC,5225.0,10
513900,,SUBMISSION,VELVETFRUIT_EXTRACT,XIREC,5231.0,7
515500,SUBMISSION,,VELVETFRUIT_EXTRACT,XIREC,5225.0,7
515500,,,VELVETFRUIT_EXTRACT,XIREC,5225.0,7
515600,,,HYDROGEL_PACK,XIREC,9931.0,5
515800,,SUBMISSION,VELVETFRUIT_EXTRACT,XIREC,5226.0,8
515800,,SUBMISSION,VELVETFRUIT_EXTRACT,XIREC,5226.0,4
516300,,,HYDROGEL_PACK,XIREC,9937.0,5
517700,,,VEV_4000,XIREC,1223.0,2
517800,,SUBMISSION,VELVETFRUIT_EXTRACT,XIREC,5233.0,9
517900,,,HYDROGEL_PACK,XIREC,9954.0,3
518000,SUBMISSION,,VELVETFRUIT_EXTRACT,XIREC,5235.0,7
518000,,,HYDROGEL_PACK,XIREC,9936.0,5
518000,,,VEV_4000,XIREC,1226.0,2
518600,,SUBMISSION,VELVETFRUIT_EXTRACT,XIREC,5240.0,9
518700,,SUBMISSION,VELVETFRUIT_EXTRACT,XIREC,5240.0,15
519000,SUBMISSION,,VELVETFRUIT_EXTRACT,XIREC,5240.0,11
519400,,SUBMISSION,VELVETFRUIT_EXTRACT,XIREC,5243.0,10
519500,,SUBMISSION,VELVETFRUIT_EXTRACT,XIREC,5243.0,9
519600,SUBMISSION,,VELVETFRUIT_EXTRACT,XIREC,5242.0,5
519700,SUBMISSION,,VELVETFRUIT_EXTRACT,XIREC,5243.0,7
520200,SUBMISSION,,VELVETFRUIT_EXTRACT,XIREC,5244.0,4
521000,SUBMISSION,,VELVETFRUIT_EXTRACT,XIREC,5247.0,5
521400,,,HYDROGEL_PACK,XIREC,9965.0,6
521500,SUBMISSION,,VELVETFRUIT_EXTRACT,XIREC,5249.0,4
522300,,,HYDROGEL_PACK,XIREC,9971.0,6
522400,SUBMISSION,,VELVETFRUIT_EXTRACT,XIREC,5250.0,7
523200,,SUBMISSION,VELVETFRUIT_EXTRACT,XIREC,5254.0,8
523700,,,VEV_4000,XIREC,1241.0,1
525000,SUBMISSION,,VELVETFRUIT_EXTRACT,XIREC,5254.0,15
525200,,,VEV_4000,XIREC,1244.0,3
525700,,SUBMISSION,VELVETFRUIT_EXTRACT,XIREC,5254.0,9
525700,,SUBMISSION,VELVETFRUIT_EXTRACT,XIREC,5254.0,8
526300,,SUBMISSION,VEV_4000,XIREC,1266.0,2
526600,SUBMISSION,,VEV_4000,XIREC,1246.0,2
526800,,,HYDROGEL_PACK,XIREC,9990.0,2
527200,,,HYDROGEL_PACK,XIREC,9972.0,5
528200,,SUBMISSION,VELVETFRUIT_EXTRACT,XIREC,5257.0,6
528600,,SUBMISSION,VELVETFRUIT_EXTRACT,XIREC,5258.0,6
528700,,,VEV_4000,XIREC,1249.0,2
530400,,SUBMISSION,VELVETFRUIT_EXTRACT,XIREC,5262.0,7
531300,SUBMISSION,,VELVETFRUIT_EXTRACT,XIREC,5255.0,10
531300,,,VELVETFRUIT_EXTRACT,XIREC,5255.0,10
532500,,SUBMISSION,VEV_4000,XIREC,1266.0,2
534700,SUBMISSION,,VEV_4000,XIREC,1254.0,2
534700,,,VEV_5300,XIREC,51.0,5
534700,,,VEV_5500,XIREC,8.0,5
534700,,,VEV_6000,XIREC,0.0,5
534700,,,VEV_6500,XIREC,0.0,5
535000,SUBMISSION,,VELVETFRUIT_EXTRACT,XIREC,5250.0,3
535900,SUBMISSION,,VELVETFRUIT_EXTRACT,XIREC,5253.0,7
535900,,,VELVETFRUIT_EXTRACT,XIREC,5253.0,7
537100,,SUBMISSION,VELVETFRUIT_EXTRACT,XIREC,5247.0,10
537500,SUBMISSION,,VELVETFRUIT_EXTRACT,XIREC,5248.0,8
538100,,SUBMISSION,VEV_4000,XIREC,1255.0,2
540100,,SUBMISSION,VELVETFRUIT_EXTRACT,XIREC,5245.0,7
540300,,,HYDROGEL_PACK,XIREC,9980.0,2
541200,,SUBMISSION,VELVETFRUIT_EXTRACT,XIREC,5245.0,14
542600,,SUBMISSION,VELVETFRUIT_EXTRACT,XIREC,5248.0,7
543200,SUBMISSION,,VELVETFRUIT_EXTRACT,XIREC,5242.0,8
543800,,SUBMISSION,VELVETFRUIT_EXTRACT,XIREC,5238.0,6
544700,SUBMISSION,,VELVETFRUIT_EXTRACT,XIREC,5235.0,10
545700,,,HYDROGEL_PACK,XIREC,9963.0,5
546100,,SUBMISSION,VELVETFRUIT_EXTRACT,XIREC,5239.0,15
546200,,SUBMISSION,VELVETFRUIT_EXTRACT,XIREC,5242.0,5
546400,,SUBMISSION,VEV_4000,XIREC,1250.0,3
546900,SUBMISSION,,VELVETFRUIT_EXTRACT,XIREC,5240.0,1
546900,SUBMISSION,,VELVETFRUIT_EXTRACT,XIREC,5240.0,9
547100,SUBMISSION,,VELVETFRUIT_EXTRACT,XIREC,5240.0,12
547100,,,VELVETFRUIT_EXTRACT,XIREC,5240.0,12
547400,SUBMISSION,,VELVETFRUIT_EXTRACT,XIREC,5239.0,3
547700,,SUBMISSION,VELVETFRUIT_EXTRACT,XIREC,5240.0,10
548800,,SUBMISSION,VEV_4000,XIREC,1252.0,2
548900,,,VELVETFRUIT_EXTRACT,XIREC,5241.0,3
550400,SUBMISSION,,VELVETFRUIT_EXTRACT,XIREC,5243.0,9
550400,,,VELVETFRUIT_EXTRACT,XIREC,5243.0,9
550800,SUBMISSION,,VELVETFRUIT_EXTRACT,XIREC,5246.0,9
551000,SUBMISSION,,VELVETFRUIT_EXTRACT,XIREC,5246.0,9
551200,SUBMISSION,,VELVETFRUIT_EXTRACT,XIREC,5245.0,4
552800,,SUBMISSION,VELVETFRUIT_EXTRACT,XIREC,5247.0,7
553800,SUBMISSION,,VELVETFRUIT_EXTRACT,XIREC,5242.0,15
553800,SUBMISSION,,VELVETFRUIT_EXTRACT,XIREC,5242.0,15
554300,SUBMISSION,,VELVETFRUIT_EXTRACT,XIREC,5241.0,3
554300,,,HYDROGEL_PACK,XIREC,9943.0,5
554500,SUBMISSION,,VEV_4000,XIREC,1241.0,4
554500,,,VEV_5400,XIREC,16.0,4
554500,,,VEV_5500,XIREC,7.0,4
554500,,,VEV_6000,XIREC,0.0,4
554500,,,VEV_6500,XIREC,0.0,4
555000,,,HYDROGEL_PACK,XIREC,9938.0,2
555800,,SUBMISSION,VELVETFRUIT_EXTRACT,XIREC,5239.0,6
556700,,SUBMISSION,VELVETFRUIT_EXTRACT,XIREC,5236.0,5
557200,SUBMISSION,,VELVETFRUIT_EXTRACT,XIREC,5235.0,11
557400,,,HYDROGEL_PACK,XIREC,9960.0,2
558300,SUBMISSION,,VELVETFRUIT_EXTRACT,XIREC,5236.0,8
558300,,,HYDROGEL_PACK,XIREC,9971.0,3
558700,,SUBMISSION,VELVETFRUIT_EXTRACT,XIREC,5235.0,10
559100,SUBMISSION,,VELVETFRUIT_EXTRACT,XIREC,5236.0,7
559800,,,HYDROGEL_PACK,XIREC,9972.0,6
559900,,SUBMISSION,VELVETFRUIT_EXTRACT,XIREC,5234.0,10
560000,,SUBMISSION,VELVETFRUIT_EXTRACT,XIREC,5235.0,10
560800,,SUBMISSION,VELVETFRUIT_EXTRACT,XIREC,5237.0,4
561300,SUBMISSION,,VELVETFRUIT_EXTRACT,XIREC,5236.0,8
562800,SUBMISSION,,VELVETFRUIT_EXTRACT,XIREC,5238.0,12
562900,,,HYDROGEL_PACK,XIREC,9960.0,5
563300,,SUBMISSION,VEV_4000,XIREC,1246.0,3
564200,,SUBMISSION,VELVETFRUIT_EXTRACT,XIREC,5239.0,7
565000,,SUBMISSION,VELVETFRUIT_EXTRACT,XIREC,5239.0,6
566400,,SUBMISSION,VELVETFRUIT_EXTRACT,XIREC,5245.0,6
566500,,,HYDROGEL_PACK,XIREC,9958.0,3
567800,,SUBMISSION,VELVETFRUIT_EXTRACT,XIREC,5247.0,11
568200,SUBMISSION,,VELVETFRUIT_EXTRACT,XIREC,5248.0,7
568400,,,HYDROGEL_PACK,XIREC,9949.0,4
568500,,,HYDROGEL_PACK,XIREC,9965.0,3
568800,SUBMISSION,,VEV_4000,XIREC,1252.0,3
568800,,,VEV_5400,XIREC,18.0,3
568800,,,VEV_5500,XIREC,8.0,3
568800,,,VEV_6000,XIREC,0.0,3
568800,,,VEV_6500,XIREC,0.0,3
569000,,SUBMISSION,VELVETFRUIT_EXTRACT,XIREC,5253.0,8
570900,,SUBMISSION,VELVETFRUIT_EXTRACT,XIREC,5247.0,9
571700,,SUBMISSION,VELVETFRUIT_EXTRACT,XIREC,5248.0,8
571900,SUBMISSION,,VELVETFRUIT_EXTRACT,XIREC,5246.0,7
573700,,SUBMISSION,VELVETFRUIT_EXTRACT,XIREC,5245.0,10
574300,,,HYDROGEL_PACK,XIREC,9951.0,4
574400,SUBMISSION,,VELVETFRUIT_EXTRACT,XIREC,5240.0,5
575000,SUBMISSION,,VEV_4000,XIREC,1241.0,3
575000,,,VEV_5300,XIREC,46.0,5
575000,,,VEV_5500,XIREC,7.0,5
575000,,,VEV_6000,XIREC,0.0,5
575000,,,VEV_6500,XIREC,0.0,5
575300,SUBMISSION,,VELVETFRUIT_EXTRACT,XIREC,5241.0,9
575500,,SUBMISSION,VELVETFRUIT_EXTRACT,XIREC,5242.0,8
576000,SUBMISSION,,VELVETFRUIT_EXTRACT,XIREC,5242.0,10
576600,,SUBMISSION,VELVETFRUIT_EXTRACT,XIREC,5238.0,6
577000,,SUBMISSION,VEV_4000,XIREC,1250.0,3
577100,,SUBMISSION,VEV_4000,XIREC,1250.0,1
577200,,SUBMISSION,VELVETFRUIT_EXTRACT,XIREC,5239.0,6
579000,,SUBMISSION,VELVETFRUIT_EXTRACT,XIREC,5243.0,5
579200,SUBMISSION,,VELVETFRUIT_EXTRACT,XIREC,5241.0,4
579300,,,HYDROGEL_PACK,XIREC,9969.0,2
579800,,SUBMISSION,VELVETFRUIT_EXTRACT,XIREC,5244.0,6
581000,SUBMISSION,,VELVETFRUIT_EXTRACT,XIREC,5242.0,7
581900,,,HYDROGEL_PACK,XIREC,9969.0,5
582400,,SUBMISSION,VELVETFRUIT_EXTRACT,XIREC,5241.0,5
582500,SUBMISSION,,VELVETFRUIT_EXTRACT,XIREC,5240.0,8
583800,,SUBMISSION,VELVETFRUIT_EXTRACT,XIREC,5238.0,6
584300,SUBMISSION,,VELVETFRUIT_EXTRACT,XIREC,5238.0,8
585000,SUBMISSION,,VEV_4000,XIREC,1242.0,4
585000,,,VEV_5400,XIREC,16.0,4
585000,,,VEV_5500,XIREC,7.0,4
585000,,,VEV_6000,XIREC,0.0,4
585000,,,VEV_6500,XIREC,0.0,4
585100,,SUBMISSION,VELVETFRUIT_EXTRACT,XIREC,5245.0,6
585200,,SUBMISSION,VELVETFRUIT_EXTRACT,XIREC,5243.0,10
585200,,SUBMISSION,VEV_4000,XIREC,1253.0,2
585800,SUBMISSION,,VELVETFRUIT_EXTRACT,XIREC,5234.0,6
586300,SUBMISSION,,VELVETFRUIT_EXTRACT,XIREC,5239.0,5
586400,SUBMISSION,,VELVETFRUIT_EXTRACT,XIREC,5240.0,5
588800,,SUBMISSION,VELVETFRUIT_EXTRACT,XIREC,5243.0,14
588900,,,HYDROGEL_PACK,XIREC,9991.0,3
589300,SUBMISSION,,VELVETFRUIT_EXTRACT,XIREC,5243.0,8
590500,,SUBMISSION,VEV_4000,XIREC,1249.0,2
591100,SUBMISSION,,VEV_4000,XIREC,1241.0,2
591100,,,VEV_5300,XIREC,46.0,2
591100,,,VEV_5500,XIREC,7.0,2
591100,,,VEV_6000,XIREC,0.0,2
591100,,,VEV_6500,XIREC,0.0,2
591300,,,HYDROGEL_PACK,XIREC,9980.0,2
592300,,,HYDROGEL_PACK,XIREC,9982.0,4
592500,SUBMISSION,,VELVETFRUIT_EXTRACT,XIREC,5248.0,10
592500,,,VELVETFRUIT_EXTRACT,XIREC,5248.0,10
593200,,SUBMISSION,VELVETFRUIT_EXTRACT,XIREC,5248.0,3
593300,SUBMISSION,,VEV_4000,XIREC,1246.0,2
593300,,,VEV_5400,XIREC,16.0,2
593300,,,VEV_5500,XIREC,7.0,2
593300,,,VEV_6000,XIREC,0.0,2
593300,,,VEV_6500,XIREC,0.0,2
594000,,SUBMISSION,VELVETFRUIT_EXTRACT,XIREC,5246.0,14
594300,,SUBMISSION,VEV_4000,XIREC,1256.0,3
596100,,,HYDROGEL_PACK,XIREC,9977.0,4
596500,,,HYDROGEL_PACK,XIREC,9996.0,6
597000,,SUBMISSION,VELVETFRUIT_EXTRACT,XIREC,5247.0,9
598100,,,HYDROGEL_PACK,XIREC,9981.0,6
598900,,SUBMISSION,VELVETFRUIT_EXTRACT,XIREC,5248.0,6
599000,,SUBMISSION,VELVETFRUIT_EXTRACT,XIREC,5251.0,3
599500,,SUBMISSION,HYDROGEL_PACK,XIREC,10002.0,2
599700,SUBMISSION,,HYDROGEL_PACK,XIREC,9987.0,2
599700,,,HYDROGEL_PACK,XIREC,9986.0,3
599900,,SUBMISSION,VELVETFRUIT_EXTRACT,XIREC,5247.0,6
600300,SUBMISSION,,VELVETFRUIT_EXTRACT,XIREC,5245.0,8
601400,,SUBMISSION,VELVETFRUIT_EXTRACT,XIREC,5244.0,8
601600,,,HYDROGEL_PACK,XIREC,9996.0,6
603000,SUBMISSION,,VEV_4000,XIREC,1242.0,2
603000,,,VEV_5300,XIREC,46.0,2
603000,,,VEV_5500,XIREC,7.0,2
603000,,,VEV_6000,XIREC,0.0,2
603000,,,VEV_6500,XIREC,0.0,2
603100,,SUBMISSION,VEV_4000,XIREC,1251.0,3
604600,,SUBMISSION,HYDROGEL_PACK,XIREC,9999.0,11
604600,,SUBMISSION,VELVETFRUIT_EXTRACT,XIREC,5242.0,7
604700,,SUBMISSION,HYDROGEL_PACK,XIREC,10001.0,12
604800,,SUBMISSION,HYDROGEL_PACK,XIREC,10000.0,14
604800,,SUBMISSION,VELVETFRUIT_EXTRACT,XIREC,5238.0,10
604900,,SUBMISSION,HYDROGEL_PACK,XIREC,10000.0,13
604900,SUBMISSION,,VELVETFRUIT_EXTRACT,XIREC,5237.0,7
605100,,SUBMISSION,HYDROGEL_PACK,XIREC,10001.0,11
605200,,SUBMISSION,HYDROGEL_PACK,XIREC,10002.0,13
605200,,SUBMISSION,HYDROGEL_PACK,XIREC,9999.0,21
605300,,SUBMISSION,HYDROGEL_PACK,XIREC,10007.0,7
605300,,SUBMISSION,HYDROGEL_PACK,XIREC,9999.0,12
605600,,SUBMISSION,VELVETFRUIT_EXTRACT,XIREC,5238.0,5
605900,SUBMISSION,,VELVETFRUIT_EXTRACT,XIREC,5236.0,8
606100,,SUBMISSION,HYDROGEL_PACK,XIREC,9999.0,12
606200,,SUBMISSION,HYDROGEL_PACK,XIREC,10000.0,11
606400,,SUBMISSION,HYDROGEL_PACK,XIREC,10000.0,3
606800,SUBMISSION,,VELVETFRUIT_EXTRACT,XIREC,5237.0,3
607700,,SUBMISSION,HYDROGEL_PACK,XIREC,10002.0,10
607700,,SUBMISSION,HYDROGEL_PACK,XIREC,10002.0,4
608000,SUBMISSION,,VELVETFRUIT_EXTRACT,XIREC,5237.0,8
608700,,SUBMISSION,HYDROGEL_PACK,XIREC,10004.0,6
608700,,SUBMISSION,HYDROGEL_PACK,XIREC,10004.0,9
608700,,SUBMISSION,HYDROGEL_PACK,XIREC,10002.0,25
608800,,SUBMISSION,HYDROGEL_PACK,XIREC,10005.0,6
611300,,SUBMISSION,VEV_4000,XIREC,1249.0,1
611700,SUBMISSION,,VELVETFRUIT_EXTRACT,XIREC,5237.0,2
611900,,SUBMISSION,VELVETFRUIT_EXTRACT,XIREC,5235.0,6
613300,SUBMISSION,,VEV_4000,XIREC,1232.0,5
613300,,,VEV_5400,XIREC,14.0,5
613300,,,VEV_5500,XIREC,6.0,5
613300,,,VEV_6000,XIREC,0.0,5
613300,,,VEV_6500,XIREC,0.0,5
614600,,SUBMISSION,VELVETFRUIT_EXTRACT,XIREC,5227.0,2
615700,,SUBMISSION,VELVETFRUIT_EXTRACT,XIREC,5227.0,2
616300,,SUBMISSION,VELVETFRUIT_EXTRACT,XIREC,5226.0,1
616300,,SUBMISSION,VELVETFRUIT_EXTRACT,XIREC,5226.0,13
616500,,,HYDROGEL_PACK,XIREC,10016.0,6
618000,SUBMISSION,,VELVETFRUIT_EXTRACT,XIREC,5229.0,6
618200,SUBMISSION,,HYDROGEL_PACK,XIREC,9995.0,5
618500,SUBMISSION,,HYDROGEL_PACK,XIREC,10001.0,10
618600,SUBMISSION,,HYDROGEL_PACK,XIREC,10001.0,15
618800,SUBMISSION,,VELVETFRUIT_EXTRACT,XIREC,5227.0,5
619000,SUBMISSION,,HYDROGEL_PACK,XIREC,9988.0,2
619500,SUBMISSION,,VELVETFRUIT_EXTRACT,XIREC,5226.0,10
620400,SUBMISSION,,VELVETFRUIT_EXTRACT,XIREC,5225.0,4
620500,,SUBMISSION,VELVETFRUIT_EXTRACT,XIREC,5225.0,6
621100,,SUBMISSION,VELVETFRUIT_EXTRACT,XIREC,5225.0,7
621900,,SUBMISSION,VELVETFRUIT_EXTRACT,XIREC,5224.0,8
622000,,SUBMISSION,HYDROGEL_PACK,XIREC,10010.0,6
622100,,,VEV_4000,XIREC,1213.0,2
622700,SUBMISSION,,VELVETFRUIT_EXTRACT,XIREC,5221.0,7
623300,SUBMISSION,,VELVETFRUIT_EXTRACT,XIREC,5219.0,3
623600,SUBMISSION,,HYDROGEL_PACK,XIREC,9996.0,4
623900,,SUBMISSION,VEV_4000,XIREC,1228.0,2
624200,SUBMISSION,,HYDROGEL_PACK,XIREC,10001.0,15
624300,SUBMISSION,,HYDROGEL_PACK,XIREC,9998.0,13
624300,SUBMISSION,,HYDROGEL_PACK,XIREC,10001.0,20
624400,SUBMISSION,,HYDROGEL_PACK,XIREC,10000.0,12
624800,SUBMISSION,,VELVETFRUIT_EXTRACT,XIREC,5220.0,6
624800,SUBMISSION,,VELVETFRUIT_EXTRACT,XIREC,5220.0,6
625500,SUBMISSION,,HYDROGEL_PACK,XIREC,10000.0,15
625600,SUBMISSION,,VELVETFRUIT_EXTRACT,XIREC,5222.0,8
625700,SUBMISSION,,HYDROGEL_PACK,XIREC,10001.0,14
625700,SUBMISSION,,HYDROGEL_PACK,XIREC,9986.0,2
625800,SUBMISSION,,HYDROGEL_PACK,XIREC,10001.0,12
625900,SUBMISSION,,HYDROGEL_PACK,XIREC,10000.0,7
626100,SUBMISSION,,HYDROGEL_PACK,XIREC,9997.0,10
626100,SUBMISSION,,HYDROGEL_PACK,XIREC,10000.0,5
626200,SUBMISSION,,HYDROGEL_PACK,XIREC,9998.0,12
626300,SUBMISSION,,HYDROGEL_PACK,XIREC,9997.0,15
626400,SUBMISSION,,VELVETFRUIT_EXTRACT,XIREC,5220.0,10
626500,SUBMISSION,,HYDROGEL_PACK,XIREC,9998.0,15
626500,,SUBMISSION,VELVETFRUIT_EXTRACT,XIREC,5220.0,8
626500,SUBMISSION,,VEV_4000,XIREC,1220.0,2
626500,,,VEV_5300,XIREC,38.0,2
626500,,,VEV_5400,XIREC,12.0,2
626500,,,VEV_5500,XIREC,5.0,2
626500,,,VEV_6000,XIREC,0.0,2
626500,,,VEV_6500,XIREC,0.0,2
626700,SUBMISSION,,HYDROGEL_PACK,XIREC,9998.0,3
626900,,,HYDROGEL_PACK,XIREC,9980.0,2
627400,,,HYDROGEL_PACK,XIREC,9989.0,5
628000,SUBMISSION,,VELVETFRUIT_EXTRACT,XIREC,5218.0,8
628800,,SUBMISSION,VELVETFRUIT_EXTRACT,XIREC,5222.0,5
629100,SUBMISSION,,VELVETFRUIT_EXTRACT,XIREC,5221.0,4
629300,,SUBMISSION,VELVETFRUIT_EXTRACT,XIREC,5221.0,8
629300,,,HYDROGEL_PACK,XIREC,9997.0,4
629600,,SUBMISSION,VELVETFRUIT_EXTRACT,XIREC,5223.0,13
629700,,,HYDROGEL_PACK,XIREC,9983.0,4
631100,,SUBMISSION,HYDROGEL_PACK,XIREC,10004.0,3
631900,,,VEV_5300,XIREC,38.0,4
631900,,,VEV_5400,XIREC,12.0,4
631900,,,VEV_5500,XIREC,5.0,4
631900,,,VEV_6000,XIREC,0.0,4
631900,,,VEV_6500,XIREC,0.0,4
634400,SUBMISSION,,VELVETFRUIT_EXTRACT,XIREC,5228.0,3
634400,SUBMISSION,,VELVETFRUIT_EXTRACT,XIREC,5228.0,6
634800,,SUBMISSION,HYDROGEL_PACK,XIREC,10011.0,2
635000,,SUBMISSION,VELVETFRUIT_EXTRACT,XIREC,5227.0,5
636500,,SUBMISSION,HYDROGEL_PACK,XIREC,10003.0,7
636500,SUBMISSION,,VELVETFRUIT_EXTRACT,XIREC,5226.0,3
636700,,SUBMISSION,HYDROGEL_PACK,XIREC,9999.0,10
636700,,SUBMISSION,HYDROGEL_PACK,XIREC,10014.0,3
637800,,SUBMISSION,VELVETFRUIT_EXTRACT,XIREC,5231.0,4
638200,,SUBMISSION,VELVETFRUIT_EXTRACT,XIREC,5231.0,11
638400,SUBMISSION,,HYDROGEL_PACK,XIREC,9989.0,5
638400,,SUBMISSION,VELVETFRUIT_EXTRACT,XIREC,5230.0,1
638500,,SUBMISSION,HYDROGEL_PACK,XIREC,10002.0,6
639300,SUBMISSION,,HYDROGEL_PACK,XIREC,9999.0,11
639400,SUBMISSION,,HYDROGEL_PACK,XIREC,9998.0,15
639800,,SUBMISSION,VELVETFRUIT_EXTRACT,XIREC,5232.0,5
639900,,,HYDROGEL_PACK,XIREC,9978.0,2
640100,,,HYDROGEL_PACK,XIREC,9998.0,4
640200,SUBMISSION,,VELVETFRUIT_EXTRACT,XIREC,5231.0,14
640300,,,VEV_5300,XIREC,42.0,5
640300,,,VEV_5500,XIREC,6.0,5
640300,,,VEV_6000,XIREC,0.0,5
640300,,,VEV_6500,XIREC,0.0,5
640800,,,HYDROGEL_PACK,XIREC,9983.0,5
641600,SUBMISSION,,VELVETFRUIT_EXTRACT,XIREC,5230.0,8
641800,,SUBMISSION,VELVETFRUIT_EXTRACT,XIREC,5232.0,6
642400,SUBMISSION,,VELVETFRUIT_EXTRACT,XIREC,5228.0,8
642700,SUBMISSION,,VELVETFRUIT_EXTRACT,XIREC,5229.0,13
642700,SUBMISSION,,VELVETFRUIT_EXTRACT,XIREC,5229.0,13
642800,SUBMISSION,,VELVETFRUIT_EXTRACT,XIREC,5230.0,6
643100,,SUBMISSION,HYDROGEL_PACK,XIREC,10000.0,8
643100,,SUBMISSION,VELVETFRUIT_EXTRACT,XIREC,5231.0,13
643900,,SUBMISSION,HYDROGEL_PACK,XIREC,10009.0,6
644300,,,VEV_4000,XIREC,1217.0,2
644700,,SUBMISSION,VELVETFRUIT_EXTRACT,XIREC,5232.0,4
644900,,SUBMISSION,HYDROGEL_PACK,XIREC,10003.0,12
644900,,SUBMISSION,HYDROGEL_PACK,XIREC,10000.0,25
645000,,SUBMISSION,HYDROGEL_PACK,XIREC,10001.0,11
645000,,SUBMISSION,HYDROGEL_PACK,XIREC,9999.0,30
645000,,SUBMISSION,VEV_4000,XIREC,1239.0,1
645100,,SUBMISSION,HYDROGEL_PACK,XIREC,10005.0,15
645100,,SUBMISSION,HYDROGEL_PACK,XIREC,10002.0,30
645200,,SUBMISSION,HYDROGEL_PACK,XIREC,10006.0,15
645200,,SUBMISSION,HYDROGEL_PACK,XIREC,10004.0,18
645200,,SUBMISSION,HYDROGEL_PACK,XIREC,10004.0,2
645200,SUBMISSION,,VELVETFRUIT_EXTRACT,XIREC,5225.0,7
645300,,SUBMISSION,HYDROGEL_PACK,XIREC,10010.0,14
645300,,SUBMISSION,HYDROGEL_PACK,XIREC,10007.0,4
645400,,SUBMISSION,HYDROGEL_PACK,XIREC,10009.0,10
645400,,SUBMISSION,VELVETFRUIT_EXTRACT,XIREC,5228.0,9
645400,,,HYDROGEL_PACK,XIREC,10009.0,4
645500,,,HYDROGEL_PACK,XIREC,10024.0,2
645800,SUBMISSION,,VEV_4000,XIREC,1219.0,1
646100,,SUBMISSION,VELVETFRUIT_EXTRACT,XIREC,5227.0,7
646500,,,HYDROGEL_PACK,XIREC,10029.0,6
646800,,SUBMISSION,VELVETFRUIT_EXTRACT,XIREC,5232.0,5
647300,SUBMISSION,,VELVETFRUIT_EXTRACT,XIREC,5227.0,8
647500,,SUBMISSION,VELVETFRUIT_EXTRACT,XIREC,5227.0,8
648100,,SUBMISSION,VELVETFRUIT_EXTRACT,XIREC,5227.0,3
648600,SUBMISSION,,VELVETFRUIT_EXTRACT,XIREC,5224.0,14
649600,,,HYDROGEL_PACK,XIREC,10013.0,2
650900,SUBMISSION,,VELVETFRUIT_EXTRACT,XIREC,5228.0,4
651600,,SUBMISSION,VELVETFRUIT_EXTRACT,XIREC,5232.0,5
652300,,,HYDROGEL_PACK,XIREC,10006.0,3
653500,,,HYDROGEL_PACK,XIREC,10012.0,6
654200,,SUBMISSION,VELVETFRUIT_EXTRACT,XIREC,5232.0,9
655000,SUBMISSION,,VELVETFRUIT_EXTRACT,XIREC,5232.0,5
655800,,,VEV_5200,XIREC,88.0,5
655800,,,VEV_5500,XIREC,6.0,5
655800,,,VEV_6000,XIREC,0.0,5
655800,,,VEV_6500,XIREC,0.0,5
655900,,,VEV_5300,XIREC,42.0,3
655900,,,VEV_5500,XIREC,6.0,3
655900,,,VEV_6000,XIREC,0.0,3
655900,,,VEV_6500,XIREC,0.0,3
656000,SUBMISSION,,VELVETFRUIT_EXTRACT,XIREC,5231.0,6
657100,,,VEV_4000,XIREC,1225.0,1
657300,,SUBMISSION,VELVETFRUIT_EXTRACT,XIREC,5235.0,8
658800,,SUBMISSION,VEV_4000,XIREC,1247.0,2
659100,SUBMISSION,,VELVETFRUIT_EXTRACT,XIREC,5236.0,8
661000,,SUBMISSION,VELVETFRUIT_EXTRACT,XIREC,5239.0,14
661300,,SUBMISSION,VELVETFRUIT_EXTRACT,XIREC,5240.0,9
661800,,,HYDROGEL_PACK,XIREC,10022.0,4
662400,,,HYDROGEL_PACK,XIREC,10004.0,5
662500,,SUBMISSION,VEV_4000,XIREC,1255.0,1
663100,SUBMISSION,,HYDROGEL_PACK,XIREC,9999.0,5
663200,SUBMISSION,,VEV_4000,XIREC,1232.0,1
663300,,SUBMISSION,VELVETFRUIT_EXTRACT,XIREC,5244.0,3
663600,,SUBMISSION,HYDROGEL_PACK,XIREC,10003.0,5
663600,,SUBMISSION,VELVETFRUIT_EXTRACT,XIREC,5242.0,3
663600,SUBMISSION,,VELVETFRUIT_EXTRACT,XIREC,5242.0,5
664000,,SUBMISSION,VEV_4000,XIREC,1250.0,2
664100,,SUBMISSION,VEV_4000,XIREC,1252.0,2
665500,,SUBMISSION,VEV_4000,XIREC,1252.0,2
668000,SUBMISSION,,HYDROGEL_PACK,XIREC,9999.0,6
668300,,SUBMISSION,VELVETFRUIT_EXTRACT,XIREC,5244.0,4
669000,SUBMISSION,,VELVETFRUIT_EXTRACT,XIREC,5239.0,6
669500,,SUBMISSION,VELVETFRUIT_EXTRACT,XIREC,5239.0,9
669600,,SUBMISSION,VELVETFRUIT_EXTRACT,XIREC,5238.0,1
670100,SUBMISSION,,VELVETFRUIT_EXTRACT,XIREC,5237.0,13
670200,SUBMISSION,,VELVETFRUIT_EXTRACT,XIREC,5237.0,1
670200,SUBMISSION,,VELVETFRUIT_EXTRACT,XIREC,5237.0,9
670800,SUBMISSION,,HYDROGEL_PACK,XIREC,9994.0,5
671600,,SUBMISSION,VELVETFRUIT_EXTRACT,XIREC,5245.0,5
671700,SUBMISSION,,HYDROGEL_PACK,XIREC,10000.0,15
671800,SUBMISSION,,HYDROGEL_PACK,XIREC,9999.0,11
671900,,SUBMISSION,VELVETFRUIT_EXTRACT,XIREC,5245.0,7
672000,SUBMISSION,,HYDROGEL_PACK,XIREC,10000.0,12
672100,SUBMISSION,,HYDROGEL_PACK,XIREC,9998.0,12
672100,SUBMISSION,,HYDROGEL_PACK,XIREC,10000.0,26
672200,SUBMISSION,,HYDROGEL_PACK,XIREC,9995.0,14
672200,SUBMISSION,,HYDROGEL_PACK,XIREC,9998.0,22
672300,SUBMISSION,,HYDROGEL_PACK,XIREC,9996.0,13
672300,SUBMISSION,,HYDROGEL_PACK,XIREC,9999.0,24
672300,SUBMISSION,,HYDROGEL_PACK,XIREC,9999.0,1
672400,SUBMISSION,,HYDROGEL_PACK,XIREC,9992.0,1
672400,SUBMISSION,,HYDROGEL_PACK,XIREC,9992.0,14
672400,SUBMISSION,,HYDROGEL_PACK,XIREC,9994.0,23
672500,SUBMISSION,,HYDROGEL_PACK,XIREC,9994.0,1
672500,,SUBMISSION,VELVETFRUIT_EXTRACT,XIREC,5243.0,9
672800,,SUBMISSION,VELVETFRUIT_EXTRACT,XIREC,5242.0,4
675000,SUBMISSION,,VELVETFRUIT_EXTRACT,XIREC,5233.0,7
676600,,SUBMISSION,VELVETFRUIT_EXTRACT,XIREC,5236.0,6
677100,SUBMISSION,,VELVETFRUIT_EXTRACT,XIREC,5235.0,14
677100,SUBMISSION,,VELVETFRUIT_EXTRACT,XIREC,5235.0,1
678200,SUBMISSION,,VELVETFRUIT_EXTRACT,XIREC,5236.0,11
678200,SUBMISSION,,VELVETFRUIT_EXTRACT,XIREC,5236.0,11
679200,SUBMISSION,,VELVETFRUIT_EXTRACT,XIREC,5238.0,12
679600,,SUBMISSION,VELVETFRUIT_EXTRACT,XIREC,5243.0,4
679600,,,HYDROGEL_PACK,XIREC,9995.0,6
679800,SUBMISSION,,VELVETFRUIT_EXTRACT,XIREC,5242.0,10
680000,SUBMISSION,,VELVETFRUIT_EXTRACT,XIREC,5240.0,9
680000,,,VELVETFRUIT_EXTRACT,XIREC,5240.0,9
680100,,SUBMISSION,VELVETFRUIT_EXTRACT,XIREC,5241.0,11
680300,,SUBMISSION,VELVETFRUIT_EXTRACT,XIREC,5242.0,7
681000,,SUBMISSION,VELVETFRUIT_EXTRACT,XIREC,5240.0,10
681600,,SUBMISSION,VEV_4000,XIREC,1248.0,3
682000,SUBMISSION,,VELVETFRUIT_EXTRACT,XIREC,5238.0,4
682100,,,HYDROGEL_PACK,XIREC,9982.0,5
682200,,,HYDROGEL_PACK,XIREC,9967.0,6
683300,SUBMISSION,,VELVETFRUIT_EXTRACT,XIREC,5235.0,3
683500,,,HYDROGEL_PACK,XIREC,9973.0,4
685100,SUBMISSION,,VELVETFRUIT_EXTRACT,XIREC,5244.0,12
685500,SUBMISSION,,VELVETFRUIT_EXTRACT,XIREC,5244.0,5
685500,,,VELVETFRUIT_EXTRACT,XIREC,5244.0,5
685700,,SUBMISSION,VELVETFRUIT_EXTRACT,XIREC,5244.0,12
685800,,SUBMISSION,VELVETFRUIT_EXTRACT,XIREC,5243.0,7
685800,,SUBMISSION,VEV_4000,XIREC,1253.0,1
686000,,,HYDROGEL_PACK,XIREC,9990.0,4
686200,,SUBMISSION,VELVETFRUIT_EXTRACT,XIREC,5246.0,8
686800,,SUBMISSION,VELVETFRUIT_EXTRACT,XIREC,5246.0,6
687700,SUBMISSION,,VELVETFRUIT_EXTRACT,XIREC,5244.0,9
687700,SUBMISSION,,VELVETFRUIT_EXTRACT,XIREC,5244.0,9
687800,,SUBMISSION,HYDROGEL_PACK,XIREC,9999.0,10
688200,,SUBMISSION,VELVETFRUIT_EXTRACT,XIREC,5243.0,7
688200,SUBMISSION,,VELVETFRUIT_EXTRACT,XIREC,5243.0,5
688800,,SUBMISSION,VELVETFRUIT_EXTRACT,XIREC,5242.0,9
689200,SUBMISSION,,VEV_4000,XIREC,1233.0,3
689700,,SUBMISSION,VELVETFRUIT_EXTRACT,XIREC,5244.0,8
690600,SUBMISSION,,VELVETFRUIT_EXTRACT,XIREC,5248.0,13
690600,SUBMISSION,,VELVETFRUIT_EXTRACT,XIREC,5248.0,13
690600,,,HYDROGEL_PACK,XIREC,10000.0,3
690700,,SUBMISSION,VELVETFRUIT_EXTRACT,XIREC,5247.0,10
691200,SUBMISSION,,HYDROGEL_PACK,XIREC,9999.0,10
691300,,,HYDROGEL_PACK,XIREC,9982.0,6
691400,SUBMISSION,,VELVETFRUIT_EXTRACT,XIREC,5248.0,7
692200,SUBMISSION,,VELVETFRUIT_EXTRACT,XIREC,5247.0,6
692200,SUBMISSION,,VEV_4000,XIREC,1238.0,2
693200,SUBMISSION,,VEV_4000,XIREC,1248.0,2
693200,,,VEV_5400,XIREC,16.0,2
693200,,,VEV_5500,XIREC,7.0,2
693200,,,VEV_6000,XIREC,0.0,2
693200,,,VEV_6500,XIREC,0.0,2
693500,,SUBMISSION,VELVETFRUIT_EXTRACT,XIREC,5248.0,6
693800,,SUBMISSION,HYDROGEL_PACK,XIREC,10004.0,6
693900,,SUBMISSION,VELVETFRUIT_EXTRACT,XIREC,5250.0,3
694100,,SUBMISSION,VELVETFRUIT_EXTRACT,XIREC,5246.0,13
694500,,SUBMISSION,VELVETFRUIT_EXTRACT,XIREC,5247.0,9
695000,SUBMISSION,,VEV_4000,XIREC,1248.0,2
695000,,,VEV_5400,XIREC,16.0,2
695000,,,VEV_5500,XIREC,7.0,2
695000,,,VEV_6000,XIREC,0.0,2
695000,,,VEV_6500,XIREC,0.0,2
695200,SUBMISSION,,VELVETFRUIT_EXTRACT,XIREC,5248.0,5
696100,,SUBMISSION,HYDROGEL_PACK,XIREC,10001.0,14
696200,,SUBMISSION,HYDROGEL_PACK,XIREC,9999.0,12
696200,,SUBMISSION,VELVETFRUIT_EXTRACT,XIREC,5250.0,5
696300,,SUBMISSION,HYDROGEL_PACK,XIREC,9999.0,13
696300,,SUBMISSION,VELVETFRUIT_EXTRACT,XIREC,5248.0,7
696300,,SUBMISSION,VELVETFRUIT_EXTRACT,XIREC,5248.0,6
696400,SUBMISSION,,VELVETFRUIT_EXTRACT,XIREC,5248.0,2
696400,SUBMISSION,,VELVETFRUIT_EXTRACT,XIREC,5248.0,4
696800,,SUBMISSION,VELVETFRUIT_EXTRACT,XIREC,5250.0,5
696900,,SUBMISSION,HYDROGEL_PACK,XIREC,9999.0,11
697000,,SUBMISSION,HYDROGEL_PACK,XIREC,10002.0,11
697000,,SUBMISSION,HYDROGEL_PACK,XIREC,10000.0,23
697100,,SUBMISSION,HYDROGEL_PACK,XIREC,10000.0,13
697200,,SUBMISSION,HYDROGEL_PACK,XIREC,10000.0,10
697300,,SUBMISSION,HYDROGEL_PACK,XIREC,10000.0,12
697400,,SUBMISSION,HYDROGEL_PACK,XIREC,10000.0,14
697500,,SUBMISSION,HYDROGEL_PACK,XIREC,10000.0,1
698000,,SUBMISSION,VELVETFRUIT_EXTRACT,XIREC,5251.0,6
698400,,SUBMISSION,HYDROGEL_PACK,XIREC,10002.0,10
698400,,SUBMISSION,HYDROGEL_PACK,XIREC,10002.0,4
698400,,SUBMISSION,VELVETFRUIT_EXTRACT,XIREC,5251.0,2
698500,,SUBMISSION,HYDROGEL_PACK,XIREC,10004.0,12
698500,,SUBMISSION,HYDROGEL_PACK,XIREC,10001.0,24
698500,,SUBMISSION,VELVETFRUIT_EXTRACT,XIREC,5252.0,3
698600,,SUBMISSION,HYDROGEL_PACK,XIREC,10002.0,10
699400,,,HYDROGEL_PACK,XIREC,10008.0,3
706600,SUBMISSION,,VELVETFRUIT_EXTRACT,XIREC,5252.0,11
707400,,,HYDROGEL_PACK,XIREC,10024.0,4
707600,,SUBMISSION,VELVETFRUIT_EXTRACT,XIREC,5252.0,6
708700,,SUBMISSION,VELVETFRUIT_EXTRACT,XIREC,5257.0,3
710400,,SUBMISSION,VELVETFRUIT_EXTRACT,XIREC,5251.0,3
711600,SUBMISSION,,VEV_4000,XIREC,1246.0,2
711600,,,VEV_5300,XIREC,47.0,2
711600,,,VEV_5400,XIREC,16.0,2
711600,,,VEV_5500,XIREC,7.0,2
711600,,,VEV_6000,XIREC,0.0,2
711600,,,VEV_6500,XIREC,0.0,2
711900,,SUBMISSION,VELVETFRUIT_EXTRACT,XIREC,5250.0,3
712300,SUBMISSION,,VELVETFRUIT_EXTRACT,XIREC,5246.0,7
712600,,SUBMISSION,VELVETFRUIT_EXTRACT,XIREC,5246.0,3
712800,,,HYDROGEL_PACK,XIREC,10018.0,5
712900,,SUBMISSION,VELVETFRUIT_EXTRACT,XIREC,5249.0,6
713700,,SUBMISSION,VEV_4000,XIREC,1255.0,1
713800,,SUBMISSION,VEV_4000,XIREC,1256.0,2
714900,,,HYDROGEL_PACK,XIREC,10007.0,2
715000,SUBMISSION,,VELVETFRUIT_EXTRACT,XIREC,5251.0,9
715000,SUBMISSION,,VEV_4000,XIREC,1251.0,3
715000,,,HYDROGEL_PACK,XIREC,10005.0,2
715000,,,VEV_5400,XIREC,17.0,3
715000,,,VEV_5500,XIREC,8.0,3
715000,,,VEV_6000,XIREC,0.0,3
715000,,,VEV_6500,XIREC,0.0,3
715500,SUBMISSION,,VELVETFRUIT_EXTRACT,XIREC,5250.0,4
715600,SUBMISSION,,VELVETFRUIT_EXTRACT,XIREC,5250.0,5
717400,SUBMISSION,,VELVETFRUIT_EXTRACT,XIREC,5257.0,10
718000,,SUBMISSION,VELVETFRUIT_EXTRACT,XIREC,5256.0,12
719300,SUBMISSION,,VELVETFRUIT_EXTRACT,XIREC,5251.0,7
719600,SUBMISSION,,VELVETFRUIT_EXTRACT,XIREC,5251.0,5
719900,SUBMISSION,,VELVETFRUIT_EXTRACT,XIREC,5251.0,5
721200,SUBMISSION,,VELVETFRUIT_EXTRACT,XIREC,5252.0,7
721300,,,HYDROGEL_PACK,XIREC,10005.0,5
721400,,,HYDROGEL_PACK,XIREC,10003.0,5
722000,,SUBMISSION,VELVETFRUIT_EXTRACT,XIREC,5252.0,8
722200,,SUBMISSION,VELVETFRUIT_EXTRACT,XIREC,5254.0,5
722600,SUBMISSION,,VEV_4000,XIREC,1255.0,1
722600,,,HYDROGEL_PACK,XIREC,10001.0,4
722600,,,VEV_5500,XIREC,8.0,3
722600,,,VEV_6000,XIREC,0.0,3
722600,,,VEV_6500,XIREC,0.0,3
724600,SUBMISSION,,VELVETFRUIT_EXTRACT,XIREC,5267.0,10
725000,SUBMISSION,,VELVETFRUIT_EXTRACT,XIREC,5267.0,4
725800,,SUBMISSION,VELVETFRUIT_EXTRACT,XIREC,5267.0,10
726100,,SUBMISSION,VELVETFRUIT_EXTRACT,XIREC,5271.0,7
727400,SUBMISSION,,VELVETFRUIT_EXTRACT,XIREC,5270.0,6
727400,,,VELVETFRUIT_EXTRACT,XIREC,5270.0,6
727500,SUBMISSION,,VELVETFRUIT_EXTRACT,XIREC,5271.0,7
729100,,,VEV_5400,XIREC,20.0,3
729100,,,VEV_5500,XIREC,9.0,3
729100,,,VEV_6000,XIREC,0.0,3
729100,,,VEV_6500,XIREC,0.0,3
729700,SUBMISSION,,VELVETFRUIT_EXTRACT,XIREC,5269.0,10
729800,SUBMISSION,,VELVETFRUIT_EXTRACT,XIREC,5270.0,8
731500,,SUBMISSION,VELVETFRUIT_EXTRACT,XIREC,5274.0,7
732400,SUBMISSION,,VELVETFRUIT_EXTRACT,XIREC,5269.0,6
732700,SUBMISSION,,VELVETFRUIT_EXTRACT,XIREC,5269.0,8
734700,,SUBMISSION,VELVETFRUIT_EXTRACT,XIREC,5268.0,9
735100,,,HYDROGEL_PACK,XIREC,10039.0,5
735800,,SUBMISSION,VELVETFRUIT_EXTRACT,XIREC,5269.0,9
735800,SUBMISSION,,VELVETFRUIT_EXTRACT,XIREC,5269.0,3
735900,,,VEV_4000,XIREC,1260.0,2
736000,,SUBMISSION,VELVETFRUIT_EXTRACT,XIREC,5269.0,7
736700,,,VEV_5400,XIREC,20.0,2
736700,,,VEV_5500,XIREC,9.0,2
736700,,,VEV_6000,XIREC,0.0,2
736700,,,VEV_6500,XIREC,0.0,2
736800,,,VEV_5500,XIREC,9.0,2
736800,,,VEV_6000,XIREC,0.0,2
736800,,,VEV_6500,XIREC,0.0,2
738300,,,HYDROGEL_PACK,XIREC,10037.0,5
738400,,,HYDROGEL_PACK,XIREC,10054.0,2
739100,,SUBMISSION,VEV_4000,XIREC,1280.0,3
739800,SUBMISSION,,VELVETFRUIT_EXTRACT,XIREC,5269.0,8
740800,,,HYDROGEL_PACK,XIREC,10058.0,3
741100,SUBMISSION,,VELVETFRUIT_EXTRACT,XIREC,5269.0,9
741100,,,VELVETFRUIT_EXTRACT,XIREC,5269.0,9
741300,,,HYDROGEL_PACK,XIREC,10057.0,2
741500,,SUBMISSION,VELVETFRUIT_EXTRACT,XIREC,5269.0,11
744200,,SUBMISSION,VELVETFRUIT_EXTRACT,XIREC,5267.0,10
744700,,SUBMISSION,VELVETFRUIT_EXTRACT,XIREC,5269.0,5
744700,,SUBMISSION,VELVETFRUIT_EXTRACT,XIREC,5269.0,5
744700,,SUBMISSION,VELVETFRUIT_EXTRACT,XIREC,5271.0,1
746600,SUBMISSION,,VELVETFRUIT_EXTRACT,XIREC,5270.0,7
746800,,SUBMISSION,VELVETFRUIT_EXTRACT,XIREC,5274.0,4
747300,,SUBMISSION,VELVETFRUIT_EXTRACT,XIREC,5271.0,9
747700,,SUBMISSION,VELVETFRUIT_EXTRACT,XIREC,5273.0,8
748000,,SUBMISSION,VELVETFRUIT_EXTRACT,XIREC,5277.0,7
748000,,SUBMISSION,VEV_4000,XIREC,1285.0,1
748800,,,HYDROGEL_PACK,XIREC,10038.0,6
750200,SUBMISSION,,VELVETFRUIT_EXTRACT,XIREC,5276.0,5
750300,,SUBMISSION,VELVETFRUIT_EXTRACT,XIREC,5278.0,6
750300,,,HYDROGEL_PACK,XIREC,10029.0,4
752300,SUBMISSION,,VELVETFRUIT_EXTRACT,XIREC,5281.0,5
753800,SUBMISSION,,VELVETFRUIT_EXTRACT,XIREC,5272.0,9
754800,,,HYDROGEL_PACK,XIREC,10049.0,3
755900,,,HYDROGEL_PACK,XIREC,10047.0,2
756100,SUBMISSION,,VELVETFRUIT_EXTRACT,XIREC,5270.0,3
756100,SUBMISSION,,VELVETFRUIT_EXTRACT,XIREC,5270.0,11
756100,SUBMISSION,,VELVETFRUIT_EXTRACT,XIREC,5270.0,3
756100,,,VELVETFRUIT_EXTRACT,XIREC,5270.0,11
757300,SUBMISSION,,VEV_4000,XIREC,1268.0,4
757300,,,VEV_6000,XIREC,0.0,5
757300,,,VEV_6500,XIREC,0.0,5
758100,,SUBMISSION,VELVETFRUIT_EXTRACT,XIREC,5271.0,10
758600,,SUBMISSION,VELVETFRUIT_EXTRACT,XIREC,5274.0,3
758800,,SUBMISSION,VELVETFRUIT_EXTRACT,XIREC,5272.0,6
760300,,,HYDROGEL_PACK,XIREC,10025.0,6
760600,SUBMISSION,,VELVETFRUIT_EXTRACT,XIREC,5259.0,15
761100,SUBMISSION,,VELVETFRUIT_EXTRACT,XIREC,5257.0,6
761600,,SUBMISSION,VELVETFRUIT_EXTRACT,XIREC,5258.0,4
761600,,,VEV_4000,XIREC,1245.0,3
762000,,SUBMISSION,VEV_4000,XIREC,1266.0,2
762200,,,HYDROGEL_PACK,XIREC,10003.0,3
762500,,SUBMISSION,VEV_4000,XIREC,1265.0,2
762800,,,HYDROGEL_PACK,XIREC,10002.0,5
763000,,,HYDROGEL_PACK,XIREC,10018.0,4
763700,SUBMISSION,,VELVETFRUIT_EXTRACT,XIREC,5255.0,14
764200,SUBMISSION,,HYDROGEL_PACK,XIREC,9996.0,4
764300,,SUBMISSION,VELVETFRUIT_EXTRACT,XIREC,5257.0,7
764400,SUBMISSION,,HYDROGEL_PACK,XIREC,9995.0,5
765200,,SUBMISSION,VEV_4000,XIREC,1270.0,3
767800,,SUBMISSION,HYDROGEL_PACK,XIREC,10001.0,9
768200,,SUBMISSION,VELVETFRUIT_EXTRACT,XIREC,5255.0,7
768400,SUBMISSION,,VELVETFRUIT_EXTRACT,XIREC,5255.0,14
769300,SUBMISSION,,VEV_4000,XIREC,1257.0,5
769300,,,VEV_5400,XIREC,18.0,5
769300,,,VEV_5500,XIREC,9.0,5
769300,,,VEV_6000,XIREC,0.0,5
769300,,,VEV_6500,XIREC,0.0,5
769500,SUBMISSION,,VELVETFRUIT_EXTRACT,XIREC,5258.0,11
769500,,,HYDROGEL_PACK,XIREC,10022.0,3
769800,SUBMISSION,,VELVETFRUIT_EXTRACT,XIREC,5261.0,6
770000,,SUBMISSION,VELVETFRUIT_EXTRACT,XIREC,5264.0,3
770400,SUBMISSION,,VELVETFRUIT_EXTRACT,XIREC,5264.0,5
770900,,SUBMISSION,VELVETFRUIT_EXTRACT,XIREC,5263.0,13
771400,SUBMISSION,,HYDROGEL_PACK,XIREC,9998.0,9
772300,SUBMISSION,,VELVETFRUIT_EXTRACT,XIREC,5259.0,10
772300,SUBMISSION,,VELVETFRUIT_EXTRACT,XIREC,5259.0,10
772500,SUBMISSION,,HYDROGEL_PACK,XIREC,10001.0,14
772600,SUBMISSION,,HYDROGEL_PACK,XIREC,9999.0,10
772700,SUBMISSION,,HYDROGEL_PACK,XIREC,9999.0,14
772900,SUBMISSION,,HYDROGEL_PACK,XIREC,10001.0,15
773100,SUBMISSION,,HYDROGEL_PACK,XIREC,10001.0,15
773400,,SUBMISSION,HYDROGEL_PACK,XIREC,10004.0,6
774100,,SUBMISSION,VELVETFRUIT_EXTRACT,XIREC,5263.0,11
774500,,SUBMISSION,VELVETFRUIT_EXTRACT,XIREC,5263.0,8
774600,SUBMISSION,,HYDROGEL_PACK,XIREC,10001.0,10
774600,SUBMISSION,,VELVETFRUIT_EXTRACT,XIREC,5262.0,10
774700,SUBMISSION,,VELVETFRUIT_EXTRACT,XIREC,5262.0,9
774800,SUBMISSION,,HYDROGEL_PACK,XIREC,10000.0,15
774900,SUBMISSION,,HYDROGEL_PACK,XIREC,10001.0,14
775200,SUBMISSION,,VELVETFRUIT_EXTRACT,XIREC,5258.0,3
775800,SUBMISSION,,VELVETFRUIT_EXTRACT,XIREC,5258.0,12
776000,,SUBMISSION,VELVETFRUIT_EXTRACT,XIREC,5258.0,6
776200,,SUBMISSION,HYDROGEL_PACK,XIREC,9999.0,10
776200,SUBMISSION,,VELVETFRUIT_EXTRACT,XIREC,5257.0,10
776300,,SUBMISSION,HYDROGEL_PACK,XIREC,10000.0,10
776400,,SUBMISSION,HYDROGEL_PACK,XIREC,10000.0,13
776500,,SUBMISSION,HYDROGEL_PACK,XIREC,9999.0,12
776600,,SUBMISSION,HYDROGEL_PACK,XIREC,10000.0,5
776800,,SUBMISSION,HYDROGEL_PACK,XIREC,10001.0,5
776800,,SUBMISSION,HYDROGEL_PACK,XIREC,10001.0,7
776900,SUBMISSION,,HYDROGEL_PACK,XIREC,9999.0,4
777400,,SUBMISSION,HYDROGEL_PACK,XIREC,10001.0,12
777400,,SUBMISSION,VELVETFRUIT_EXTRACT,XIREC,5254.0,4
777800,,SUBMISSION,HYDROGEL_PACK,XIREC,10003.0,15
777900,,SUBMISSION,HYDROGEL_PACK,XIREC,10006.0,11
777900,,SUBMISSION,HYDROGEL_PACK,XIREC,10004.0,14
778400,SUBMISSION,,HYDROGEL_PACK,XIREC,9999.0,6
778700,,SUBMISSION,HYDROGEL_PACK,XIREC,10010.0,4
779000,,SUBMISSION,HYDROGEL_PACK,XIREC,10009.0,2
779000,,,HYDROGEL_PACK,XIREC,10010.0,2
779600,SUBMISSION,,VEV_4000,XIREC,1250.0,2
779600,,,VEV_5400,XIREC,17.0,4
779600,,,VEV_5500,XIREC,8.0,4
779600,,,VEV_6000,XIREC,0.0,4
779600,,,VEV_6500,XIREC,0.0,4
780100,,,HYDROGEL_PACK,XIREC,10020.0,4
780900,,SUBMISSION,VEV_4000,XIREC,1257.0,2
781000,,SUBMISSION,VELVETFRUIT_EXTRACT,XIREC,5249.0,10
781500,SUBMISSION,,VELVETFRUIT_EXTRACT,XIREC,5248.0,7
782200,SUBMISSION,,HYDROGEL_PACK,XIREC,10001.0,12
783200,SUBMISSION,,VELVETFRUIT_EXTRACT,XIREC,5247.0,9
783300,SUBMISSION,,HYDROGEL_PACK,XIREC,10000.0,10
783400,SUBMISSION,,HYDROGEL_PACK,XIREC,9999.0,13
783500,SUBMISSION,,HYDROGEL_PACK,XIREC,9995.0,10
783500,SUBMISSION,,HYDROGEL_PACK,XIREC,9998.0,20
783500,,SUBMISSION,VELVETFRUIT_EXTRACT,XIREC,5248.0,7
783600,SUBMISSION,,HYDROGEL_PACK,XIREC,9992.0,11
783600,SUBMISSION,,HYDROGEL_PACK,XIREC,9995.0,27
783600,SUBMISSION,,VELVETFRUIT_EXTRACT,XIREC,5246.0,9
783700,SUBMISSION,,HYDROGEL_PACK,XIREC,9993.0,11
783700,SUBMISSION,,HYDROGEL_PACK,XIREC,9995.0,27
783800,SUBMISSION,,HYDROGEL_PACK,XIREC,9997.0,12
783800,SUBMISSION,,HYDROGEL_PACK,XIREC,10000.0,2
784000,SUBMISSION,,HYDROGEL_PACK,XIREC,9998.0,10
784100,SUBMISSION,,HYDROGEL_PACK,XIREC,9999.0,10
784600,SUBMISSION,,VELVETFRUIT_EXTRACT,XIREC,5245.0,8
785300,SUBMISSION,,HYDROGEL_PACK,XIREC,9986.0,6
785400,SUBMISSION,,HYDROGEL_PACK,XIREC,9999.0,11
785500,SUBMISSION,,HYDROGEL_PACK,XIREC,9997.0,8
785900,,SUBMISSION,VELVETFRUIT_EXTRACT,XIREC,5250.0,8
786900,,SUBMISSION,VELVETFRUIT_EXTRACT,XIREC,5249.0,12
787000,SUBMISSION,,VELVETFRUIT_EXTRACT,XIREC,5248.0,5
787200,SUBMISSION,,VELVETFRUIT_EXTRACT,XIREC,5247.0,5
787300,SUBMISSION,,VEV_4000,XIREC,1238.0,2
787300,,,VEV_4000,XIREC,1237.0,1
788300,,SUBMISSION,HYDROGEL_PACK,XIREC,10003.0,10
788800,,SUBMISSION,HYDROGEL_PACK,XIREC,10000.0,13
788900,,SUBMISSION,HYDROGEL_PACK,XIREC,10001.0,10
788900,,SUBMISSION,HYDROGEL_PACK,XIREC,9999.0,21
789000,,SUBMISSION,HYDROGEL_PACK,XIREC,10002.0,12
789000,,SUBMISSION,HYDROGEL_PACK,XIREC,9999.0,20
789100,,SUBMISSION,HYDROGEL_PACK,XIREC,10002.0,15
789100,,SUBMISSION,HYDROGEL_PACK,XIREC,9999.0,20
789200,,SUBMISSION,HYDROGEL_PACK,XIREC,10000.0,13
789600,SUBMISSION,,VELVETFRUIT_EXTRACT,XIREC,5242.0,11
789800,,SUBMISSION,HYDROGEL_PACK,XIREC,9999.0,1
790000,,SUBMISSION,HYDROGEL_PACK,XIREC,10000.0,5
790000,,SUBMISSION,VELVETFRUIT_EXTRACT,XIREC,5240.0,8
790200,,SUBMISSION,HYDROGEL_PACK,XIREC,10002.0,10
790200,,SUBMISSION,HYDROGEL_PACK,XIREC,10002.0,1
790300,,SUBMISSION,HYDROGEL_PACK,XIREC,10002.0,10
790400,,SUBMISSION,HYDROGEL_PACK,XIREC,10002.0,13
790500,,SUBMISSION,HYDROGEL_PACK,XIREC,10002.0,15
790600,,SUBMISSION,HYDROGEL_PACK,XIREC,10002.0,10
790700,,SUBMISSION,HYDROGEL_PACK,XIREC,10005.0,1
791300,,,VEV_5400,XIREC,15.0,3
791300,,,VEV_5500,XIREC,7.0,3
791300,,,VEV_6000,XIREC,0.0,3
791300,,,VEV_6500,XIREC,0.0,3
792300,SUBMISSION,,VELVETFRUIT_EXTRACT,XIREC,5240.0,5
793000,,SUBMISSION,VELVETFRUIT_EXTRACT,XIREC,5246.0,6
793700,SUBMISSION,,VELVETFRUIT_EXTRACT,XIREC,5242.0,10
793800,,,HYDROGEL_PACK,XIREC,10013.0,4
793900,SUBMISSION,,VELVETFRUIT_EXTRACT,XIREC,5242.0,6
794900,SUBMISSION,,HYDROGEL_PACK,XIREC,9992.0,4
794900,SUBMISSION,,VELVETFRUIT_EXTRACT,XIREC,5237.0,1
795400,SUBMISSION,,HYDROGEL_PACK,XIREC,10001.0,11
795500,SUBMISSION,,HYDROGEL_PACK,XIREC,9997.0,11
795500,SUBMISSION,,HYDROGEL_PACK,XIREC,10000.0,30
795600,SUBMISSION,,HYDROGEL_PACK,XIREC,9998.0,14
795600,SUBMISSION,,HYDROGEL_PACK,XIREC,10000.0,27
795700,SUBMISSION,,HYDROGEL_PACK,XIREC,9998.0,10
795700,SUBMISSION,,HYDROGEL_PACK,XIREC,10000.0,20
795700,SUBMISSION,,HYDROGEL_PACK,XIREC,9998.0,4
795800,SUBMISSION,,HYDROGEL_PACK,XIREC,9998.0,11
795800,SUBMISSION,,HYDROGEL_PACK,XIREC,10001.0,8
796100,SUBMISSION,,HYDROGEL_PACK,XIREC,9999.0,14
796800,,SUBMISSION,VELVETFRUIT_EXTRACT,XIREC,5241.0,7
797500,,SUBMISSION,HYDROGEL_PACK,XIREC,10003.0,8
797900,SUBMISSION,,VELVETFRUIT_EXTRACT,XIREC,5242.0,5
798100,,SUBMISSION,VELVETFRUIT_EXTRACT,XIREC,5242.0,6
798400,,SUBMISSION,VELVETFRUIT_EXTRACT,XIREC,5245.0,5
799200,,SUBMISSION,HYDROGEL_PACK,XIREC,10004.0,6
799800,SUBMISSION,,VELVETFRUIT_EXTRACT,XIREC,5246.0,6
800600,SUBMISSION,,VELVETFRUIT_EXTRACT,XIREC,5248.0,4
800800,SUBMISSION,,HYDROGEL_PACK,XIREC,9999.0,13
801400,,SUBMISSION,VELVETFRUIT_EXTRACT,XIREC,5250.0,15
801900,SUBMISSION,,HYDROGEL_PACK,XIREC,9999.0,10
802000,SUBMISSION,,HYDROGEL_PACK,XIREC,9998.0,11
802100,SUBMISSION,,HYDROGEL_PACK,XIREC,9998.0,13
802300,SUBMISSION,,HYDROGEL_PACK,XIREC,9985.0,2
802300,,SUBMISSION,VEV_4000,XIREC,1260.0,2
802400,SUBMISSION,,HYDROGEL_PACK,XIREC,9997.0,1
802400,,,HYDROGEL_PACK,XIREC,9997.0,6
804000,SUBMISSION,,VELVETFRUIT_EXTRACT,XIREC,5252.0,5
804300,SUBMISSION,,VELVETFRUIT_EXTRACT,XIREC,5255.0,5
804800,,,HYDROGEL_PACK,XIREC,9980.0,4
805000,,,HYDROGEL_PACK,XIREC,9998.0,5
805300,SUBMISSION,,VELVETFRUIT_EXTRACT,XIREC,5251.0,8
805900,,,HYDROGEL_PACK,XIREC,9977.0,3
806000,,,HYDROGEL_PACK,XIREC,9993.0,5
806200,,,HYDROGEL_PACK,XIREC,9975.0,4
807100,,,VELVETFRUIT_EXTRACT,XIREC,5244.0,8
808100,,SUBMISSION,VELVETFRUIT_EXTRACT,XIREC,5243.0,11
808600,,SUBMISSION,VELVETFRUIT_EXTRACT,XIREC,5241.0,8
808600,,SUBMISSION,VEV_4000,XIREC,1251.0,1
809000,,SUBMISSION,VELVETFRUIT_EXTRACT,XIREC,5240.0,12
809300,SUBMISSION,,VELVETFRUIT_EXTRACT,XIREC,5242.0,6
809500,,SUBMISSION,VELVETFRUIT_EXTRACT,XIREC,5242.0,5
809500,SUBMISSION,,VELVETFRUIT_EXTRACT,XIREC,5242.0,5
809800,,SUBMISSION,VELVETFRUIT_EXTRACT,XIREC,5244.0,13
810000,SUBMISSION,,VEV_4000,XIREC,1246.0,3
810000,,,VEV_5300,XIREC,47.0,5
810000,,,VEV_5400,XIREC,15.0,5
810000,,,VEV_6000,XIREC,0.0,5
810000,,,VEV_6500,XIREC,0.0,5
810200,,,HYDROGEL_PACK,XIREC,9969.0,5
810400,SUBMISSION,,VELVETFRUIT_EXTRACT,XIREC,5248.0,8
810600,SUBMISSION,,VELVETFRUIT_EXTRACT,XIREC,5248.0,4
812700,,SUBMISSION,VELVETFRUIT_EXTRACT,XIREC,5249.0,7
815500,SUBMISSION,,VELVETFRUIT_EXTRACT,XIREC,5250.0,7
816900,SUBMISSION,,VELVETFRUIT_EXTRACT,XIREC,5255.0,5
816900,,,VELVETFRUIT_EXTRACT,XIREC,5255.0,5
818500,,SUBMISSION,VELVETFRUIT_EXTRACT,XIREC,5255.0,3
819100,,SUBMISSION,VELVETFRUIT_EXTRACT,XIREC,5252.0,12
819500,SUBMISSION,,VELVETFRUIT_EXTRACT,XIREC,5250.0,14
819500,SUBMISSION,,VELVETFRUIT_EXTRACT,XIREC,5250.0,14
819600,SUBMISSION,,VELVETFRUIT_EXTRACT,XIREC,5252.0,8
819800,,SUBMISSION,VEV_4000,XIREC,1265.0,2
821100,,SUBMISSION,VELVETFRUIT_EXTRACT,XIREC,5260.0,15
821700,,SUBMISSION,VELVETFRUIT_EXTRACT,XIREC,5253.0,5
821700,,SUBMISSION,VELVETFRUIT_EXTRACT,XIREC,5253.0,5
821700,,SUBMISSION,VELVETFRUIT_EXTRACT,XIREC,5255.0,3
821800,,SUBMISSION,HYDROGEL_PACK,XIREC,9999.0,6
822000,SUBMISSION,,VELVETFRUIT_EXTRACT,XIREC,5254.0,8
822400,SUBMISSION,,VELVETFRUIT_EXTRACT,XIREC,5251.0,8
822700,SUBMISSION,,VELVETFRUIT_EXTRACT,XIREC,5255.0,10
822700,,,VELVETFRUIT_EXTRACT,XIREC,5255.0,10
823200,SUBMISSION,,HYDROGEL_PACK,XIREC,9998.0,6
824000,,,HYDROGEL_PACK,XIREC,9985.0,6
824700,,SUBMISSION,VELVETFRUIT_EXTRACT,XIREC,5248.0,8
825100,SUBMISSION,,VELVETFRUIT_EXTRACT,XIREC,5245.0,10
825200,,,VELVETFRUIT_EXTRACT,XIREC,5244.0,3
825600,,,HYDROGEL_PACK,XIREC,9987.0,5
826800,,SUBMISSION,VELVETFRUIT_EXTRACT,XIREC,5252.0,6
827000,,SUBMISSION,VELVETFRUIT_EXTRACT,XIREC,5256.0,8
829200,SUBMISSION,,VELVETFRUIT_EXTRACT,XIREC,5259.0,9
829700,,SUBMISSION,VEV_4000,XIREC,1271.0,2
830600,SUBMISSION,,VELVETFRUIT_EXTRACT,XIREC,5258.0,5
830800,,SUBMISSION,VEV_4000,XIREC,1268.0,3
830900,,,VELVETFRUIT_EXTRACT,XIREC,5254.0,7
831400,,SUBMISSION,VELVETFRUIT_EXTRACT,XIREC,5255.0,5
831400,,SUBMISSION,VELVETFRUIT_EXTRACT,XIREC,5257.0,8
831800,,SUBMISSION,VEV_4000,XIREC,1265.0,2
832500,SUBMISSION,,VELVETFRUIT_EXTRACT,XIREC,5255.0,13
832500,,,VELVETFRUIT_EXTRACT,XIREC,5255.0,14
832700,,,HYDROGEL_PACK,XIREC,9995.0,2
832800,,SUBMISSION,VELVETFRUIT_EXTRACT,XIREC,5255.0,5
832900,,,HYDROGEL_PACK,XIREC,9991.0,5
833500,SUBMISSION,,VELVETFRUIT_EXTRACT,XIREC,5258.0,5
835500,SUBMISSION,,VEV_4000,XIREC,1253.0,5
835500,,,VEV_5300,XIREC,50.0,5
835500,,,VEV_5400,XIREC,17.0,5
835500,,,VEV_5500,XIREC,8.0,5
835500,,,VEV_6000,XIREC,0.0,5
835500,,,VEV_6500,XIREC,0.0,5
836300,,,VELVETFRUIT_EXTRACT,XIREC,5252.0,7
838200,,SUBMISSION,VELVETFRUIT_EXTRACT,XIREC,5258.0,6
838400,SUBMISSION,,VELVETFRUIT_EXTRACT,XIREC,5255.0,6
838500,,,VELVETFRUIT_EXTRACT,XIREC,5255.0,5
838800,,SUBMISSION,VELVETFRUIT_EXTRACT,XIREC,5258.0,5
840500,SUBMISSION,,VELVETFRUIT_EXTRACT,XIREC,5260.0,5
840700,,,VELVETFRUIT_EXTRACT,XIREC,5260.0,13
841500,,,HYDROGEL_PACK,XIREC,9983.0,2
841600,SUBMISSION,,VEV_4000,XIREC,1247.0,3
841900,,SUBMISSION,VELVETFRUIT_EXTRACT,XIREC,5258.0,3
842800,,SUBMISSION,VELVETFRUIT_EXTRACT,XIREC,5255.0,8
842900,,SUBMISSION,HYDROGEL_PACK,XIREC,10000.0,15
842900,SUBMISSION,,VEV_4000,XIREC,1253.0,1
842900,,,VEV_5300,XIREC,50.0,5
842900,,,VEV_5400,XIREC,17.0,5
842900,,,VEV_5500,XIREC,8.0,5
842900,,,VEV_6000,XIREC,0.0,5
842900,,,VEV_6500,XIREC,0.0,5
843000,,SUBMISSION,HYDROGEL_PACK,XIREC,10000.0,15
843000,,SUBMISSION,HYDROGEL_PACK,XIREC,10000.0,3
843100,,SUBMISSION,HYDROGEL_PACK,XIREC,10000.0,14
843200,,SUBMISSION,HYDROGEL_PACK,XIREC,9999.0,10
844000,,SUBMISSION,VELVETFRUIT_EXTRACT,XIREC,5253.0,7
844400,SUBMISSION,,HYDROGEL_PACK,XIREC,9996.0,10
844600,,SUBMISSION,HYDROGEL_PACK,XIREC,10005.0,4
845100,,,VEV_5500,XIREC,8.0,5
845100,,,VEV_6000,XIREC,0.0,5
845100,,,VEV_6500,XIREC,0.0,5
846300,SUBMISSION,,VELVETFRUIT_EXTRACT,XIREC,5260.0,6
847400,SUBMISSION,,HYDROGEL_PACK,XIREC,9995.0,9
847600,SUBMISSION,,VELVETFRUIT_EXTRACT,XIREC,5259.0,8
847900,,SUBMISSION,VELVETFRUIT_EXTRACT,XIREC,5259.0,9
847900,,,VEV_4000,XIREC,1248.0,3
848900,SUBMISSION,,HYDROGEL_PACK,XIREC,9998.0,6
849500,,SUBMISSION,HYDROGEL_PACK,XIREC,9999.0,11
849900,,SUBMISSION,VELVETFRUIT_EXTRACT,XIREC,5251.0,10
850200,,SUBMISSION,HYDROGEL_PACK,XIREC,10002.0,12
850200,,SUBMISSION,HYDROGEL_PACK,XIREC,9999.0,20
850300,,SUBMISSION,HYDROGEL_PACK,XIREC,10001.0,13
850400,,SUBMISSION,HYDROGEL_PACK,XIREC,10005.0,9
850400,,SUBMISSION,HYDROGEL_PACK,XIREC,10005.0,6
850400,,SUBMISSION,VELVETFRUIT_EXTRACT,XIREC,5254.0,10
850500,,SUBMISSION,HYDROGEL_PACK,XIREC,10000.0,12
851000,,SUBMISSION,HYDROGEL_PACK,XIREC,9999.0,13
851300,,SUBMISSION,HYDROGEL_PACK,XIREC,10000.0,8
851400,,SUBMISSION,HYDROGEL_PACK,XIREC,10002.0,10
851400,,SUBMISSION,HYDROGEL_PACK,XIREC,10002.0,5
851700,SUBMISSION,,VELVETFRUIT_EXTRACT,XIREC,5253.0,4
851800,SUBMISSION,,VELVETFRUIT_EXTRACT,XIREC,5253.0,14
851900,,SUBMISSION,VELVETFRUIT_EXTRACT,XIREC,5255.0,14
852000,,SUBMISSION,HYDROGEL_PACK,XIREC,10006.0,5
852400,SUBMISSION,,HYDROGEL_PACK,XIREC,9999.0,2
852600,,SUBMISSION,HYDROGEL_PACK,XIREC,10001.0,14
852600,,,VEV_4000,XIREC,1243.0,1
852700,,SUBMISSION,HYDROGEL_PACK,XIREC,10003.0,12
852700,,SUBMISSION,HYDROGEL_PACK,XIREC,10001.0,16
852800,SUBMISSION,,VELVETFRUIT_EXTRACT,XIREC,5252.0,7
853800,,SUBMISSION,VEV_4000,XIREC,1264.0,1
855500,SUBMISSION,,VELVETFRUIT_EXTRACT,XIREC,5257.0,7
855900,SUBMISSION,,VELVETFRUIT_EXTRACT,XIREC,5256.0,14
856200,SUBMISSION,,VELVETFRUIT_EXTRACT,XIREC,5256.0,1
856600,,SUBMISSION,VELVETFRUIT_EXTRACT,XIREC,5257.0,3
856600,,,VELVETFRUIT_EXTRACT,XIREC,5257.0,10
859100,SUBMISSION,,VEV_4000,XIREC,1252.0,1
859100,,,HYDROGEL_PACK,XIREC,10011.0,6
859100,,,VEV_5300,XIREC,49.0,2
859100,,,VEV_5400,XIREC,17.0,2
859100,,,VEV_5500,XIREC,8.0,2
859100,,,VEV_6000,XIREC,0.0,2
859100,,,VEV_6500,XIREC,0.0,2
859300,,,VEV_5300,XIREC,50.0,2
859300,,,VEV_5400,XIREC,18.0,2
859300,,,VEV_5500,XIREC,8.0,2
859300,,,VEV_6000,XIREC,0.0,2
859300,,,VEV_6500,XIREC,0.0,2
859700,,,HYDROGEL_PACK,XIREC,10006.0,4
860200,SUBMISSION,,VELVETFRUIT_EXTRACT,XIREC,5252.0,3
860500,,,HYDROGEL_PACK,XIREC,10016.0,4
861800,,SUBMISSION,VELVETFRUIT_EXTRACT,XIREC,5255.0,3
862100,SUBMISSION,,HYDROGEL_PACK,XIREC,9999.0,5
862100,,SUBMISSION,VEV_4000,XIREC,1260.0,3
862500,SUBMISSION,,VELVETFRUIT_EXTRACT,XIREC,5248.0,3
862500,SUBMISSION,,VEV_4000,XIREC,1249.0,2
862500,,,VEV_5400,XIREC,17.0,2
862500,,,VEV_5500,XIREC,7.0,2
862500,,,VEV_6000,XIREC,0.0,2
862500,,,VEV_6500,XIREC,0.0,2
862600,,SUBMISSION,HYDROGEL_PACK,XIREC,10001.0,5
863700,,SUBMISSION,VELVETFRUIT_EXTRACT,XIREC,5254.0,5
864800,,SUBMISSION,VEV_4000,XIREC,1257.0,3
864800,,,HYDROGEL_PACK,XIREC,10000.0,6
864900,,SUBMISSION,VELVETFRUIT_EXTRACT,XIREC,5250.0,7
866200,SUBMISSION,,VELVETFRUIT_EXTRACT,XIREC,5256.0,3
866800,SUBMISSION,,VELVETFRUIT_EXTRACT,XIREC,5258.0,9
867200,,,HYDROGEL_PACK,XIREC,10020.0,3
868000,,,HYDROGEL_PACK,XIREC,10004.0,3
868200,,,HYDROGEL_PACK,XIREC,10007.0,2
869000,,,VELVETFRUIT_EXTRACT,XIREC,5265.0,5
869500,SUBMISSION,,VEV_4000,XIREC,1260.0,1
870200,,SUBMISSION,VELVETFRUIT_EXTRACT,XIREC,5270.0,6
870200,,SUBMISSION,VEV_4000,XIREC,1278.0,3
871100,,SUBMISSION,VELVETFRUIT_EXTRACT,XIREC,5269.0,4
871200,SUBMISSION,,VELVETFRUIT_EXTRACT,XIREC,5264.0,9
871200,SUBMISSION,,VELVETFRUIT_EXTRACT,XIREC,5264.0,1
871200,,,VELVETFRUIT_EXTRACT,XIREC,5264.0,8
871300,,SUBMISSION,VELVETFRUIT_EXTRACT,XIREC,5266.0,14
871500,SUBMISSION,,HYDROGEL_PACK,XIREC,10000.0,6
872000,SUBMISSION,,VELVETFRUIT_EXTRACT,XIREC,5261.0,9
873100,,SUBMISSION,HYDROGEL_PACK,XIREC,10011.0,3
873500,,SUBMISSION,HYDROGEL_PACK,XIREC,10005.0,3
873700,SUBMISSION,,VEV_4000,XIREC,1262.0,4
873700,,,VEV_5500,XIREC,9.0,4
873700,,,VEV_6000,XIREC,0.0,4
873700,,,VEV_6500,XIREC,0.0,4
874800,SUBMISSION,,HYDROGEL_PACK,XIREC,9991.0,4
874800,SUBMISSION,,VELVETFRUIT_EXTRACT,XIREC,5258.0,5
875600,,SUBMISSION,VEV_4000,XIREC,1267.0,1
876100,SUBMISSION,,HYDROGEL_PACK,XIREC,9990.0,6
877700,SUBMISSION,,HYDROGEL_PACK,XIREC,10001.0,9
878100,,SUBMISSION,VELVETFRUIT_EXTRACT,XIREC,5258.0,6
878200,,SUBMISSION,HYDROGEL_PACK,XIREC,10003.0,5
878500,,SUBMISSION,HYDROGEL_PACK,XIREC,10001.0,10
878600,,SUBMISSION,VELVETFRUIT_EXTRACT,XIREC,5259.0,5
879100,,SUBMISSION,VELVETFRUIT_EXTRACT,XIREC,5259.0,9
879200,,SUBMISSION,HYDROGEL_PACK,XIREC,10002.0,4
880300,,SUBMISSION,VELVETFRUIT_EXTRACT,XIREC,5256.0,11
880800,,SUBMISSION,VELVETFRUIT_EXTRACT,XIREC,5257.0,5
881000,SUBMISSION,,VELVETFRUIT_EXTRACT,XIREC,5254.0,9
882600,SUBMISSION,,VELVETFRUIT_EXTRACT,XIREC,5251.0,10
882600,SUBMISSION,,VELVETFRUIT_EXTRACT,XIREC,5251.0,10
882800,SUBMISSION,,VELVETFRUIT_EXTRACT,XIREC,5249.0,7
882800,,,VELVETFRUIT_EXTRACT,XIREC,5248.0,1
883900,,,HYDROGEL_PACK,XIREC,10015.0,3
884000,SUBMISSION,,VEV_4000,XIREC,1250.0,3
884000,,,VEV_5400,XIREC,17.0,5
884000,,,VEV_5500,XIREC,8.0,5
884000,,,VEV_6000,XIREC,0.0,5
884000,,,VEV_6500,XIREC,0.0,5
884500,,,HYDROGEL_PACK,XIREC,10017.0,2
885300,,,HYDROGEL_PACK,XIREC,10019.0,5
885400,,SUBMISSION,VEV_4000,XIREC,1262.0,1
885800,,,VELVETFRUIT_EXTRACT,XIREC,5250.0,5
886200,,,HYDROGEL_PACK,XIREC,10039.0,5
886700,SUBMISSION,,VEV_4000,XIREC,1243.0,1
886700,,,VELVETFRUIT_EXTRACT,XIREC,5252.0,6
886700,,,VEV_4000,XIREC,1242.0,1
887700,,SUBMISSION,VELVETFRUIT_EXTRACT,XIREC,5249.0,4
887800,SUBMISSION,,VELVETFRUIT_EXTRACT,XIREC,5248.0,4
889300,,,HYDROGEL_PACK,XIREC,10048.0,3
890900,,SUBMISSION,VEV_4000,XIREC,1263.0,3
891000,,SUBMISSION,VEV_4000,XIREC,1264.0,1
891400,,,VELVETFRUIT_EXTRACT,XIREC,5255.0,6
891500,,SUBMISSION,VELVETFRUIT_EXTRACT,XIREC,5258.0,10
891500,SUBMISSION,,VEV_4000,XIREC,1249.0,3
893000,,SUBMISSION,VELVETFRUIT_EXTRACT,XIREC,5259.0,5
893400,SUBMISSION,,VELVETFRUIT_EXTRACT,XIREC,5256.0,8
893500,SUBMISSION,,VELVETFRUIT_EXTRACT,XIREC,5255.0,3
893800,SUBMISSION,,VELVETFRUIT_EXTRACT,XIREC,5253.0,4
893800,,,VELVETFRUIT_EXTRACT,XIREC,5253.0,5
895100,,,VELVETFRUIT_EXTRACT,XIREC,5255.0,5
895800,,SUBMISSION,VELVETFRUIT_EXTRACT,XIREC,5259.0,5
895800,SUBMISSION,,VEV_4000,XIREC,1259.0,1
895800,,,VEV_6000,XIREC,0.0,3
895800,,,VEV_6500,XIREC,0.0,3
898300,SUBMISSION,,VELVETFRUIT_EXTRACT,XIREC,5260.0,5
898300,,,VELVETFRUIT_EXTRACT,XIREC,5259.0,3
898800,,,HYDROGEL_PACK,XIREC,10002.0,5
899800,,,VEV_4000,XIREC,1248.0,3
900900,SUBMISSION,,HYDROGEL_PACK,XIREC,10001.0,12
901000,SUBMISSION,,HYDROGEL_PACK,XIREC,9999.0,15
901000,SUBMISSION,,HYDROGEL_PACK,XIREC,10001.0,22
901100,SUBMISSION,,HYDROGEL_PACK,XIREC,9997.0,15
901100,SUBMISSION,,HYDROGEL_PACK,XIREC,10000.0,29
901200,SUBMISSION,,HYDROGEL_PACK,XIREC,9995.0,15
901200,SUBMISSION,,HYDROGEL_PACK,XIREC,9997.0,23
901300,SUBMISSION,,HYDROGEL_PACK,XIREC,9993.0,12
901300,SUBMISSION,,HYDROGEL_PACK,XIREC,9996.0,20
