timestamp;buyer;seller;symbol;currency;price;quantity
2500;;SUBMISSION;VELVETFRUIT_EXTRACT;SEASHELLS;5249;4
5200;SUBMISSION;;VELVETFRUIT_EXTRACT;SEASHELLS;5237;3
5500;;SUBMISSION;VELVETFRUIT_EXTRACT;SEASHELLS;5240;8
8000;;SUBMISSION;HYDROGEL_PACK;SEASHELLS;10017;6
9300;SUBMISSION;;VELVETFRUIT_EXTRACT;SEASHELLS;5230;6
10100;;SUBMISSION;HYDROGEL_PACK;SEASHELLS;10012;5
11900;;SUBMISSION;VELVETFRUIT_EXTRACT;SEASHELLS;5236;4
14000;;SUBMISSION;VELVETFRUIT_EXTRACT;SEASHELLS;5242;7
15300;;SUBMISSION;HYDROGEL_PACK;SEASHELLS;10024;3
15700;SUBMISSION;;HYDROGEL_PACK;SEASHELLS;10011;2
16400;SUBMISSION;;HYDROGEL_PACK;SEASHELLS;10011;4
19900;SUBMISSION;;VELVETFRUIT_EXTRACT;SEASHELLS;5237;7
20300;SUBMISSION;;HYDROGEL_PACK;SEASHELLS;10004;5
20500;SUBMISSION;;HYDROGEL_PACK;SEASHELLS;10002;3
20700;;SUBMISSION;VELVETFRUIT_EXTRACT;SEASHELLS;5237;5
22500;SUBMISSION;;VELVETFRUIT_EXTRACT;SEASHELLS;5235;4
23300;;SUBMISSION;HYDROGEL_PACK;SEASHELLS;9996;2
27300;SUBMISSION;;VELVETFRUIT_EXTRACT;SEASHELLS;5231;3
28400;SUBMISSION;;VELVETFRUIT_EXTRACT;SEASHELLS;5231;8
28500;;SUBMISSION;HYDROGEL_PACK;SEASHELLS;9993;5
29100;SUBMISSION;;HYDROGEL_PACK;SEASHELLS;9974;6
29800;;SUBMISSION;VELVETFRUIT_EXTRACT;SEASHELLS;5231;4
33300;;SUBMISSION;VELVETFRUIT_EXTRACT;SEASHELLS;5232;6
36500;SUBMISSION;;VELVETFRUIT_EXTRACT;SEASHELLS;5230;7
36800;SUBMISSION;;VELVETFRUIT_EXTRACT;SEASHELLS;5229;7
37300;SUBMISSION;;VELVETFRUIT_EXTRACT;SEASHELLS;5232;5
38400;;SUBMISSION;VELVETFRUIT_EXTRACT;SEASHELLS;5234;3
38700;;SUBMISSION;VELVETFRUIT_EXTRACT;SEASHELLS;5235;6
39900;SUBMISSION;;VELVETFRUIT_EXTRACT;SEASHELLS;5231;8
45800;SUBMISSION;;HYDROGEL_PACK;SEASHELLS;9979;2
54300;SUBMISSION;;VELVETFRUIT_EXTRACT;SEASHELLS;5240;4
54600;;SUBMISSION;HYDROGEL_PACK;SEASHELLS;9985;3
54900;;SUBMISSION;VELVETFRUIT_EXTRACT;SEASHELLS;5239;4
55000;;SUBMISSION;HYDROGEL_PACK;SEASHELLS;9985;6
56700;;SUBMISSION;HYDROGEL_PACK;SEASHELLS;9989;6
57500;;SUBMISSION;VELVETFRUIT_EXTRACT;SEASHELLS;5245;4
60000;SUBMISSION;;HYDROGEL_PACK;SEASHELLS;9991;4
61900;;SUBMISSION;VELVETFRUIT_EXTRACT;SEASHELLS;5241;5
63900;SUBMISSION;;HYDROGEL_PACK;SEASHELLS;9989;5
65600;;SUBMISSION;VELVETFRUIT_EXTRACT;SEASHELLS;5237;8
67600;;SUBMISSION;HYDROGEL_PACK;SEASHELLS;9991;5
69200;SUBMISSION;;VELVETFRUIT_EXTRACT;SEASHELLS;5239;7
73000;SUBMISSION;;HYDROGEL_PACK;SEASHELLS;9982;3
75500;;SUBMISSION;VELVETFRUIT_EXTRACT;SEASHELLS;5242;6
75800;SUBMISSION;;VELVETFRUIT_EXTRACT;SEASHELLS;5241;3
76300;;SUBMISSION;VELVETFRUIT_EXTRACT;SEASHELLS;5246;8
77800;;SUBMISSION;HYDROGEL_PACK;SEASHELLS;9988;2
79800;SUBMISSION;;VELVETFRUIT_EXTRACT;SEASHELLS;5248;6
85300;;SUBMISSION;VELVETFRUIT_EXTRACT;SEASHELLS;5244;6
85800;SUBMISSION;;VELVETFRUIT_EXTRACT;SEASHELLS;5239;4
86300;;SUBMISSION;VELVETFRUIT_EXTRACT;SEASHELLS;5243;7
86800;;SUBMISSION;VELVETFRUIT_EXTRACT;SEASHELLS;5244;6
90000;;SUBMISSION;HYDROGEL_PACK;SEASHELLS;9948;6
93200;;SUBMISSION;HYDROGEL_PACK;SEASHELLS;9947;6
94600;SUBMISSION;;HYDROGEL_PACK;SEASHELLS;9933;3
94900;SUBMISSION;;HYDROGEL_PACK;SEASHELLS;9935;4
96800;SUBMISSION;;HYDROGEL_PACK;SEASHELLS;9942;2
101800;;SUBMISSION;VELVETFRUIT_EXTRACT;SEASHELLS;5240;4
102200;SUBMISSION;;HYDROGEL_PACK;SEASHELLS;9949;5
102600;SUBMISSION;;VELVETFRUIT_EXTRACT;SEASHELLS;5237;4
104800;;SUBMISSION;VELVETFRUIT_EXTRACT;SEASHELLS;5234;6
105100;SUBMISSION;;HYDROGEL_PACK;SEASHELLS;9945;4
106100;SUBMISSION;;HYDROGEL_PACK;SEASHELLS;9945;6
108800;;SUBMISSION;HYDROGEL_PACK;SEASHELLS;9948;2
109500;SUBMISSION;;HYDROGEL_PACK;SEASHELLS;9928;2
116300;SUBMISSION;;HYDROGEL_PACK;SEASHELLS;9931;5
120900;SUBMISSION;;VELVETFRUIT_EXTRACT;SEASHELLS;5221;5
123200;SUBMISSION;;VELVETFRUIT_EXTRACT;SEASHELLS;5231;5
125000;;SUBMISSION;HYDROGEL_PACK;SEASHELLS;9970;4
128500;SUBMISSION;;HYDROGEL_PACK;SEASHELLS;9957;5
132000;SUBMISSION;;HYDROGEL_PACK;SEASHELLS;9951;3
132900;SUBMISSION;;HYDROGEL_PACK;SEASHELLS;9957;2
133600;;SUBMISSION;HYDROGEL_PACK;SEASHELLS;9968;5
136800;;SUBMISSION;HYDROGEL_PACK;SEASHELLS;9954;5
141700;SUBMISSION;;HYDROGEL_PACK;SEASHELLS;9941;2
141700;;SUBMISSION;VELVETFRUIT_EXTRACT;SEASHELLS;5233;6
142400;SUBMISSION;;VELVETFRUIT_EXTRACT;SEASHELLS;5232;5
143600;SUBMISSION;;HYDROGEL_PACK;SEASHELLS;9950;4
144100;SUBMISSION;;VELVETFRUIT_EXTRACT;SEASHELLS;5228;7
144500;;SUBMISSION;HYDROGEL_PACK;SEASHELLS;9964;3
148100;SUBMISSION;;VELVETFRUIT_EXTRACT;SEASHELLS;5224;3
148700;SUBMISSION;;VELVETFRUIT_EXTRACT;SEASHELLS;5224;8
152200;;SUBMISSION;VELVETFRUIT_EXTRACT;SEASHELLS;5236;3
152400;SUBMISSION;;VELVETFRUIT_EXTRACT;SEASHELLS;5232;3
153400;SUBMISSION;;HYDROGEL_PACK;SEASHELLS;9966;4
155200;;SUBMISSION;HYDROGEL_PACK;SEASHELLS;9989;5
156600;;SUBMISSION;VELVETFRUIT_EXTRACT;SEASHELLS;5243;4
159000;;SUBMISSION;VELVETFRUIT_EXTRACT;SEASHELLS;5248;6
159300;SUBMISSION;;HYDROGEL_PACK;SEASHELLS;9970;2
163300;;SUBMISSION;HYDROGEL_PACK;SEASHELLS;9975;3
164600;SUBMISSION;;HYDROGEL_PACK;SEASHELLS;9964;3
169000;SUBMISSION;;HYDROGEL_PACK;SEASHELLS;9955;3
171500;;SUBMISSION;HYDROGEL_PACK;SEASHELLS;9981;5
172800;;SUBMISSION;VELVETFRUIT_EXTRACT;SEASHELLS;5251;3
173200;;SUBMISSION;VELVETFRUIT_EXTRACT;SEASHELLS;5252;5
173900;SUBMISSION;;VELVETFRUIT_EXTRACT;SEASHELLS;5246;5
178100;SUBMISSION;;HYDROGEL_PACK;SEASHELLS;9959;2
178300;;SUBMISSION;VELVETFRUIT_EXTRACT;SEASHELLS;5238;6
178800;SUBMISSION;;VELVETFRUIT_EXTRACT;SEASHELLS;5238;5
179500;SUBMISSION;;VELVETFRUIT_EXTRACT;SEASHELLS;5237;3
181900;;SUBMISSION;HYDROGEL_PACK;SEASHELLS;9979;3
183300;;SUBMISSION;HYDROGEL_PACK;SEASHELLS;9972;4
185800;SUBMISSION;;HYDROGEL_PACK;SEASHELLS;9962;6
190500;SUBMISSION;;VELVETFRUIT_EXTRACT;SEASHELLS;5233;10
190600;SUBMISSION;;HYDROGEL_PACK;SEASHELLS;9945;6
195800;;SUBMISSION;VELVETFRUIT_EXTRACT;SEASHELLS;5233;8
196500;SUBMISSION;;VELVETFRUIT_EXTRACT;SEASHELLS;5228;7
196600;SUBMISSION;;HYDROGEL_PACK;SEASHELLS;9954;3
197000;;SUBMISSION;HYDROGEL_PACK;SEASHELLS;9965;6
198200;SUBMISSION;;VEV_5300;SEASHELLS;42;4
199300;;SUBMISSION;VELVETFRUIT_EXTRACT;SEASHELLS;5232;7
199700;SUBMISSION;;VELVETFRUIT_EXTRACT;SEASHELLS;5228;4
200700;;SUBMISSION;VELVETFRUIT_EXTRACT;SEASHELLS;5234;7
201900;SUBMISSION;;VELVETFRUIT_EXTRACT;SEASHELLS;5231;4
203900;;SUBMISSION;HYDROGEL_PACK;SEASHELLS;9976;6
206200;;SUBMISSION;HYDROGEL_PACK;SEASHELLS;9981;5
206700;SUBMISSION;;HYDROGEL_PACK;SEASHELLS;9964;5
207200;SUBMISSION;;HYDROGEL_PACK;SEASHELLS;9964;4
207600;;SUBMISSION;HYDROGEL_PACK;SEASHELLS;9977;6
209000;;SUBMISSION;HYDROGEL_PACK;SEASHELLS;9987;5
210700;;SUBMISSION;VELVETFRUIT_EXTRACT;SEASHELLS;5237;6
213100;;SUBMISSION;VELVETFRUIT_EXTRACT;SEASHELLS;5223;6
216000;SUBMISSION;;VELVETFRUIT_EXTRACT;SEASHELLS;5223;3
216600;SUBMISSION;;VELVETFRUIT_EXTRACT;SEASHELLS;5223;7
218800;;SUBMISSION;HYDROGEL_PACK;SEASHELLS;9984;4
220100;SUBMISSION;;VEV_5200;SEASHELLS;84;4
221500;SUBMISSION;;HYDROGEL_PACK;SEASHELLS;9988;3
222700;;SUBMISSION;HYDROGEL_PACK;SEASHELLS;10000;6
225900;;SUBMISSION;VELVETFRUIT_EXTRACT;SEASHELLS;5234;5
230000;SUBMISSION;;VEV_5500;SEASHELLS;7;1
232700;SUBMISSION;;VELVETFRUIT_EXTRACT;SEASHELLS;5235;3
234200;SUBMISSION;;HYDROGEL_PACK;SEASHELLS;9978;6
235100;SUBMISSION;;VEV_5300;SEASHELLS;46;1
235500;SUBMISSION;;VELVETFRUIT_EXTRACT;SEASHELLS;5234;8
235900;SUBMISSION;;VELVETFRUIT_EXTRACT;SEASHELLS;5232;8
238700;;SUBMISSION;VELVETFRUIT_EXTRACT;SEASHELLS;5232;6
239200;SUBMISSION;;VELVETFRUIT_EXTRACT;SEASHELLS;5230;5
240700;SUBMISSION;;HYDROGEL_PACK;SEASHELLS;9964;4
242100;;SUBMISSION;VELVETFRUIT_EXTRACT;SEASHELLS;5236;3
243300;;SUBMISSION;HYDROGEL_PACK;SEASHELLS;9976;2
247100;;SUBMISSION;HYDROGEL_PACK;SEASHELLS;9970;5
247800;SUBMISSION;;HYDROGEL_PACK;SEASHELLS;9953;4
248500;SUBMISSION;;VELVETFRUIT_EXTRACT;SEASHELLS;5242;8
250200;SUBMISSION;;VELVETFRUIT_EXTRACT;SEASHELLS;5245;7
251800;;SUBMISSION;VELVETFRUIT_EXTRACT;SEASHELLS;5248;4
256100;;SUBMISSION;VELVETFRUIT_EXTRACT;SEASHELLS;5242;4
257100;;SUBMISSION;VELVETFRUIT_EXTRACT;SEASHELLS;5244;7
260100;;SUBMISSION;HYDROGEL_PACK;SEASHELLS;9998;2
260200;SUBMISSION;;VELVETFRUIT_EXTRACT;SEASHELLS;5236;3
261500;;SUBMISSION;HYDROGEL_PACK;SEASHELLS;10008;5
263700;SUBMISSION;;HYDROGEL_PACK;SEASHELLS;9990;3
266800;SUBMISSION;;HYDROGEL_PACK;SEASHELLS;9995;6
267500;SUBMISSION;;VELVETFRUIT_EXTRACT;SEASHELLS;5239;8
270900;SUBMISSION;;VELVETFRUIT_EXTRACT;SEASHELLS;5243;8
273500;;SUBMISSION;HYDROGEL_PACK;SEASHELLS;9993;4
273700;;SUBMISSION;VELVETFRUIT_EXTRACT;SEASHELLS;5250;3
277200;;SUBMISSION;VELVETFRUIT_EXTRACT;SEASHELLS;5253;6
278200;;SUBMISSION;HYDROGEL_PACK;SEASHELLS;9995;5
278600;SUBMISSION;;HYDROGEL_PACK;SEASHELLS;9993;4
280000;;SUBMISSION;HYDROGEL_PACK;SEASHELLS;9989;3
281300;;SUBMISSION;VELVETFRUIT_EXTRACT;SEASHELLS;5241;8
281500;SUBMISSION;;HYDROGEL_PACK;SEASHELLS;9976;5
282600;;SUBMISSION;VELVETFRUIT_EXTRACT;SEASHELLS;5242;7
283800;;SUBMISSION;HYDROGEL_PACK;SEASHELLS;9988;2
284700;;SUBMISSION;HYDROGEL_PACK;SEASHELLS;9977;2
286800;SUBMISSION;;VELVETFRUIT_EXTRACT;SEASHELLS;5233;6
287600;;SUBMISSION;HYDROGEL_PACK;SEASHELLS;9978;6
287700;;SUBMISSION;HYDROGEL_PACK;SEASHELLS;9982;3
289500;;SUBMISSION;VELVETFRUIT_EXTRACT;SEASHELLS;5249;7
290600;SUBMISSION;;HYDROGEL_PACK;SEASHELLS;9983;2
290800;;SUBMISSION;HYDROGEL_PACK;SEASHELLS;9997;5
291200;SUBMISSION;;VELVETFRUIT_EXTRACT;SEASHELLS;5238;7
292400;;SUBMISSION;VELVETFRUIT_EXTRACT;SEASHELLS;5244;6
293200;SUBMISSION;;VELVETFRUIT_EXTRACT;SEASHELLS;5243;7
294900;;SUBMISSION;HYDROGEL_PACK;SEASHELLS;10004;6
297300;SUBMISSION;;VELVETFRUIT_EXTRACT;SEASHELLS;5246;3
297600;SUBMISSION;;VELVETFRUIT_EXTRACT;SEASHELLS;5246;8
297800;;SUBMISSION;VELVETFRUIT_EXTRACT;SEASHELLS;5250;5
298700;SUBMISSION;;HYDROGEL_PACK;SEASHELLS;10005;4
304700;;SUBMISSION;VELVETFRUIT_EXTRACT;SEASHELLS;5254;4
305700;SUBMISSION;;VELVETFRUIT_EXTRACT;SEASHELLS;5253;8
310200;SUBMISSION;;HYDROGEL_PACK;SEASHELLS;10018;2
311500;;SUBMISSION;HYDROGEL_PACK;SEASHELLS;10026;5
313400;;SUBMISSION;HYDROGEL_PACK;SEASHELLS;10022;5
318700;SUBMISSION;;HYDROGEL_PACK;SEASHELLS;10016;6
320900;;SUBMISSION;HYDROGEL_PACK;SEASHELLS;10032;4
321200;SUBMISSION;;HYDROGEL_PACK;SEASHELLS;10011;4
330900;;SUBMISSION;HYDROGEL_PACK;SEASHELLS;10038;3
331400;SUBMISSION;;HYDROGEL_PACK;SEASHELLS;10028;2
332300;SUBMISSION;;VEV_5300;SEASHELLS;58;3
332700;SUBMISSION;;HYDROGEL_PACK;SEASHELLS;10033;6
335000;;SUBMISSION;HYDROGEL_PACK;SEASHELLS;10045;5
335300;;SUBMISSION;HYDROGEL_PACK;SEASHELLS;10046;4
335400;;SUBMISSION;HYDROGEL_PACK;SEASHELLS;10046;4
335400;;SUBMISSION;VELVETFRUIT_EXTRACT;SEASHELLS;5265;8
336800;SUBMISSION;;HYDROGEL_PACK;SEASHELLS;10037;5
338000;;SUBMISSION;VELVETFRUIT_EXTRACT;SEASHELLS;5261;3
340000;SUBMISSION;;HYDROGEL_PACK;SEASHELLS;10031;6
345000;SUBMISSION;;HYDROGEL_PACK;SEASHELLS;10018;4
345400;SUBMISSION;;VELVETFRUIT_EXTRACT;SEASHELLS;5251;8
346300;;SUBMISSION;VELVETFRUIT_EXTRACT;SEASHELLS;5261;8
346400;SUBMISSION;;VELVETFRUIT_EXTRACT;SEASHELLS;5259;3
350700;;SUBMISSION;VELVETFRUIT_EXTRACT;SEASHELLS;5275;6
351100;SUBMISSION;;VELVETFRUIT_EXTRACT;SEASHELLS;5272;7
352700;;SUBMISSION;VELVETFRUIT_EXTRACT;SEASHELLS;5273;7
354000;SUBMISSION;;VELVETFRUIT_EXTRACT;SEASHELLS;5271;3
354400;SUBMISSION;;VELVETFRUIT_EXTRACT;SEASHELLS;5272;4
358200;SUBMISSION;;HYDROGEL_PACK;SEASHELLS;9996;6
363700;;SUBMISSION;HYDROGEL_PACK;SEASHELLS;10020;5
366900;;SUBMISSION;HYDROGEL_PACK;SEASHELLS;10043;5
367000;;SUBMISSION;HYDROGEL_PACK;SEASHELLS;10041;5
370400;;SUBMISSION;HYDROGEL_PACK;SEASHELLS;10046;2
370600;SUBMISSION;;HYDROGEL_PACK;SEASHELLS;10033;4
373300;;SUBMISSION;HYDROGEL_PACK;SEASHELLS;10053;2
374900;;SUBMISSION;VELVETFRUIT_EXTRACT;SEASHELLS;5286;3
376500;;SUBMISSION;VELVETFRUIT_EXTRACT;SEASHELLS;5286;3
376700;;SUBMISSION;VELVETFRUIT_EXTRACT;SEASHELLS;5285;8
380500;SUBMISSION;;HYDROGEL_PACK;SEASHELLS;10044;4
381200;SUBMISSION;;VELVETFRUIT_EXTRACT;SEASHELLS;5270;7
381400;SUBMISSION;;HYDROGEL_PACK;SEASHELLS;10036;4
383100;SUBMISSION;;HYDROGEL_PACK;SEASHELLS;10034;6
386500;;SUBMISSION;VELVETFRUIT_EXTRACT;SEASHELLS;5270;3
387500;;SUBMISSION;VELVETFRUIT_EXTRACT;SEASHELLS;5274;7
388000;;SUBMISSION;VELVETFRUIT_EXTRACT;SEASHELLS;5274;4
389600;;SUBMISSION;VELVETFRUIT_EXTRACT;SEASHELLS;5270;4
389800;;SUBMISSION;HYDROGEL_PACK;SEASHELLS;10016;4
390400;SUBMISSION;;HYDROGEL_PACK;SEASHELLS;10006;6
392600;;SUBMISSION;VELVETFRUIT_EXTRACT;SEASHELLS;5265;8
394200;SUBMISSION;;VELVETFRUIT_EXTRACT;SEASHELLS;5262;7
395500;SUBMISSION;;VELVETFRUIT_EXTRACT;SEASHELLS;5262;3
397900;SUBMISSION;;VELVETFRUIT_EXTRACT;SEASHELLS;5261;6
399700;SUBMISSION;;VELVETFRUIT_EXTRACT;SEASHELLS;5260;6
402000;;SUBMISSION;HYDROGEL_PACK;SEASHELLS;10015;4
404300;SUBMISSION;;VELVETFRUIT_EXTRACT;SEASHELLS;5261;8
405600;;SUBMISSION;HYDROGEL_PACK;SEASHELLS;9998;5
405800;SUBMISSION;;VELVETFRUIT_EXTRACT;SEASHELLS;5261;7
407800;SUBMISSION;;VELVETFRUIT_EXTRACT;SEASHELLS;5271;9
410500;;SUBMISSION;HYDROGEL_PACK;SEASHELLS;9989;3
414600;;SUBMISSION;HYDROGEL_PACK;SEASHELLS;9991;2
414800;;SUBMISSION;VELVETFRUIT_EXTRACT;SEASHELLS;5265;5
416400;SUBMISSION;;HYDROGEL_PACK;SEASHELLS;9966;5
417000;;SUBMISSION;HYDROGEL_PACK;SEASHELLS;9976;6
417100;;SUBMISSION;HYDROGEL_PACK;SEASHELLS;9975;2
421200;;SUBMISSION;VELVETFRUIT_EXTRACT;SEASHELLS;5269;5
422900;;SUBMISSION;HYDROGEL_PACK;SEASHELLS;9976;4
425600;;SUBMISSION;HYDROGEL_PACK;SEASHELLS;9993;2
428300;;SUBMISSION;HYDROGEL_PACK;SEASHELLS;10000;5
429100;SUBMISSION;;HYDROGEL_PACK;SEASHELLS;9982;3
430800;;SUBMISSION;VELVETFRUIT_EXTRACT;SEASHELLS;5251;4
432000;;SUBMISSION;VELVETFRUIT_EXTRACT;SEASHELLS;5248;8
433500;;SUBMISSION;VELVETFRUIT_EXTRACT;SEASHELLS;5247;3
435200;;SUBMISSION;HYDROGEL_PACK;SEASHELLS;9977;6
436500;;SUBMISSION;HYDROGEL_PACK;SEASHELLS;9984;3
436600;;SUBMISSION;VELVETFRUIT_EXTRACT;SEASHELLS;5248;8
437100;SUBMISSION;;VELVETFRUIT_EXTRACT;SEASHELLS;5246;5
442300;SUBMISSION;;VELVETFRUIT_EXTRACT;SEASHELLS;5245;7
443900;;SUBMISSION;HYDROGEL_PACK;SEASHELLS;9964;5
446300;;SUBMISSION;HYDROGEL_PACK;SEASHELLS;9958;3
447400;SUBMISSION;;HYDROGEL_PACK;SEASHELLS;9948;5
448000;;SUBMISSION;HYDROGEL_PACK;SEASHELLS;9949;4
448400;;SUBMISSION;VELVETFRUIT_EXTRACT;SEASHELLS;5252;7
450100;SUBMISSION;;VELVETFRUIT_EXTRACT;SEASHELLS;5243;5
454500;SUBMISSION;;VELVETFRUIT_EXTRACT;SEASHELLS;5241;8
455100;SUBMISSION;;HYDROGEL_PACK;SEASHELLS;9965;5
455600;SUBMISSION;;VELVETFRUIT_EXTRACT;SEASHELLS;5242;4
456600;;SUBMISSION;VELVETFRUIT_EXTRACT;SEASHELLS;5242;8
458100;SUBMISSION;;VELVETFRUIT_EXTRACT;SEASHELLS;5238;8
460000;;SUBMISSION;HYDROGEL_PACK;SEASHELLS;9978;6
462900;;SUBMISSION;HYDROGEL_PACK;SEASHELLS;9976;5
463000;;SUBMISSION;HYDROGEL_PACK;SEASHELLS;9973;3
463700;;SUBMISSION;VELVETFRUIT_EXTRACT;SEASHELLS;5233;3
467600;SUBMISSION;;HYDROGEL_PACK;SEASHELLS;9970;3
469900;;SUBMISSION;VELVETFRUIT_EXTRACT;SEASHELLS;5232;3
470500;;SUBMISSION;VELVETFRUIT_EXTRACT;SEASHELLS;5231;5
471100;;SUBMISSION;VELVETFRUIT_EXTRACT;SEASHELLS;5230;6
471700;;SUBMISSION;HYDROGEL_PACK;SEASHELLS;9979;3
472600;SUBMISSION;;VELVETFRUIT_EXTRACT;SEASHELLS;5234;7
472700;SUBMISSION;;VELVETFRUIT_EXTRACT;SEASHELLS;5235;6
473100;;SUBMISSION;HYDROGEL_PACK;SEASHELLS;9969;3
474000;;SUBMISSION;VELVETFRUIT_EXTRACT;SEASHELLS;5237;7
476800;;SUBMISSION;VELVETFRUIT_EXTRACT;SEASHELLS;5239;8
478700;SUBMISSION;;VELVETFRUIT_EXTRACT;SEASHELLS;5235;3
483100;SUBMISSION;;VELVETFRUIT_EXTRACT;SEASHELLS;5248;3
487100;SUBMISSION;;VELVETFRUIT_EXTRACT;SEASHELLS;5243;9
487500;;SUBMISSION;HYDROGEL_PACK;SEASHELLS;9958;4
488600;;SUBMISSION;VELVETFRUIT_EXTRACT;SEASHELLS;5243;5
489700;SUBMISSION;;HYDROGEL_PACK;SEASHELLS;9959;6
489900;SUBMISSION;;HYDROGEL_PACK;SEASHELLS;9958;6
491600;;SUBMISSION;VELVETFRUIT_EXTRACT;SEASHELLS;5237;3
493600;;SUBMISSION;HYDROGEL_PACK;SEASHELLS;9981;2
493600;;SUBMISSION;VELVETFRUIT_EXTRACT;SEASHELLS;5240;5
495200;;SUBMISSION;VELVETFRUIT_EXTRACT;SEASHELLS;5241;7
496300;SUBMISSION;;HYDROGEL_PACK;SEASHELLS;9976;4
497200;SUBMISSION;;HYDROGEL_PACK;SEASHELLS;9974;5
498200;SUBMISSION;;HYDROGEL_PACK;SEASHELLS;9966;5
499400;SUBMISSION;;VELVETFRUIT_EXTRACT;SEASHELLS;5248;7
499600;SUBMISSION;;HYDROGEL_PACK;SEASHELLS;9981;6
501100;;SUBMISSION;VELVETFRUIT_EXTRACT;SEASHELLS;5245;6
507500;SUBMISSION;;VELVETFRUIT_EXTRACT;SEASHELLS;5232;6
510900;SUBMISSION;;HYDROGEL_PACK;SEASHELLS;9942;4
512300;SUBMISSION;;VELVETFRUIT_EXTRACT;SEASHELLS;5226;7
512600;SUBMISSION;;VELVETFRUIT_EXTRACT;SEASHELLS;5228;10
513900;;SUBMISSION;VELVETFRUIT_EXTRACT;SEASHELLS;5231;7
515600;SUBMISSION;;HYDROGEL_PACK;SEASHELLS;9934;5
515800;;SUBMISSION;VELVETFRUIT_EXTRACT;SEASHELLS;5227;4
516300;SUBMISSION;;HYDROGEL_PACK;SEASHELLS;9940;5
517700;SUBMISSION;;VEV_4000;SEASHELLS;1224;2
517900;;SUBMISSION;HYDROGEL_PACK;SEASHELLS;9952;3
518000;SUBMISSION;;HYDROGEL_PACK;SEASHELLS;9939;5
518000;SUBMISSION;;VELVETFRUIT_EXTRACT;SEASHELLS;5235;7
518000;SUBMISSION;;VEV_4000;SEASHELLS;1227;2
519000;SUBMISSION;;VELVETFRUIT_EXTRACT;SEASHELLS;5240;11
521000;SUBMISSION;;VELVETFRUIT_EXTRACT;SEASHELLS;5247;5
521400;;SUBMISSION;HYDROGEL_PACK;SEASHELLS;9963;6
521500;SUBMISSION;;VELVETFRUIT_EXTRACT;SEASHELLS;5249;4
522300;;SUBMISSION;HYDROGEL_PACK;SEASHELLS;9970;6
523200;;SUBMISSION;VELVETFRUIT_EXTRACT;SEASHELLS;5254;8
525700;;SUBMISSION;VELVETFRUIT_EXTRACT;SEASHELLS;5256;8
526800;;SUBMISSION;HYDROGEL_PACK;SEASHELLS;9988;2
527200;SUBMISSION;;HYDROGEL_PACK;SEASHELLS;9975;5
530400;;SUBMISSION;VELVETFRUIT_EXTRACT;SEASHELLS;5262;7
534700;SUBMISSION;;VEV_5300;SEASHELLS;51;2
535000;SUBMISSION;;VELVETFRUIT_EXTRACT;SEASHELLS;5250;3
537500;SUBMISSION;;VELVETFRUIT_EXTRACT;SEASHELLS;5248;8
540100;;SUBMISSION;VELVETFRUIT_EXTRACT;SEASHELLS;5245;7
540300;;SUBMISSION;HYDROGEL_PACK;SEASHELLS;9979;2
542600;;SUBMISSION;VELVETFRUIT_EXTRACT;SEASHELLS;5248;7
543200;SUBMISSION;;VELVETFRUIT_EXTRACT;SEASHELLS;5242;8
544700;SUBMISSION;;VELVETFRUIT_EXTRACT;SEASHELLS;5235;10
545700;SUBMISSION;;HYDROGEL_PACK;SEASHELLS;9966;5
546200;;SUBMISSION;VELVETFRUIT_EXTRACT;SEASHELLS;5242;5
552800;;SUBMISSION;VELVETFRUIT_EXTRACT;SEASHELLS;5247;7
553800;SUBMISSION;;VELVETFRUIT_EXTRACT;SEASHELLS;5242;15
554300;SUBMISSION;;HYDROGEL_PACK;SEASHELLS;9945;5
555000;SUBMISSION;;HYDROGEL_PACK;SEASHELLS;9940;2
557400;;SUBMISSION;HYDROGEL_PACK;SEASHELLS;9959;2
558300;;SUBMISSION;HYDROGEL_PACK;SEASHELLS;9970;3
559800;;SUBMISSION;HYDROGEL_PACK;SEASHELLS;9971;6
560800;;SUBMISSION;VELVETFRUIT_EXTRACT;SEASHELLS;5237;4
562900;SUBMISSION;;HYDROGEL_PACK;SEASHELLS;9962;5
566400;;SUBMISSION;VELVETFRUIT_EXTRACT;SEASHELLS;5245;6
566500;;SUBMISSION;HYDROGEL_PACK;SEASHELLS;9957;3
568200;SUBMISSION;;VELVETFRUIT_EXTRACT;SEASHELLS;5248;7
568400;SUBMISSION;;HYDROGEL_PACK;SEASHELLS;9952;4
568500;;SUBMISSION;HYDROGEL_PACK;SEASHELLS;9964;3
569000;;SUBMISSION;VELVETFRUIT_EXTRACT;SEASHELLS;5253;8
571700;;SUBMISSION;VELVETFRUIT_EXTRACT;SEASHELLS;5248;8
574300;SUBMISSION;;HYDROGEL_PACK;SEASHELLS;9953;4
574400;SUBMISSION;;VELVETFRUIT_EXTRACT;SEASHELLS;5240;5
575000;SUBMISSION;;VEV_5300;SEASHELLS;46;4
579000;;SUBMISSION;VELVETFRUIT_EXTRACT;SEASHELLS;5243;5
579200;SUBMISSION;;VELVETFRUIT_EXTRACT;SEASHELLS;5241;4
579800;;SUBMISSION;VELVETFRUIT_EXTRACT;SEASHELLS;5244;6
581000;SUBMISSION;;VELVETFRUIT_EXTRACT;SEASHELLS;5242;7
581900;SUBMISSION;;HYDROGEL_PACK;SEASHELLS;9970;5
584300;SUBMISSION;;VELVETFRUIT_EXTRACT;SEASHELLS;5238;8
585000;SUBMISSION;;VEV_5400;SEASHELLS;16;2
585100;;SUBMISSION;VELVETFRUIT_EXTRACT;SEASHELLS;5245;6
585800;SUBMISSION;;VELVETFRUIT_EXTRACT;SEASHELLS;5234;6
588900;;SUBMISSION;HYDROGEL_PACK;SEASHELLS;9990;3
591300;SUBMISSION;;HYDROGEL_PACK;SEASHELLS;9982;2
592300;SUBMISSION;;HYDROGEL_PACK;SEASHELLS;9984;4
593200;;SUBMISSION;VELVETFRUIT_EXTRACT;SEASHELLS;5248;3
596100;SUBMISSION;;HYDROGEL_PACK;SEASHELLS;9979;4
596500;;SUBMISSION;HYDROGEL_PACK;SEASHELLS;9994;6
598100;SUBMISSION;;HYDROGEL_PACK;SEASHELLS;9984;6
599000;;SUBMISSION;VELVETFRUIT_EXTRACT;SEASHELLS;5251;3
599500;;SUBMISSION;HYDROGEL_PACK;SEASHELLS;10000;2
599700;SUBMISSION;;HYDROGEL_PACK;SEASHELLS;9989;5
600300;SUBMISSION;;VELVETFRUIT_EXTRACT;SEASHELLS;5245;8
601600;;SUBMISSION;HYDROGEL_PACK;SEASHELLS;9994;6
604600;;SUBMISSION;VELVETFRUIT_EXTRACT;SEASHELLS;5242;7
605600;;SUBMISSION;VELVETFRUIT_EXTRACT;SEASHELLS;5238;5
606800;SUBMISSION;;VELVETFRUIT_EXTRACT;SEASHELLS;5237;3
616500;;SUBMISSION;HYDROGEL_PACK;SEASHELLS;10014;6
619000;SUBMISSION;;HYDROGEL_PACK;SEASHELLS;9989;2
620400;SUBMISSION;;VELVETFRUIT_EXTRACT;SEASHELLS;5225;4
621900;;SUBMISSION;VELVETFRUIT_EXTRACT;SEASHELLS;5224;8
622000;;SUBMISSION;HYDROGEL_PACK;SEASHELLS;10009;6
622700;SUBMISSION;;VELVETFRUIT_EXTRACT;SEASHELLS;5221;7
623300;SUBMISSION;;VELVETFRUIT_EXTRACT;SEASHELLS;5219;3
625700;SUBMISSION;;HYDROGEL_PACK;SEASHELLS;9987;2
626900;SUBMISSION;;HYDROGEL_PACK;SEASHELLS;9982;2
627400;;SUBMISSION;HYDROGEL_PACK;SEASHELLS;9988;5
629100;SUBMISSION;;VELVETFRUIT_EXTRACT;SEASHELLS;5221;4
629300;;SUBMISSION;HYDROGEL_PACK;SEASHELLS;9996;4
629700;SUBMISSION;;HYDROGEL_PACK;SEASHELLS;9985;4
631100;;SUBMISSION;HYDROGEL_PACK;SEASHELLS;10004;3
634800;;SUBMISSION;HYDROGEL_PACK;SEASHELLS;10011;2
635000;;SUBMISSION;VELVETFRUIT_EXTRACT;SEASHELLS;5227;5
637800;;SUBMISSION;VELVETFRUIT_EXTRACT;SEASHELLS;5231;4
638400;SUBMISSION;;HYDROGEL_PACK;SEASHELLS;9990;5
638500;;SUBMISSION;HYDROGEL_PACK;SEASHELLS;10002;6
639800;;SUBMISSION;VELVETFRUIT_EXTRACT;SEASHELLS;5232;5
639900;SUBMISSION;;HYDROGEL_PACK;SEASHELLS;9980;2
640100;;SUBMISSION;HYDROGEL_PACK;SEASHELLS;9997;4
640800;SUBMISSION;;HYDROGEL_PACK;SEASHELLS;9985;5
641600;SUBMISSION;;VELVETFRUIT_EXTRACT;SEASHELLS;5230;8
641800;;SUBMISSION;VELVETFRUIT_EXTRACT;SEASHELLS;5232;6
642700;SUBMISSION;;VELVETFRUIT_EXTRACT;SEASHELLS;5229;13
643900;;SUBMISSION;HYDROGEL_PACK;SEASHELLS;10009;6
644700;;SUBMISSION;VELVETFRUIT_EXTRACT;SEASHELLS;5232;4
645200;SUBMISSION;;VELVETFRUIT_EXTRACT;SEASHELLS;5225;7
645400;SUBMISSION;;HYDROGEL_PACK;SEASHELLS;10011;4
646500;;SUBMISSION;HYDROGEL_PACK;SEASHELLS;10028;6
646800;;SUBMISSION;VELVETFRUIT_EXTRACT;SEASHELLS;5232;5
648100;;SUBMISSION;VELVETFRUIT_EXTRACT;SEASHELLS;5227;3
649600;SUBMISSION;;HYDROGEL_PACK;SEASHELLS;10015;2
650900;SUBMISSION;;VELVETFRUIT_EXTRACT;SEASHELLS;5228;4
652300;SUBMISSION;;HYDROGEL_PACK;SEASHELLS;10008;3
653500;SUBMISSION;;HYDROGEL_PACK;SEASHELLS;10015;6
655000;SUBMISSION;;VELVETFRUIT_EXTRACT;SEASHELLS;5232;5
661800;;SUBMISSION;HYDROGEL_PACK;SEASHELLS;10021;4
662400;SUBMISSION;;HYDROGEL_PACK;SEASHELLS;10006;5
663100;SUBMISSION;;HYDROGEL_PACK;SEASHELLS;10000;5
663300;;SUBMISSION;VELVETFRUIT_EXTRACT;SEASHELLS;5244;3
668000;SUBMISSION;;HYDROGEL_PACK;SEASHELLS;10001;6
668300;;SUBMISSION;VELVETFRUIT_EXTRACT;SEASHELLS;5244;4
669000;SUBMISSION;;VELVETFRUIT_EXTRACT;SEASHELLS;5239;6
670800;SUBMISSION;;HYDROGEL_PACK;SEASHELLS;9996;5
672800;;SUBMISSION;VELVETFRUIT_EXTRACT;SEASHELLS;5242;4
676600;;SUBMISSION;VELVETFRUIT_EXTRACT;SEASHELLS;5236;6
678200;SUBMISSION;;VELVETFRUIT_EXTRACT;SEASHELLS;5236;11
679600;;SUBMISSION;HYDROGEL_PACK;SEASHELLS;9994;6
679600;;SUBMISSION;VELVETFRUIT_EXTRACT;SEASHELLS;5243;4
680300;;SUBMISSION;VELVETFRUIT_EXTRACT;SEASHELLS;5242;7
682000;SUBMISSION;;VELVETFRUIT_EXTRACT;SEASHELLS;5238;4
682100;;SUBMISSION;HYDROGEL_PACK;SEASHELLS;9981;5
682200;SUBMISSION;;HYDROGEL_PACK;SEASHELLS;9969;6
683300;SUBMISSION;;VELVETFRUIT_EXTRACT;SEASHELLS;5235;3
686000;SUBMISSION;;HYDROGEL_PACK;SEASHELLS;9992;4
690600;;SUBMISSION;HYDROGEL_PACK;SEASHELLS;9998;3
691300;SUBMISSION;;HYDROGEL_PACK;SEASHELLS;9984;6
693500;;SUBMISSION;VELVETFRUIT_EXTRACT;SEASHELLS;5248;6
693800;;SUBMISSION;HYDROGEL_PACK;SEASHELLS;10003;6
693900;;SUBMISSION;VELVETFRUIT_EXTRACT;SEASHELLS;5250;3
696200;;SUBMISSION;VELVETFRUIT_EXTRACT;SEASHELLS;5250;5
696300;;SUBMISSION;VELVETFRUIT_EXTRACT;SEASHELLS;5250;6
696800;;SUBMISSION;VELVETFRUIT_EXTRACT;SEASHELLS;5250;5
699400;SUBMISSION;;HYDROGEL_PACK;SEASHELLS;10011;3
707400;SUBMISSION;;HYDROGEL_PACK;SEASHELLS;10026;4
707600;;SUBMISSION;VELVETFRUIT_EXTRACT;SEASHELLS;5252;6
708700;;SUBMISSION;VELVETFRUIT_EXTRACT;SEASHELLS;5257;3
710400;;SUBMISSION;VELVETFRUIT_EXTRACT;SEASHELLS;5251;3
711900;;SUBMISSION;VELVETFRUIT_EXTRACT;SEASHELLS;5250;3
712800;SUBMISSION;;HYDROGEL_PACK;SEASHELLS;10020;5
712900;;SUBMISSION;VELVETFRUIT_EXTRACT;SEASHELLS;5249;6
714900;SUBMISSION;;HYDROGEL_PACK;SEASHELLS;10009;2
715000;SUBMISSION;;HYDROGEL_PACK;SEASHELLS;10007;2
715500;SUBMISSION;;VELVETFRUIT_EXTRACT;SEASHELLS;5251;4
715600;SUBMISSION;;VELVETFRUIT_EXTRACT;SEASHELLS;5250;5
719300;SUBMISSION;;VELVETFRUIT_EXTRACT;SEASHELLS;5251;7
719900;SUBMISSION;;VELVETFRUIT_EXTRACT;SEASHELLS;5251;5
721300;SUBMISSION;;HYDROGEL_PACK;SEASHELLS;10006;5
721400;SUBMISSION;;HYDROGEL_PACK;SEASHELLS;10004;5
722600;SUBMISSION;;HYDROGEL_PACK;SEASHELLS;10002;4
725000;SUBMISSION;;VELVETFRUIT_EXTRACT;SEASHELLS;5267;4
731500;;SUBMISSION;VELVETFRUIT_EXTRACT;SEASHELLS;5274;7
732700;SUBMISSION;;VELVETFRUIT_EXTRACT;SEASHELLS;5269;8
735100;;SUBMISSION;HYDROGEL_PACK;SEASHELLS;10037;5
738300;SUBMISSION;;HYDROGEL_PACK;SEASHELLS;10039;5
738400;;SUBMISSION;HYDROGEL_PACK;SEASHELLS;10052;2
740800;;SUBMISSION;HYDROGEL_PACK;SEASHELLS;10056;3
741300;;SUBMISSION;HYDROGEL_PACK;SEASHELLS;10055;2
744700;;SUBMISSION;VELVETFRUIT_EXTRACT;SEASHELLS;5271;6
746600;SUBMISSION;;VELVETFRUIT_EXTRACT;SEASHELLS;5270;7
746800;;SUBMISSION;VELVETFRUIT_EXTRACT;SEASHELLS;5274;4
748000;;SUBMISSION;VELVETFRUIT_EXTRACT;SEASHELLS;5277;7
748000;;SUBMISSION;VEV_4000;SEASHELLS;1285;1
748800;;SUBMISSION;HYDROGEL_PACK;SEASHELLS;10037;6
750300;;SUBMISSION;VELVETFRUIT_EXTRACT;SEASHELLS;5278;6
754800;;SUBMISSION;HYDROGEL_PACK;SEASHELLS;10048;3
755900;;SUBMISSION;HYDROGEL_PACK;SEASHELLS;10046;2
758600;;SUBMISSION;VELVETFRUIT_EXTRACT;SEASHELLS;5274;3
758800;;SUBMISSION;VELVETFRUIT_EXTRACT;SEASHELLS;5272;6
760300;;SUBMISSION;HYDROGEL_PACK;SEASHELLS;10023;6
762200;SUBMISSION;;HYDROGEL_PACK;SEASHELLS;10006;3
762800;SUBMISSION;;HYDROGEL_PACK;SEASHELLS;10004;5
763000;;SUBMISSION;HYDROGEL_PACK;SEASHELLS;10015;4
764200;SUBMISSION;;HYDROGEL_PACK;SEASHELLS;9997;4
764400;SUBMISSION;;HYDROGEL_PACK;SEASHELLS;9997;5
769500;;SUBMISSION;HYDROGEL_PACK;SEASHELLS;10020;3
773400;;SUBMISSION;HYDROGEL_PACK;SEASHELLS;10003;6
775200;SUBMISSION;;VELVETFRUIT_EXTRACT;SEASHELLS;5258;3
776900;SUBMISSION;;HYDROGEL_PACK;SEASHELLS;10001;4
778400;SUBMISSION;;HYDROGEL_PACK;SEASHELLS;10001;6
778700;;SUBMISSION;HYDROGEL_PACK;SEASHELLS;10009;4
779000;;SUBMISSION;HYDROGEL_PACK;SEASHELLS;10008;4
780100;;SUBMISSION;HYDROGEL_PACK;SEASHELLS;10018;4
781500;SUBMISSION;;VELVETFRUIT_EXTRACT;SEASHELLS;5248;7
784600;SUBMISSION;;VELVETFRUIT_EXTRACT;SEASHELLS;5245;8
785300;SUBMISSION;;HYDROGEL_PACK;SEASHELLS;9987;6
792300;SUBMISSION;;VELVETFRUIT_EXTRACT;SEASHELLS;5240;5
793000;;SUBMISSION;VELVETFRUIT_EXTRACT;SEASHELLS;5246;6
793800;;SUBMISSION;HYDROGEL_PACK;SEASHELLS;10011;4
793900;SUBMISSION;;VELVETFRUIT_EXTRACT;SEASHELLS;5242;6
794900;SUBMISSION;;HYDROGEL_PACK;SEASHELLS;9993;4
795700;SUBMISSION;;HYDROGEL_PACK;SEASHELLS;9984;4
796800;;SUBMISSION;VELVETFRUIT_EXTRACT;SEASHELLS;5241;7
797900;SUBMISSION;;VELVETFRUIT_EXTRACT;SEASHELLS;5242;5
799200;;SUBMISSION;HYDROGEL_PACK;SEASHELLS;10003;6
799800;SUBMISSION;;VELVETFRUIT_EXTRACT;SEASHELLS;5246;6
800600;SUBMISSION;;VELVETFRUIT_EXTRACT;SEASHELLS;5248;4
802300;SUBMISSION;;HYDROGEL_PACK;SEASHELLS;9986;2
802400;;SUBMISSION;HYDROGEL_PACK;SEASHELLS;9995;6
804800;SUBMISSION;;HYDROGEL_PACK;SEASHELLS;9982;4
805000;;SUBMISSION;HYDROGEL_PACK;SEASHELLS;9996;5
805900;SUBMISSION;;HYDROGEL_PACK;SEASHELLS;9980;3
806000;;SUBMISSION;HYDROGEL_PACK;SEASHELLS;9991;5
806200;SUBMISSION;;HYDROGEL_PACK;SEASHELLS;9978;4
810200;SUBMISSION;;HYDROGEL_PACK;SEASHELLS;9971;5
812700;;SUBMISSION;VELVETFRUIT_EXTRACT;SEASHELLS;5249;7
815500;SUBMISSION;;VELVETFRUIT_EXTRACT;SEASHELLS;5250;7
818500;;SUBMISSION;VELVETFRUIT_EXTRACT;SEASHELLS;5255;3
821700;;SUBMISSION;VELVETFRUIT_EXTRACT;SEASHELLS;5255;8
822000;SUBMISSION;;VELVETFRUIT_EXTRACT;SEASHELLS;5254;8
822400;SUBMISSION;;VELVETFRUIT_EXTRACT;SEASHELLS;5251;8
824000;;SUBMISSION;HYDROGEL_PACK;SEASHELLS;9983;6
824700;;SUBMISSION;VELVETFRUIT_EXTRACT;SEASHELLS;5248;8
825200;SUBMISSION;;VELVETFRUIT_EXTRACT;SEASHELLS;5245;3
825600;;SUBMISSION;HYDROGEL_PACK;SEASHELLS;9985;5
827000;;SUBMISSION;VELVETFRUIT_EXTRACT;SEASHELLS;5256;8
830900;SUBMISSION;;VELVETFRUIT_EXTRACT;SEASHELLS;5255;7
831400;;SUBMISSION;VELVETFRUIT_EXTRACT;SEASHELLS;5257;8
832700;;SUBMISSION;HYDROGEL_PACK;SEASHELLS;9994;2
836300;SUBMISSION;;VELVETFRUIT_EXTRACT;SEASHELLS;5253;7
838200;;SUBMISSION;VELVETFRUIT_EXTRACT;SEASHELLS;5258;6
838800;;SUBMISSION;VELVETFRUIT_EXTRACT;SEASHELLS;5258;5
841500;SUBMISSION;;HYDROGEL_PACK;SEASHELLS;9985;2
841900;;SUBMISSION;VELVETFRUIT_EXTRACT;SEASHELLS;5258;3
843000;;SUBMISSION;HYDROGEL_PACK;SEASHELLS;10014;3
844000;;SUBMISSION;VELVETFRUIT_EXTRACT;SEASHELLS;5253;7
844600;;SUBMISSION;HYDROGEL_PACK;SEASHELLS;10005;4
850400;;SUBMISSION;HYDROGEL_PACK;SEASHELLS;10013;6
851700;SUBMISSION;;VELVETFRUIT_EXTRACT;SEASHELLS;5253;4
852400;SUBMISSION;;HYDROGEL_PACK;SEASHELLS;10000;2
856600;SUBMISSION;;VELVETFRUIT_EXTRACT;SEASHELLS;5257;7
859100;SUBMISSION;;HYDROGEL_PACK;SEASHELLS;10013;6
859700;SUBMISSION;;HYDROGEL_PACK;SEASHELLS;10008;4
860500;;SUBMISSION;HYDROGEL_PACK;SEASHELLS;10015;4
861800;;SUBMISSION;VELVETFRUIT_EXTRACT;SEASHELLS;5255;3
862100;SUBMISSION;;HYDROGEL_PACK;SEASHELLS;10001;5
863700;;SUBMISSION;VELVETFRUIT_EXTRACT;SEASHELLS;5254;5
864800;SUBMISSION;;HYDROGEL_PACK;SEASHELLS;10003;6
866200;SUBMISSION;;VELVETFRUIT_EXTRACT;SEASHELLS;5256;3
866800;SUBMISSION;;VELVETFRUIT_EXTRACT;SEASHELLS;5258;10
867200;;SUBMISSION;HYDROGEL_PACK;SEASHELLS;10018;3
868000;SUBMISSION;;HYDROGEL_PACK;SEASHELLS;10006;3
868200;SUBMISSION;;HYDROGEL_PACK;SEASHELLS;10009;2
869000;SUBMISSION;;VELVETFRUIT_EXTRACT;SEASHELLS;5266;5
870200;;SUBMISSION;VELVETFRUIT_EXTRACT;SEASHELLS;5270;6
871100;;SUBMISSION;VELVETFRUIT_EXTRACT;SEASHELLS;5269;4
873100;;SUBMISSION;HYDROGEL_PACK;SEASHELLS;10011;3
874800;SUBMISSION;;HYDROGEL_PACK;SEASHELLS;9992;4
874800;SUBMISSION;;VELVETFRUIT_EXTRACT;SEASHELLS;5258;9
876100;SUBMISSION;;HYDROGEL_PACK;SEASHELLS;9990;6
878600;;SUBMISSION;VELVETFRUIT_EXTRACT;SEASHELLS;5259;5
880800;;SUBMISSION;VELVETFRUIT_EXTRACT;SEASHELLS;5257;5
882600;SUBMISSION;;VELVETFRUIT_EXTRACT;SEASHELLS;5251;10
882800;SUBMISSION;;VELVETFRUIT_EXTRACT;SEASHELLS;5249;8
883900;SUBMISSION;;HYDROGEL_PACK;SEASHELLS;10016;3
884500;SUBMISSION;;HYDROGEL_PACK;SEASHELLS;10018;2
885300;SUBMISSION;;HYDROGEL_PACK;SEASHELLS;10020;5
886200;;SUBMISSION;HYDROGEL_PACK;SEASHELLS;10038;5
889300;;SUBMISSION;HYDROGEL_PACK;SEASHELLS;10046;3
898300;SUBMISSION;;VELVETFRUIT_EXTRACT;SEASHELLS;5260;8
898800;SUBMISSION;;HYDROGEL_PACK;SEASHELLS;10004;5
908800;SUBMISSION;;VELVETFRUIT_EXTRACT;SEASHELLS;5244;7
910900;SUBMISSION;;HYDROGEL_PACK;SEASHELLS;9974;5
912300;SUBMISSION;;HYDROGEL_PACK;SEASHELLS;9976;2
913400;;SUBMISSION;VELVETFRUIT_EXTRACT;SEASHELLS;5266;5
914400;SUBMISSION;;VELVETFRUIT_EXTRACT;SEASHELLS;5257;7
916300;;SUBMISSION;VELVETFRUIT_EXTRACT;SEASHELLS;5258;6
917000;SUBMISSION;;HYDROGEL_PACK;SEASHELLS;9960;3
917000;;SUBMISSION;VELVETFRUIT_EXTRACT;SEASHELLS;5258;4
918600;SUBMISSION;;HYDROGEL_PACK;SEASHELLS;9963;5
920600;SUBMISSION;;VELVETFRUIT_EXTRACT;SEASHELLS;5255;7
920900;;SUBMISSION;HYDROGEL_PACK;SEASHELLS;9985;6
922400;SUBMISSION;;HYDROGEL_PACK;SEASHELLS;9972;6
923100;;SUBMISSION;HYDROGEL_PACK;SEASHELLS;9993;5
924000;;SUBMISSION;HYDROGEL_PACK;SEASHELLS;9987;6
924900;;SUBMISSION;HYDROGEL_PACK;SEASHELLS;9995;6
925100;;SUBMISSION;VELVETFRUIT_EXTRACT;SEASHELLS;5278;4
925200;;SUBMISSION;VELVETFRUIT_EXTRACT;SEASHELLS;5278;4
928400;;SUBMISSION;HYDROGEL_PACK;SEASHELLS;10006;6
932900;SUBMISSION;;HYDROGEL_PACK;SEASHELLS;9995;3
933200;;SUBMISSION;VELVETFRUIT_EXTRACT;SEASHELLS;5265;4
935100;SUBMISSION;;VELVETFRUIT_EXTRACT;SEASHELLS;5260;4
936200;SUBMISSION;;VELVETFRUIT_EXTRACT;SEASHELLS;5258;7
937400;;SUBMISSION;VELVETFRUIT_EXTRACT;SEASHELLS;5264;3
937600;SUBMISSION;;VELVETFRUIT_EXTRACT;SEASHELLS;5259;3
938300;SUBMISSION;;VELVETFRUIT_EXTRACT;SEASHELLS;5255;4
939100;SUBMISSION;;HYDROGEL_PACK;SEASHELLS;9995;5
939400;;SUBMISSION;VELVETFRUIT_EXTRACT;SEASHELLS;5254;8
940700;;SUBMISSION;HYDROGEL_PACK;SEASHELLS;10006;3
942000;;SUBMISSION;HYDROGEL_PACK;SEASHELLS;10008;2
943300;SUBMISSION;;HYDROGEL_PACK;SEASHELLS;9999;3
944100;SUBMISSION;;HYDROGEL_PACK;SEASHELLS;10000;4
947800;SUBMISSION;;VEV_5200;SEASHELLS;95;4
949500;;SUBMISSION;VELVETFRUIT_EXTRACT;SEASHELLS;5245;6
949600;;SUBMISSION;HYDROGEL_PACK;SEASHELLS;10012;4
950300;SUBMISSION;;HYDROGEL_PACK;SEASHELLS;9999;3
950600;;SUBMISSION;HYDROGEL_PACK;SEASHELLS;10019;4
951800;SUBMISSION;;HYDROGEL_PACK;SEASHELLS;10007;5
952000;;SUBMISSION;VELVETFRUIT_EXTRACT;SEASHELLS;5241;7
954600;;SUBMISSION;VELVETFRUIT_EXTRACT;SEASHELLS;5234;3
955100;SUBMISSION;;VELVETFRUIT_EXTRACT;SEASHELLS;5227;8
957000;SUBMISSION;;HYDROGEL_PACK;SEASHELLS;10016;3
958900;SUBMISSION;;VELVETFRUIT_EXTRACT;SEASHELLS;5229;7
961200;SUBMISSION;;VELVETFRUIT_EXTRACT;SEASHELLS;5231;8
969800;;SUBMISSION;VELVETFRUIT_EXTRACT;SEASHELLS;5231;8
971300;;SUBMISSION;VELVETFRUIT_EXTRACT;SEASHELLS;5228;3
973400;;SUBMISSION;HYDROGEL_PACK;SEASHELLS;10030;4
975800;;SUBMISSION;HYDROGEL_PACK;SEASHELLS;10024;5
976600;SUBMISSION;;VELVETFRUIT_EXTRACT;SEASHELLS;5232;7
976800;;SUBMISSION;HYDROGEL_PACK;SEASHELLS;10021;6
977200;;SUBMISSION;HYDROGEL_PACK;SEASHELLS;10019;5
978300;;SUBMISSION;VELVETFRUIT_EXTRACT;SEASHELLS;5240;5
980400;SUBMISSION;;HYDROGEL_PACK;SEASHELLS;9997;2
985800;SUBMISSION;;VELVETFRUIT_EXTRACT;SEASHELLS;5240;5
986900;;SUBMISSION;VELVETFRUIT_EXTRACT;SEASHELLS;5249;8
989200;;SUBMISSION;VELVETFRUIT_EXTRACT;SEASHELLS;5246;8
990400;SUBMISSION;;HYDROGEL_PACK;SEASHELLS;9989;4
999900;;SUBMISSION;HYDROGEL_PACK;SEASHELLS;9965;5
