timestamp;buyer;seller;symbol;currency;price;quantity
0;SUBMISSION;;HYDROGEL_PACK;XIREC;9966.0;13
0;SUBMISSION;;HYDROGEL_PACK;XIREC;9968.0;23
100;SUBMISSION;;HYDROGEL_PACK;XIREC;9969.0;15
100;SUBMISSION;;HYDROGEL_PACK;XIREC;9971.0;21
200;SUBMISSION;;HYDROGEL_PACK;XIREC;9969.0;14
200;SUBMISSION;;HYDROGEL_PACK;XIREC;9972.0;21
300;SUBMISSION;;HYDROGEL_PACK;XIREC;9968.0;15
300;SUBMISSION;;HYDROGEL_PACK;XIREC;9971.0;26
400;SUBMISSION;;HYDROGEL_PACK;XIREC;9969.0;10
400;SUBMISSION;;HYDROGEL_PACK;XIREC;9972.0;26
900;SUBMISSION;;HYDROGEL_PACK;XIREC;9969.0;12
900;SUBMISSION;;HYDROGEL_PACK;XIREC;9972.0;4
1700;;SUBMISSION;VEV_5500;XIREC;8.0;20
2500;;SUBMISSION;VEV_5500;XIREC;8.0;20
3100;;SUBMISSION;VEV_5500;XIREC;8.0;20
3200;;SUBMISSION;VEV_5500;XIREC;8.0;20
3300;;SUBMISSION;VEV_5500;XIREC;8.0;20
3400;;SUBMISSION;VEV_5500;XIREC;8.0;17
3500;;SUBMISSION;VEV_5500;XIREC;8.0;20
3600;;SUBMISSION;VEV_5500;XIREC;8.0;18
3700;;SUBMISSION;VEV_5500;XIREC;8.0;20
3800;;SUBMISSION;VEV_5500;XIREC;8.0;20
3900;;SUBMISSION;VEV_5500;XIREC;8.0;20
4000;;SUBMISSION;VEV_5500;XIREC;8.0;20
4100;;SUBMISSION;VEV_5500;XIREC;8.0;20
4200;;SUBMISSION;VEV_5500;XIREC;8.0;20
4300;;SUBMISSION;VEV_5500;XIREC;8.0;20
4400;;SUBMISSION;VEV_5500;XIREC;8.0;5
4500;;;VEV_5400;XIREC;18.0;2
4500;;;VEV_5500;XIREC;8.0;2
4500;;;VEV_6000;XIREC;0.0;2
4500;;;VEV_6500;XIREC;0.0;2
5100;;;HYDROGEL_PACK;XIREC;9960.0;4
5300;;;VEV_4000;XIREC;1264.0;2
6100;;;VELVETFRUIT_EXTRACT;XIREC;5255.0;3
6200;;;HYDROGEL_PACK;XIREC;9955.0;5
9400;;;VELVETFRUIT_EXTRACT;XIREC;5244.0;8
9600;;;VEV_5400;XIREC;16.0;4
9600;;;VEV_5500;XIREC;7.0;4
9600;;;VEV_6000;XIREC;0.0;4
9600;;;VEV_6500;XIREC;0.0;4
10400;;;VELVETFRUIT_EXTRACT;XIREC;5240.0;12
11800;;;VEV_5500;XIREC;7.0;4
11800;;;VEV_6000;XIREC;0.0;4
11800;;;VEV_6500;XIREC;0.0;4
12800;SUBMISSION;;VEV_5500;XIREC;7.0;10
12800;SUBMISSION;;VEV_5500;XIREC;8.0;11
13300;SUBMISSION;;VEV_5500;XIREC;7.0;18
13400;SUBMISSION;;VEV_5500;XIREC;7.0;23
13500;SUBMISSION;;VEV_5500;XIREC;7.0;15
13600;SUBMISSION;;VEV_5500;XIREC;7.0;24
13700;SUBMISSION;;VEV_5500;XIREC;7.0;23
13800;SUBMISSION;;VEV_5500;XIREC;7.0;22
13900;SUBMISSION;;VEV_5500;XIREC;7.0;27
14000;SUBMISSION;;VEV_5500;XIREC;7.0;26
14100;SUBMISSION;;VEV_5500;XIREC;7.0;27
14200;SUBMISSION;;VEV_5500;XIREC;7.0;26
14300;SUBMISSION;;VEV_5500;XIREC;7.0;23
14300;;;VELVETFRUIT_EXTRACT;XIREC;5238.0;6
14400;SUBMISSION;;VEV_5500;XIREC;7.0;20
14500;SUBMISSION;;VEV_5500;XIREC;7.0;5
14800;SUBMISSION;;VEV_4000;XIREC;1234.0;4
14800;SUBMISSION;;VEV_4000;XIREC;1245.0;7
14800;;;VELVETFRUIT_EXTRACT;XIREC;5232.0;6
14800;;;VEV_5300;XIREC;42.0;4
14800;;;VEV_5400;XIREC;14.0;4
14800;;;VEV_5500;XIREC;6.0;4
14800;;;VEV_6000;XIREC;0.0;4
14800;;;VEV_6500;XIREC;0.0;4
15000;;;HYDROGEL_PACK;XIREC;9966.0;4
16700;SUBMISSION;;VEV_4000;XIREC;1231.0;2
16700;SUBMISSION;;VEV_4000;XIREC;1242.0;13
16700;SUBMISSION;;VEV_4000;XIREC;1244.0;15
16700;SUBMISSION;;VEV_4500;XIREC;731.0;2
16700;SUBMISSION;;VEV_4500;XIREC;739.0;8
16700;SUBMISSION;;VEV_4500;XIREC;741.0;12
16700;;;VEV_4000;XIREC;1221.0;2
16700;;;VEV_5300;XIREC;41.0;2
16700;;;VEV_5400;XIREC;14.0;2
16700;;;VEV_5500;XIREC;6.0;2
16700;;;VEV_6000;XIREC;0.0;2
16700;;;VEV_6500;XIREC;0.0;2
16900;SUBMISSION;;VELVETFRUIT_EXTRACT;XIREC;5232.0;18
16900;SUBMISSION;;VELVETFRUIT_EXTRACT;XIREC;5233.0;32
16900;SUBMISSION;;VEV_4000;XIREC;1240.0;9
16900;SUBMISSION;;VEV_4000;XIREC;1242.0;30
16900;SUBMISSION;;VEV_4500;XIREC;737.0;9
16900;SUBMISSION;;VEV_4500;XIREC;739.0;22
17000;SUBMISSION;;VELVETFRUIT_EXTRACT;XIREC;5232.0;21
17000;SUBMISSION;;VELVETFRUIT_EXTRACT;XIREC;5233.0;29
17000;SUBMISSION;;VEV_4000;XIREC;1240.0;15
17000;SUBMISSION;;VEV_4000;XIREC;1243.0;26
17100;SUBMISSION;;VELVETFRUIT_EXTRACT;XIREC;5230.0;8
17100;SUBMISSION;;VELVETFRUIT_EXTRACT;XIREC;5234.0;42
17300;;;VEV_4000;XIREC;1221.0;1
17400;SUBMISSION;;VELVETFRUIT_EXTRACT;XIREC;5230.0;8
17400;SUBMISSION;;VELVETFRUIT_EXTRACT;XIREC;5234.0;42
17400;;;VELVETFRUIT_EXTRACT;XIREC;5230.0;8
17900;;;VEV_4000;XIREC;1243.0;1
18400;SUBMISSION;;VEV_4000;XIREC;1240.0;14
18400;SUBMISSION;;VEV_4000;XIREC;1242.0;16
18400;SUBMISSION;;VEV_4500;XIREC;737.0;8
18400;SUBMISSION;;VEV_4500;XIREC;739.0;13
18500;SUBMISSION;;VEV_4000;XIREC;1238.0;8
18500;SUBMISSION;;VEV_4000;XIREC;1241.0;17
18500;SUBMISSION;;VEV_4500;XIREC;736.0;9
18500;SUBMISSION;;VEV_4500;XIREC;738.0;22
18600;SUBMISSION;;VEV_4000;XIREC;1238.0;8
18600;SUBMISSION;;VEV_4000;XIREC;1241.0;27
18600;SUBMISSION;;VEV_4500;XIREC;736.0;9
18600;SUBMISSION;;VEV_4500;XIREC;738.0;20
18700;SUBMISSION;;VEV_4000;XIREC;1238.0;14
18700;SUBMISSION;;VEV_4000;XIREC;1241.0;17
18700;SUBMISSION;;VEV_4500;XIREC;736.0;8
18700;SUBMISSION;;VEV_4500;XIREC;738.0;23
18800;SUBMISSION;;VEV_4000;XIREC;1238.0;12
18800;SUBMISSION;;VEV_4000;XIREC;1241.0;26
18800;SUBMISSION;;VEV_4500;XIREC;736.0;7
18800;SUBMISSION;;VEV_4500;XIREC;737.0;15
18900;SUBMISSION;;VEV_4000;XIREC;1239.0;9
18900;SUBMISSION;;VEV_4000;XIREC;1241.0;11
18900;SUBMISSION;;VEV_4500;XIREC;736.0;11
18900;SUBMISSION;;VEV_4500;XIREC;738.0;23
19000;SUBMISSION;;VEV_4500;XIREC;737.0;9
19000;SUBMISSION;;VEV_4500;XIREC;738.0;17
19100;SUBMISSION;;VEV_4500;XIREC;737.0;12
19100;SUBMISSION;;VEV_4500;XIREC;739.0;20
19200;SUBMISSION;;VEV_4500;XIREC;736.0;6
19200;SUBMISSION;;VEV_4500;XIREC;738.0;12
19300;SUBMISSION;;VEV_4500;XIREC;736.0;3
19300;;;VELVETFRUIT_EXTRACT;XIREC;5226.0;5
19900;SUBMISSION;;VEV_5000;XIREC;237.0;8
19900;SUBMISSION;;VEV_5000;XIREC;238.0;18
20000;SUBMISSION;;VEV_5000;XIREC;238.0;25
20100;SUBMISSION;;VEV_5000;XIREC;237.0;10
20100;SUBMISSION;;VEV_5000;XIREC;238.0;21
20200;SUBMISSION;;VEV_5000;XIREC;237.0;8
20200;SUBMISSION;;VEV_5000;XIREC;238.0;21
20200;;;VELVETFRUIT_EXTRACT;XIREC;5224.0;5
20300;SUBMISSION;;VEV_5000;XIREC;237.0;6
20300;SUBMISSION;;VEV_5000;XIREC;238.0;23
20700;SUBMISSION;;VEV_5000;XIREC;238.0;7
20700;SUBMISSION;;VEV_5000;XIREC;239.0;23
20800;SUBMISSION;;VEV_5000;XIREC;238.0;35
20900;SUBMISSION;;VEV_5000;XIREC;238.0;34
21000;SUBMISSION;;VEV_5000;XIREC;237.0;8
21000;SUBMISSION;;VEV_5000;XIREC;238.0;12
21100;SUBMISSION;;VEV_5000;XIREC;238.0;10
21100;SUBMISSION;;VEV_5000;XIREC;239.0;24
21200;SUBMISSION;;VEV_5000;XIREC;238.0;7
22800;;;HYDROGEL_PACK;XIREC;9946.0;6
25700;;;VEV_4000;XIREC;1241.0;3
28600;;SUBMISSION;VEV_5000;XIREC;245.0;6
28600;;SUBMISSION;VEV_5000;XIREC;244.0;18
28700;;SUBMISSION;VELVETFRUIT_EXTRACT;XIREC;5239.0;50
28700;;SUBMISSION;VEV_4000;XIREC;1232.0;10
28700;;SUBMISSION;VEV_4000;XIREC;1229.0;29
28700;;SUBMISSION;VEV_4500;XIREC;734.0;11
28700;;SUBMISSION;VEV_4500;XIREC;732.0;21
28700;;SUBMISSION;VEV_5000;XIREC;246.0;11
28700;;SUBMISSION;VEV_5000;XIREC;245.0;21
28800;;SUBMISSION;VELVETFRUIT_EXTRACT;XIREC;5240.0;15
28800;;SUBMISSION;VELVETFRUIT_EXTRACT;XIREC;5239.0;30
28800;;SUBMISSION;VEV_4000;XIREC;1232.0;12
28800;;SUBMISSION;VEV_4000;XIREC;1229.0;26
28800;;SUBMISSION;VEV_4500;XIREC;734.0;8
28800;;SUBMISSION;VEV_4500;XIREC;732.0;19
28800;;SUBMISSION;VEV_5000;XIREC;246.0;8
28800;;SUBMISSION;VEV_5000;XIREC;245.0;19
29300;;;VELVETFRUIT_EXTRACT;XIREC;5237.0;4
29700;;SUBMISSION;VEV_4500;XIREC;734.0;9
29700;;SUBMISSION;VEV_4500;XIREC;732.0;20
29700;;SUBMISSION;VEV_5000;XIREC;246.0;9
29700;;SUBMISSION;VEV_5000;XIREC;245.0;20
29800;;SUBMISSION;VEV_5000;XIREC;245.0;12
29800;;SUBMISSION;VEV_5000;XIREC;244.0;15
30800;;;HYDROGEL_PACK;XIREC;9940.0;2
31400;;;HYDROGEL_PACK;XIREC;9953.0;3
31700;;;VELVETFRUIT_EXTRACT;XIREC;5237.0;4
32000;;;HYDROGEL_PACK;XIREC;9938.0;5
32600;;;VELVETFRUIT_EXTRACT;XIREC;5240.0;5
32800;;;VELVETFRUIT_EXTRACT;XIREC;5238.0;7
33600;;;HYDROGEL_PACK;XIREC;9948.0;6
36200;;;VEV_4000;XIREC;1244.0;3
36500;;;VELVETFRUIT_EXTRACT;XIREC;5232.0;7
37400;;;HYDROGEL_PACK;XIREC;9936.0;4
38500;SUBMISSION;;VEV_4000;XIREC;1231.0;5
38500;SUBMISSION;;VEV_4000;XIREC;1242.0;8
38500;SUBMISSION;;VEV_4000;XIREC;1245.0;27
38500;SUBMISSION;;VEV_4500;XIREC;731.0;5
38500;SUBMISSION;;VEV_4500;XIREC;740.0;7
38500;SUBMISSION;;VEV_4500;XIREC;742.0;18
38500;;;VEV_5500;XIREC;6.0;5
38500;;;VEV_6000;XIREC;0.0;5
38500;;;VEV_6500;XIREC;0.0;5
38700;;;VELVETFRUIT_EXTRACT;XIREC;5228.0;8
39400;;;VELVETFRUIT_EXTRACT;XIREC;5234.0;5
39400;;;VELVETFRUIT_EXTRACT;XIREC;5233.0;9
39800;;;VELVETFRUIT_EXTRACT;XIREC;5232.0;4
40400;SUBMISSION;;VEV_4000;XIREC;1233.0;4
40400;SUBMISSION;;VEV_4000;XIREC;1244.0;11
40400;SUBMISSION;;VEV_4000;XIREC;1246.0;22
40400;SUBMISSION;;VEV_4500;XIREC;733.0;4
40400;SUBMISSION;;VEV_4500;XIREC;741.0;9
40400;SUBMISSION;;VEV_4500;XIREC;743.0;17
40400;;;VEV_5300;XIREC;41.0;4
40400;;;VEV_5400;XIREC;14.0;4
40400;;;VEV_5500;XIREC;6.0;4
40400;;;VEV_6000;XIREC;0.0;4
40400;;;VEV_6500;XIREC;0.0;4
40900;;;HYDROGEL_PACK;XIREC;9951.0;5
41200;SUBMISSION;;VELVETFRUIT_EXTRACT;XIREC;5231.0;21
41200;SUBMISSION;;VELVETFRUIT_EXTRACT;XIREC;5232.0;29
41200;SUBMISSION;;VEV_4500;XIREC;736.0;6
41200;SUBMISSION;;VEV_4500;XIREC;738.0;16
41300;SUBMISSION;;VELVETFRUIT_EXTRACT;XIREC;5230.0;17
41300;SUBMISSION;;VELVETFRUIT_EXTRACT;XIREC;5231.0;28
41300;SUBMISSION;;VEV_4500;XIREC;735.0;6
41300;SUBMISSION;;VEV_5000;XIREC;238.0;10
41300;SUBMISSION;;VEV_5000;XIREC;239.0;18
41300;;;HYDROGEL_PACK;XIREC;9953.0;5
41400;SUBMISSION;;VEV_5000;XIREC;238.0;7
41400;SUBMISSION;;VEV_5000;XIREC;239.0;13
41600;SUBMISSION;;VEV_5000;XIREC;238.0;7
41600;SUBMISSION;;VEV_5000;XIREC;239.0;23
43400;;;VEV_5400;XIREC;13.0;5
43400;;;VEV_5500;XIREC;6.0;5
43400;;;VEV_6000;XIREC;0.0;5
43400;;;VEV_6500;XIREC;0.0;5
43600;;;VELVETFRUIT_EXTRACT;XIREC;5229.0;4
43900;;;HYDROGEL_PACK;XIREC;9952.0;6
44800;;SUBMISSION;VELVETFRUIT_EXTRACT;XIREC;5242.0;8
44800;;SUBMISSION;VELVETFRUIT_EXTRACT;XIREC;5240.0;19
44800;;SUBMISSION;VELVETFRUIT_EXTRACT;XIREC;5239.0;23
44800;;SUBMISSION;VEV_4000;XIREC;1232.0;8
44800;;SUBMISSION;VEV_4000;XIREC;1229.0;24
44800;;SUBMISSION;VEV_4500;XIREC;734.0;7
44800;;SUBMISSION;VEV_4500;XIREC;732.0;23
44800;;SUBMISSION;VEV_5000;XIREC;246.0;7
44800;;SUBMISSION;VEV_5000;XIREC;245.0;23
44900;;SUBMISSION;VELVETFRUIT_EXTRACT;XIREC;5242.0;48
44900;;SUBMISSION;VEV_4000;XIREC;1234.0;14
44900;;SUBMISSION;VEV_4000;XIREC;1232.0;24
44900;;SUBMISSION;VEV_4500;XIREC;737.0;11
44900;;SUBMISSION;VEV_4500;XIREC;735.0;21
44900;;SUBMISSION;VEV_5000;XIREC;248.0;32
45000;;SUBMISSION;VELVETFRUIT_EXTRACT;XIREC;5242.0;19
45000;;SUBMISSION;VELVETFRUIT_EXTRACT;XIREC;5241.0;31
45000;;SUBMISSION;VEV_4000;XIREC;1234.0;14
45000;;SUBMISSION;VEV_4000;XIREC;1232.0;16
45000;;SUBMISSION;VEV_4500;XIREC;737.0;12
45000;;SUBMISSION;VEV_4500;XIREC;735.0;24
45000;;SUBMISSION;VEV_5000;XIREC;248.0;12
45000;;SUBMISSION;VEV_5000;XIREC;247.0;24
45100;;SUBMISSION;VELVETFRUIT_EXTRACT;XIREC;5242.0;22
45100;;SUBMISSION;VELVETFRUIT_EXTRACT;XIREC;5241.0;28
45100;;SUBMISSION;VEV_4000;XIREC;1234.0;15
45100;;SUBMISSION;VEV_4000;XIREC;1231.0;16
45100;;SUBMISSION;VEV_4500;XIREC;736.0;9
45100;;SUBMISSION;VEV_4500;XIREC;734.0;14
45100;;SUBMISSION;VEV_5000;XIREC;248.0;9
45100;;SUBMISSION;VEV_5000;XIREC;247.0;14
45200;;SUBMISSION;VEV_4500;XIREC;734.0;8
45200;;SUBMISSION;VEV_4500;XIREC;732.0;12
45200;;SUBMISSION;VEV_5000;XIREC;245.0;20
45200;;;HYDROGEL_PACK;XIREC;9961.0;2
45300;;SUBMISSION;VEV_5000;XIREC;245.0;12
45300;;SUBMISSION;VEV_5000;XIREC;244.0;12
45400;;SUBMISSION;VEV_4500;XIREC;734.0;9
45400;;SUBMISSION;VEV_4500;XIREC;732.0;14
45400;;SUBMISSION;VEV_5000;XIREC;246.0;9
45400;;SUBMISSION;VEV_5000;XIREC;245.0;14
45400;;;VELVETFRUIT_EXTRACT;XIREC;5241.0;8
45500;;SUBMISSION;VELVETFRUIT_EXTRACT;XIREC;5241.0;2
45500;;SUBMISSION;VEV_4000;XIREC;1233.0;7
45500;;SUBMISSION;VEV_4000;XIREC;1230.0;29
45500;;SUBMISSION;VEV_4500;XIREC;735.0;7
45500;;SUBMISSION;VEV_4500;XIREC;733.0;16
45500;;SUBMISSION;VEV_5000;XIREC;247.0;7
45500;;SUBMISSION;VEV_5000;XIREC;246.0;16
45600;;SUBMISSION;VEV_4000;XIREC;1233.0;14
45600;;SUBMISSION;VEV_4000;XIREC;1231.0;28
45600;;SUBMISSION;VEV_4500;XIREC;736.0;12
45600;;SUBMISSION;VEV_4500;XIREC;734.0;23
45600;;SUBMISSION;VEV_5000;XIREC;247.0;28
45700;;SUBMISSION;VEV_4000;XIREC;1234.0;8
45700;;SUBMISSION;VEV_4000;XIREC;1231.0;29
45700;;SUBMISSION;VEV_4500;XIREC;736.0;12
45700;;SUBMISSION;VEV_4500;XIREC;735.0;13
45800;;SUBMISSION;VEV_4000;XIREC;1235.0;10
45800;;SUBMISSION;VEV_4000;XIREC;1233.0;15
45800;;SUBMISSION;VEV_4500;XIREC;738.0;9
45800;;SUBMISSION;VEV_4500;XIREC;736.0;23
45900;;SUBMISSION;VEV_4000;XIREC;1237.0;15
45900;;SUBMISSION;VEV_4000;XIREC;1235.0;14
45900;;SUBMISSION;VEV_4500;XIREC;740.0;9
45900;;SUBMISSION;VEV_4500;XIREC;738.0;12
47700;;;VELVETFRUIT_EXTRACT;XIREC;5243.0;4
48300;;;HYDROGEL_PACK;XIREC;9960.0;3
48900;;;VELVETFRUIT_EXTRACT;XIREC;5241.0;6
49600;;SUBMISSION;HYDROGEL_PACK;XIREC;9977.0;15
49600;;SUBMISSION;HYDROGEL_PACK;XIREC;9974.0;28
49700;;SUBMISSION;HYDROGEL_PACK;XIREC;9977.0;13
49700;;SUBMISSION;HYDROGEL_PACK;XIREC;9975.0;21
49800;;;VELVETFRUIT_EXTRACT;XIREC;5244.0;3
50200;;;VEV_4000;XIREC;1236.0;2
50300;;;VEV_4000;XIREC;1257.0;3
50700;;;VEV_5400;XIREC;16.0;5
50700;;;VEV_5500;XIREC;7.0;5
50700;;;VEV_6000;XIREC;0.0;5
50700;;;VEV_6500;XIREC;0.0;5
51700;;;VELVETFRUIT_EXTRACT;XIREC;5243.0;4
52400;;;HYDROGEL_PACK;XIREC;9961.0;5
52800;;;VEV_5400;XIREC;16.0;3
52800;;;VEV_5500;XIREC;7.0;3
52800;;;VEV_6000;XIREC;0.0;3
52800;;;VEV_6500;XIREC;0.0;3
53000;;;HYDROGEL_PACK;XIREC;9961.0;4
53400;;;VEV_5500;XIREC;7.0;2
53400;;;VEV_6000;XIREC;0.0;2
53400;;;VEV_6500;XIREC;0.0;2
53800;;;VEV_4000;XIREC;1255.0;2
54000;SUBMISSION;;HYDROGEL_PACK;XIREC;9968.0;15
54000;SUBMISSION;;HYDROGEL_PACK;XIREC;9971.0;21
54100;SUBMISSION;;HYDROGEL_PACK;XIREC;9967.0;13
54100;SUBMISSION;;HYDROGEL_PACK;XIREC;9969.0;21
54200;SUBMISSION;;HYDROGEL_PACK;XIREC;9964.0;7
54400;;;VEV_4000;XIREC;1234.0;3
57600;;;VEV_4000;XIREC;1257.0;3
59300;;;HYDROGEL_PACK;XIREC;9949.0;4
59600;;;VELVETFRUIT_EXTRACT;XIREC;5244.0;4
60300;;;VELVETFRUIT_EXTRACT;XIREC;5245.0;5
61100;;;HYDROGEL_PACK;XIREC;9961.0;2
61400;;;HYDROGEL_PACK;XIREC;9962.0;2
62100;;;VELVETFRUIT_EXTRACT;XIREC;5243.0;6
62600;;;VEV_4000;XIREC;1254.0;1
63100;;;VEV_4000;XIREC;1252.0;3
63200;;;HYDROGEL_PACK;XIREC;9950.0;5
63200;;;VELVETFRUIT_EXTRACT;XIREC;5240.0;8
64200;;;VELVETFRUIT_EXTRACT;XIREC;5245.0;6
64300;;;HYDROGEL_PACK;XIREC;9933.0;4
65400;;;HYDROGEL_PACK;XIREC;9930.0;4
65700;;;VELVETFRUIT_EXTRACT;XIREC;5240.0;8
65900;;;HYDROGEL_PACK;XIREC;9935.0;2
67700;;;VELVETFRUIT_EXTRACT;XIREC;5250.0;4
68000;;;VEV_4000;XIREC;1258.0;2
69500;;;HYDROGEL_PACK;XIREC;9952.0;2
70500;;;VEV_4000;XIREC;1232.0;1
73400;;;VELVETFRUIT_EXTRACT;XIREC;5237.0;8
73400;;;VELVETFRUIT_EXTRACT;XIREC;5236.0;6
73500;;;HYDROGEL_PACK;XIREC;9966.0;3
74100;;;VEV_5300;XIREC;42.0;3
74100;;;VEV_5400;XIREC;14.0;3
74100;;;VEV_5500;XIREC;6.0;3
74100;;;VEV_6000;XIREC;0.0;3
74100;;;VEV_6500;XIREC;0.0;3
74300;;;VELVETFRUIT_EXTRACT;XIREC;5238.0;6
74400;;;VELVETFRUIT_EXTRACT;XIREC;5235.0;4
76100;;SUBMISSION;HYDROGEL_PACK;XIREC;9977.0;12
76100;;SUBMISSION;HYDROGEL_PACK;XIREC;9975.0;28
76300;;SUBMISSION;HYDROGEL_PACK;XIREC;9978.0;14
76300;;SUBMISSION;HYDROGEL_PACK;XIREC;9975.0;21
76400;;SUBMISSION;HYDROGEL_PACK;XIREC;9977.0;10
76400;;SUBMISSION;HYDROGEL_PACK;XIREC;9975.0;28
76500;;SUBMISSION;HYDROGEL_PACK;XIREC;9979.0;13
76500;;SUBMISSION;HYDROGEL_PACK;XIREC;9976.0;28
76600;;SUBMISSION;HYDROGEL_PACK;XIREC;9979.0;15
76600;;SUBMISSION;HYDROGEL_PACK;XIREC;9977.0;29
76600;;;HYDROGEL_PACK;XIREC;9995.0;3
76700;;SUBMISSION;HYDROGEL_PACK;XIREC;9982.0;2
77300;;;VELVETFRUIT_EXTRACT;XIREC;5241.0;8
78300;;;VEV_4000;XIREC;1229.0;3
78400;;;VELVETFRUIT_EXTRACT;XIREC;5238.0;7
78500;;;HYDROGEL_PACK;XIREC;10000.0;4
79000;;;HYDROGEL_PACK;XIREC;9982.0;3
79800;;;HYDROGEL_PACK;XIREC;9994.0;6
81300;;;HYDROGEL_PACK;XIREC;9970.0;6
81700;;;HYDROGEL_PACK;XIREC;9980.0;3
81900;;;HYDROGEL_PACK;XIREC;9978.0;2
82300;;;HYDROGEL_PACK;XIREC;9977.0;3
82300;;;VELVETFRUIT_EXTRACT;XIREC;5235.0;3
83200;;;VELVETFRUIT_EXTRACT;XIREC;5237.0;7
84300;;;VEV_4000;XIREC;1243.0;1
84600;;;VELVETFRUIT_EXTRACT;XIREC;5233.0;8
85300;SUBMISSION;;VEV_4000;XIREC;1234.0;2
85300;SUBMISSION;;VEV_4000;XIREC;1245.0;12
85300;;;VEV_5300;XIREC;42.0;2
85300;;;VEV_5400;XIREC;14.0;2
85300;;;VEV_5500;XIREC;6.0;2
85300;;;VEV_6000;XIREC;0.0;2
85300;;;VEV_6500;XIREC;0.0;2
86100;;;VEV_5400;XIREC;14.0;5
86100;;;VEV_5500;XIREC;6.0;5
86100;;;VEV_6000;XIREC;0.0;5
86100;;;VEV_6500;XIREC;0.0;5
87100;SUBMISSION;;HYDROGEL_PACK;XIREC;9969.0;11
87100;SUBMISSION;;HYDROGEL_PACK;XIREC;9971.0;27
87900;;;VELVETFRUIT_EXTRACT;XIREC;5239.0;3
88400;;SUBMISSION;VEV_4000;XIREC;1232.0;7
88400;;SUBMISSION;VEV_4000;XIREC;1229.0;7
88500;SUBMISSION;;HYDROGEL_PACK;XIREC;9968.0;10
88500;SUBMISSION;;HYDROGEL_PACK;XIREC;9971.0;22
88500;;;VELVETFRUIT_EXTRACT;XIREC;5242.0;6
89300;;;VEV_4000;XIREC;1232.0;3
89800;;;VEV_5300;XIREC;45.0;4
89800;;;VEV_5400;XIREC;15.0;4
89800;;;VEV_6000;XIREC;0.0;4
89800;;;VEV_6500;XIREC;0.0;4
90100;SUBMISSION;;HYDROGEL_PACK;XIREC;9969.0;13
90100;SUBMISSION;;HYDROGEL_PACK;XIREC;9971.0;21
90400;SUBMISSION;;HYDROGEL_PACK;XIREC;9967.0;13
90400;SUBMISSION;;HYDROGEL_PACK;XIREC;9970.0;26
90500;SUBMISSION;;HYDROGEL_PACK;XIREC;9966.0;12
90500;SUBMISSION;;HYDROGEL_PACK;XIREC;9968.0;27
90600;SUBMISSION;;HYDROGEL_PACK;XIREC;9964.0;13
90600;SUBMISSION;;HYDROGEL_PACK;XIREC;9967.0;5
91100;;;VELVETFRUIT_EXTRACT;XIREC;5244.0;6
92000;;;VELVETFRUIT_EXTRACT;XIREC;5243.0;8
92100;;;HYDROGEL_PACK;XIREC;9955.0;4
92500;;;HYDROGEL_PACK;XIREC;9956.0;2
93700;;;VELVETFRUIT_EXTRACT;XIREC;5246.0;6
93800;;;VELVETFRUIT_EXTRACT;XIREC;5246.0;7
94400;;;HYDROGEL_PACK;XIREC;9974.0;4
97100;;;HYDROGEL_PACK;XIREC;9950.0;2
98600;;;HYDROGEL_PACK;XIREC;9962.0;2
99000;;;HYDROGEL_PACK;XIREC;9961.0;3
100500;;;VELVETFRUIT_EXTRACT;XIREC;5248.0;4
101400;;;HYDROGEL_PACK;XIREC;9936.0;5
101500;;;HYDROGEL_PACK;XIREC;9935.0;6
102500;;;VEV_4000;XIREC;1235.0;1
102800;;;VEV_4000;XIREC;1236.0;1
103100;;;HYDROGEL_PACK;XIREC;9952.0;4
103500;;;HYDROGEL_PACK;XIREC;9940.0;3
104400;;;VELVETFRUIT_EXTRACT;XIREC;5252.0;6
105400;;SUBMISSION;VEV_5500;XIREC;8.0;5
105400;;SUBMISSION;VEV_5500;XIREC;7.0;12
105500;;SUBMISSION;VEV_5500;XIREC;8.0;19
105600;;SUBMISSION;VEV_5500;XIREC;8.0;20
105700;;SUBMISSION;VEV_5500;XIREC;8.0;19
105800;;SUBMISSION;VEV_5400;XIREC;18.0;20
105800;;SUBMISSION;VEV_5500;XIREC;8.0;20
105900;;SUBMISSION;VEV_5500;XIREC;8.0;20
106000;;SUBMISSION;VEV_5400;XIREC;18.0;20
106000;;SUBMISSION;VEV_5500;XIREC;8.0;20
106100;;SUBMISSION;VEV_5500;XIREC;8.0;19
106200;;SUBMISSION;VEV_5400;XIREC;18.0;20
106200;;SUBMISSION;VEV_5500;XIREC;8.0;20
106300;;SUBMISSION;VEV_5300;XIREC;51.0;20
106300;;SUBMISSION;VEV_5400;XIREC;19.0;7
106300;;SUBMISSION;VEV_5400;XIREC;18.0;13
106300;;SUBMISSION;VEV_5500;XIREC;8.0;20
106400;;SUBMISSION;VEV_5400;XIREC;18.0;20
106400;;SUBMISSION;VEV_5500;XIREC;8.0;20
106500;;SUBMISSION;VEV_5300;XIREC;51.0;20
106500;;SUBMISSION;VEV_5400;XIREC;18.0;20
106500;;SUBMISSION;VEV_5500;XIREC;8.0;20
106600;;SUBMISSION;VEV_5400;XIREC;18.0;20
106600;;SUBMISSION;VEV_5500;XIREC;8.0;20
106700;;SUBMISSION;VEV_5400;XIREC;18.0;20
106700;;SUBMISSION;VEV_5500;XIREC;8.0;20
106800;;SUBMISSION;VEV_5300;XIREC;51.0;7
106800;;SUBMISSION;VEV_5300;XIREC;50.0;13
106800;;SUBMISSION;VEV_5400;XIREC;18.0;20
106800;;SUBMISSION;VEV_5500;XIREC;8.0;20
106900;;SUBMISSION;VEV_5400;XIREC;18.0;20
106900;;SUBMISSION;VEV_5500;XIREC;8.0;6
107000;;SUBMISSION;VEV_5400;XIREC;18.0;20
107100;;SUBMISSION;VEV_5300;XIREC;51.0;20
107100;;SUBMISSION;VEV_5400;XIREC;19.0;6
107100;;SUBMISSION;VEV_5400;XIREC;18.0;14
107100;;;HYDROGEL_PACK;XIREC;9952.0;5
107200;;SUBMISSION;VEV_5100;XIREC;176.0;35
107200;;SUBMISSION;VEV_5200;XIREC;104.0;30
107200;;SUBMISSION;VEV_5300;XIREC;52.0;20
107200;;SUBMISSION;VEV_5400;XIREC;19.0;20
107300;;SUBMISSION;VEV_5100;XIREC;176.0;23
107300;;SUBMISSION;VEV_5200;XIREC;104.0;23
107300;;SUBMISSION;VEV_5300;XIREC;52.0;20
107300;;SUBMISSION;VEV_5400;XIREC;19.0;20
107400;;SUBMISSION;VEV_5100;XIREC;176.0;19
107400;;SUBMISSION;VEV_5200;XIREC;104.0;19
107400;;SUBMISSION;VEV_5300;XIREC;52.0;20
107400;;SUBMISSION;VEV_5400;XIREC;19.0;20
107500;;SUBMISSION;VEV_5200;XIREC;104.0;26
107500;;SUBMISSION;VEV_5300;XIREC;52.0;8
107500;;SUBMISSION;VEV_5300;XIREC;51.0;12
107600;;SUBMISSION;VEV_5200;XIREC;103.0;23
107600;;SUBMISSION;VEV_5300;XIREC;51.0;20
107700;;SUBMISSION;VEV_5100;XIREC;176.0;25
107700;;SUBMISSION;VEV_5200;XIREC;104.0;25
107700;;SUBMISSION;VEV_5300;XIREC;52.0;19
107800;;SUBMISSION;VEV_5100;XIREC;177.0;11
107800;;SUBMISSION;VEV_5100;XIREC;176.0;22
107800;;SUBMISSION;VEV_5200;XIREC;104.0;30
107800;;SUBMISSION;VEV_5300;XIREC;52.0;17
107900;;SUBMISSION;VEV_5000;XIREC;266.0;9
107900;;SUBMISSION;VEV_5000;XIREC;265.0;18
107900;;SUBMISSION;VEV_5100;XIREC;177.0;27
107900;;SUBMISSION;VEV_5200;XIREC;105.0;27
107900;;SUBMISSION;VEV_5300;XIREC;52.0;20
107900;;;VELVETFRUIT_EXTRACT;XIREC;5267.0;3
108000;;SUBMISSION;VEV_5100;XIREC;176.0;23
108000;;SUBMISSION;VEV_5200;XIREC;104.0;23
108000;;SUBMISSION;VEV_5300;XIREC;52.0;20
108100;;SUBMISSION;VEV_5200;XIREC;104.0;10
108100;;SUBMISSION;VEV_5200;XIREC;103.0;20
108100;;SUBMISSION;VEV_5300;XIREC;52.0;5
108100;;SUBMISSION;VEV_5300;XIREC;51.0;15
108200;;SUBMISSION;VEV_5100;XIREC;177.0;6
108200;;SUBMISSION;VEV_5100;XIREC;176.0;15
108200;;SUBMISSION;VEV_5200;XIREC;105.0;6
108200;;SUBMISSION;VEV_5200;XIREC;104.0;15
108200;;SUBMISSION;VEV_5300;XIREC;52.0;20
108300;;SUBMISSION;VEV_5200;XIREC;104.0;10
108300;;SUBMISSION;VEV_5200;XIREC;103.0;13
108300;;SUBMISSION;VEV_5300;XIREC;52.0;4
108400;;SUBMISSION;VEV_4000;XIREC;1263.0;3
108400;;SUBMISSION;VEV_4000;XIREC;1253.0;15
108400;;SUBMISSION;VEV_4000;XIREC;1251.0;15
108400;;SUBMISSION;VEV_4500;XIREC;763.0;3
108400;;SUBMISSION;VEV_4500;XIREC;756.0;8
108400;;SUBMISSION;VEV_4500;XIREC;754.0;21
108400;;SUBMISSION;VEV_5000;XIREC;268.0;3
108400;;SUBMISSION;VEV_5000;XIREC;266.0;8
108400;;SUBMISSION;VEV_5000;XIREC;265.0;21
108400;;SUBMISSION;VEV_5100;XIREC;179.0;3
108400;;SUBMISSION;VEV_5100;XIREC;177.0;29
108500;;SUBMISSION;VELVETFRUIT_EXTRACT;XIREC;5262.0;50
108500;;SUBMISSION;VEV_4000;XIREC;1254.0;8
108500;;SUBMISSION;VEV_4000;XIREC;1252.0;25
108500;;SUBMISSION;VEV_4500;XIREC;757.0;12
108500;;SUBMISSION;VEV_4500;XIREC;755.0;21
108500;;SUBMISSION;VEV_5000;XIREC;266.0;33
108500;;SUBMISSION;VEV_5100;XIREC;178.0;12
108500;;SUBMISSION;VEV_5100;XIREC;177.0;21
108600;;SUBMISSION;VELVETFRUIT_EXTRACT;XIREC;5262.0;22
108600;;SUBMISSION;VELVETFRUIT_EXTRACT;XIREC;5261.0;28
108600;;SUBMISSION;VEV_4000;XIREC;1254.0;10
108600;;SUBMISSION;VEV_4000;XIREC;1251.0;28
108600;;SUBMISSION;VEV_4500;XIREC;756.0;8
108600;;SUBMISSION;VEV_4500;XIREC;754.0;18
108600;;SUBMISSION;VEV_5000;XIREC;266.0;8
108600;;SUBMISSION;VEV_5000;XIREC;265.0;18
108600;;SUBMISSION;VEV_5100;XIREC;178.0;8
108600;;SUBMISSION;VEV_5100;XIREC;177.0;18
108700;;SUBMISSION;VELVETFRUIT_EXTRACT;XIREC;5262.0;17
108700;;SUBMISSION;VELVETFRUIT_EXTRACT;XIREC;5261.0;33
108700;;SUBMISSION;VEV_4000;XIREC;1254.0;7
108700;;SUBMISSION;VEV_4000;XIREC;1251.0;19
108700;;SUBMISSION;VEV_4500;XIREC;756.0;7
108700;;SUBMISSION;VEV_4500;XIREC;754.0;21
108700;;SUBMISSION;VEV_5000;XIREC;266.0;7
108700;;SUBMISSION;VEV_5000;XIREC;265.0;21
108700;;SUBMISSION;VEV_5100;XIREC;178.0;3
108800;;SUBMISSION;VELVETFRUIT_EXTRACT;XIREC;5264.0;25
108800;;SUBMISSION;VELVETFRUIT_EXTRACT;XIREC;5263.0;25
108800;;SUBMISSION;VEV_4000;XIREC;1256.0;11
108800;;SUBMISSION;VEV_4000;XIREC;1253.0;16
108800;;SUBMISSION;VEV_4500;XIREC;758.0;12
108800;;SUBMISSION;VEV_4500;XIREC;756.0;16
108800;;SUBMISSION;VEV_5000;XIREC;268.0;12
108800;;SUBMISSION;VEV_5000;XIREC;267.0;16
108900;;SUBMISSION;VEV_4000;XIREC;1256.0;7
108900;;SUBMISSION;VEV_4000;XIREC;1253.0;20
108900;;SUBMISSION;VEV_4500;XIREC;758.0;8
108900;;SUBMISSION;VEV_4500;XIREC;756.0;12
108900;;SUBMISSION;VEV_5000;XIREC;268.0;8
108900;;SUBMISSION;VEV_5000;XIREC;267.0;12
109000;;SUBMISSION;VEV_4000;XIREC;1256.0;15
109000;;SUBMISSION;VEV_4000;XIREC;1253.0;29
109000;;SUBMISSION;VEV_4500;XIREC;758.0;11
109000;;SUBMISSION;VEV_4500;XIREC;756.0;16
109000;;SUBMISSION;VEV_5000;XIREC;268.0;11
109000;;SUBMISSION;VEV_5000;XIREC;267.0;16
109000;;;VELVETFRUIT_EXTRACT;XIREC;5265.0;12
109100;;SUBMISSION;VEV_4000;XIREC;1256.0;11
109100;;SUBMISSION;VEV_4000;XIREC;1254.0;22
109100;;SUBMISSION;VEV_4500;XIREC;759.0;7
109100;;SUBMISSION;VEV_4500;XIREC;757.0;15
109100;;SUBMISSION;VEV_5000;XIREC;268.0;22
109100;;;HYDROGEL_PACK;XIREC;9957.0;2
109200;;SUBMISSION;VEV_4000;XIREC;1255.0;7
109200;;SUBMISSION;VEV_4000;XIREC;1252.0;21
109200;;SUBMISSION;VEV_4500;XIREC;757.0;12
109200;;SUBMISSION;VEV_4500;XIREC;755.0;20
109200;;SUBMISSION;VEV_5000;XIREC;267.0;12
109200;;SUBMISSION;VEV_5000;XIREC;266.0;20
109300;;SUBMISSION;VEV_4000;XIREC;1256.0;11
109300;;SUBMISSION;VEV_4500;XIREC;759.0;11
109300;;SUBMISSION;VEV_4500;XIREC;757.0;12
109300;;SUBMISSION;VEV_5000;XIREC;268.0;23
109400;;SUBMISSION;VEV_4500;XIREC;761.0;6
109400;;SUBMISSION;VEV_4500;XIREC;759.0;15
109400;;SUBMISSION;VEV_5000;XIREC;270.0;2
109500;;SUBMISSION;VEV_4500;XIREC;760.0;8
110100;;;VELVETFRUIT_EXTRACT;XIREC;5265.0;4
112000;;;VELVETFRUIT_EXTRACT;XIREC;5260.0;3
112700;;;HYDROGEL_PACK;XIREC;9948.0;2
113900;;;HYDROGEL_PACK;XIREC;9956.0;2
115500;;;HYDROGEL_PACK;XIREC;9937.0;3
118800;;;VELVETFRUIT_EXTRACT;XIREC;5257.0;3
119400;;;HYDROGEL_PACK;XIREC;9962.0;3
120300;SUBMISSION;;VEV_4000;XIREC;1257.0;4
120300;SUBMISSION;;VEV_4000;XIREC;1268.0;14
120300;SUBMISSION;;VEV_4000;XIREC;1271.0;17
120300;;;VEV_5400;XIREC;18.0;4
120300;;;VEV_5500;XIREC;8.0;4
120300;;;VEV_6000;XIREC;0.0;4
120300;;;VEV_6500;XIREC;0.0;4
120700;;;HYDROGEL_PACK;XIREC;9958.0;2
121500;;SUBMISSION;VEV_4000;XIREC;1254.0;13
121500;;SUBMISSION;VEV_4000;XIREC;1251.0;19
121600;;SUBMISSION;VEV_4000;XIREC;1254.0;3
123300;;;VELVETFRUIT_EXTRACT;XIREC;5262.0;7
125600;;;VELVETFRUIT_EXTRACT;XIREC;5265.0;3
126000;;;HYDROGEL_PACK;XIREC;9953.0;4
127200;;;VEV_5500;XIREC;8.0;3
127200;;;VEV_6000;XIREC;0.0;3
127200;;;VEV_6500;XIREC;0.0;3
129100;;;VEV_4000;XIREC;1275.0;3
129500;;;HYDROGEL_PACK;XIREC;9967.0;6
129800;;;HYDROGEL_PACK;XIREC;9951.0;4
130800;;;HYDROGEL_PACK;XIREC;9946.0;5
131300;;;VELVETFRUIT_EXTRACT;XIREC;5265.0;5
131800;;;VELVETFRUIT_EXTRACT;XIREC;5261.0;5
132600;;;VELVETFRUIT_EXTRACT;XIREC;5263.0;10
133100;;;VEV_4000;XIREC;1253.0;3
133700;;;HYDROGEL_PACK;XIREC;9948.0;4
134000;;;VELVETFRUIT_EXTRACT;XIREC;5264.0;8
134500;;;HYDROGEL_PACK;XIREC;9944.0;6
135200;;;VELVETFRUIT_EXTRACT;XIREC;5264.0;8
135500;;;VELVETFRUIT_EXTRACT;XIREC;5257.0;7
135900;;;VEV_5300;XIREC;52.0;3
135900;;;VEV_5400;XIREC;19.0;3
135900;;;VEV_5500;XIREC;8.0;3
135900;;;VEV_6000;XIREC;0.0;3
135900;;;VEV_6500;XIREC;0.0;3
137000;;;VEV_4000;XIREC;1252.0;3
137300;;;VEV_4000;XIREC;1251.0;3
137600;;;VEV_4000;XIREC;1269.0;3
137800;;;HYDROGEL_PACK;XIREC;9942.0;3
138000;;;VELVETFRUIT_EXTRACT;XIREC;5254.0;7
138100;;;HYDROGEL_PACK;XIREC;9959.0;2
139700;;;VELVETFRUIT_EXTRACT;XIREC;5257.0;8
140000;;;VELVETFRUIT_EXTRACT;XIREC;5261.0;5
140100;;;VELVETFRUIT_EXTRACT;XIREC;5260.0;4
141000;;;VELVETFRUIT_EXTRACT;XIREC;5260.0;4
142000;;;VELVETFRUIT_EXTRACT;XIREC;5262.0;6
144500;;;VELVETFRUIT_EXTRACT;XIREC;5258.0;5
145500;;;VEV_5400;XIREC;19.0;2
145500;;;VEV_5500;XIREC;8.0;2
145500;;;VEV_6000;XIREC;0.0;2
145500;;;VEV_6500;XIREC;0.0;2
145600;;;HYDROGEL_PACK;XIREC;9962.0;5
146500;;;HYDROGEL_PACK;XIREC;9963.0;6
146700;;;VELVETFRUIT_EXTRACT;XIREC;5260.0;7
147900;;;VEV_4000;XIREC;1256.0;1
148000;;;HYDROGEL_PACK;XIREC;9972.0;3
148300;;;VELVETFRUIT_EXTRACT;XIREC;5265.0;4
150600;;;VEV_5300;XIREC;53.0;2
150600;;;VEV_5400;XIREC;20.0;2
150600;;;VEV_5500;XIREC;8.0;2
150600;;;VEV_6000;XIREC;0.0;2
150600;;;VEV_6500;XIREC;0.0;2
150700;;;VELVETFRUIT_EXTRACT;XIREC;5268.0;7
151100;;;HYDROGEL_PACK;XIREC;9945.0;4
151200;;;HYDROGEL_PACK;XIREC;9944.0;6
151400;;;VELVETFRUIT_EXTRACT;XIREC;5261.0;7
152700;;;HYDROGEL_PACK;XIREC;9944.0;5
153000;SUBMISSION;;VEV_4000;XIREC;1256.0;4
153000;SUBMISSION;;VEV_4000;XIREC;1267.0;9
153000;SUBMISSION;;VEV_4000;XIREC;1270.0;18
153000;SUBMISSION;;VEV_4500;XIREC;756.0;4
153000;SUBMISSION;;VEV_4500;XIREC;765.0;7
153000;SUBMISSION;;VEV_4500;XIREC;766.0;19
153000;;;VEV_5400;XIREC;18.0;4
153000;;;VEV_5500;XIREC;7.0;4
153000;;;VEV_6000;XIREC;0.0;4
153000;;;VEV_6500;XIREC;0.0;4
154000;SUBMISSION;;VELVETFRUIT_EXTRACT;XIREC;5254.0;50
154000;SUBMISSION;;VEV_4000;XIREC;1262.0;12
154000;SUBMISSION;;VEV_4000;XIREC;1264.0;17
154000;SUBMISSION;;VEV_4500;XIREC;759.0;6
154000;SUBMISSION;;VEV_4500;XIREC;761.0;14
154100;;;VEV_4000;XIREC;1242.0;3
155200;SUBMISSION;;VELVETFRUIT_EXTRACT;XIREC;5255.0;50
155200;SUBMISSION;;VEV_4000;XIREC;1262.0;13
155200;SUBMISSION;;VEV_4000;XIREC;1265.0;22
155200;SUBMISSION;;VEV_4500;XIREC;760.0;10
155200;SUBMISSION;;VEV_4500;XIREC;762.0;18
155300;SUBMISSION;;VELVETFRUIT_EXTRACT;XIREC;5254.0;50
155300;SUBMISSION;;VEV_4000;XIREC;1262.0;9
155300;SUBMISSION;;VEV_4000;XIREC;1264.0;24
155300;SUBMISSION;;VEV_4500;XIREC;759.0;8
155300;SUBMISSION;;VEV_4500;XIREC;761.0;15
155300;SUBMISSION;;VEV_5000;XIREC;259.0;8
155300;SUBMISSION;;VEV_5000;XIREC;260.0;15
155400;SUBMISSION;;VELVETFRUIT_EXTRACT;XIREC;5254.0;18
155400;SUBMISSION;;VELVETFRUIT_EXTRACT;XIREC;5255.0;32
155400;SUBMISSION;;VEV_4000;XIREC;1262.0;10
155400;SUBMISSION;;VEV_4000;XIREC;1264.0;21
155400;SUBMISSION;;VEV_4500;XIREC;759.0;11
155400;SUBMISSION;;VEV_4500;XIREC;761.0;20
155500;SUBMISSION;;VEV_4000;XIREC;1259.0;10
155500;SUBMISSION;;VEV_4000;XIREC;1262.0;20
155500;SUBMISSION;;VEV_4500;XIREC;757.0;9
155500;SUBMISSION;;VEV_4500;XIREC;759.0;24
155500;SUBMISSION;;VEV_5000;XIREC;257.0;9
155500;SUBMISSION;;VEV_5000;XIREC;258.0;24
155500;SUBMISSION;;VEV_5100;XIREC;169.0;33
155600;SUBMISSION;;VEV_4000;XIREC;1259.0;8
155600;SUBMISSION;;VEV_4000;XIREC;1262.0;26
155600;SUBMISSION;;VEV_4500;XIREC;757.0;9
155600;SUBMISSION;;VEV_4500;XIREC;758.0;16
155600;SUBMISSION;;VEV_5000;XIREC;257.0;9
155600;SUBMISSION;;VEV_5000;XIREC;258.0;16
155600;SUBMISSION;;VEV_5100;XIREC;169.0;25
155700;SUBMISSION;;VEV_4000;XIREC;1259.0;14
155700;SUBMISSION;;VEV_4000;XIREC;1262.0;18
155700;SUBMISSION;;VEV_4500;XIREC;757.0;12
155700;SUBMISSION;;VEV_4500;XIREC;758.0;15
155700;SUBMISSION;;VEV_5000;XIREC;257.0;12
155700;SUBMISSION;;VEV_5000;XIREC;258.0;15
155700;SUBMISSION;;VEV_5100;XIREC;169.0;27
155800;SUBMISSION;;VEV_4000;XIREC;1260.0;8
155800;SUBMISSION;;VEV_4000;XIREC;1262.0;25
155800;SUBMISSION;;VEV_4500;XIREC;757.0;7
155800;SUBMISSION;;VEV_4500;XIREC;759.0;16
155800;SUBMISSION;;VEV_5000;XIREC;258.0;7
155800;SUBMISSION;;VEV_5000;XIREC;259.0;16
155800;SUBMISSION;;VEV_5100;XIREC;169.0;7
155800;SUBMISSION;;VEV_5100;XIREC;170.0;16
155900;SUBMISSION;;VEV_4000;XIREC;1260.0;11
155900;SUBMISSION;;VEV_4000;XIREC;1262.0;1
155900;SUBMISSION;;VEV_4500;XIREC;757.0;8
155900;SUBMISSION;;VEV_4500;XIREC;759.0;16
155900;SUBMISSION;;VEV_5000;XIREC;258.0;24
155900;SUBMISSION;;VEV_5100;XIREC;169.0;8
155900;SUBMISSION;;VEV_5100;XIREC;170.0;16
155900;;;HYDROGEL_PACK;XIREC;9966.0;4
156000;SUBMISSION;;VEV_4500;XIREC;756.0;10
156000;SUBMISSION;;VEV_4500;XIREC;758.0;16
156000;SUBMISSION;;VEV_5000;XIREC;256.0;10
156000;SUBMISSION;;VEV_5000;XIREC;257.0;16
156000;SUBMISSION;;VEV_5100;XIREC;168.0;26
156100;SUBMISSION;;VEV_4500;XIREC;756.0;10
156100;SUBMISSION;;VEV_5000;XIREC;257.0;30
156100;SUBMISSION;;VEV_5100;XIREC;168.0;11
156100;SUBMISSION;;VEV_5100;XIREC;169.0;19
156200;SUBMISSION;;VEV_5000;XIREC;256.0;11
156200;SUBMISSION;;VEV_5000;XIREC;257.0;16
156200;SUBMISSION;;VEV_5100;XIREC;168.0;27
156200;;;VEV_4000;XIREC;1237.0;1
156300;SUBMISSION;;VEV_5000;XIREC;256.0;27
156300;SUBMISSION;;VEV_5100;XIREC;167.0;11
156300;SUBMISSION;;VEV_5100;XIREC;168.0;16
156400;SUBMISSION;;VEV_5000;XIREC;255.0;9
156400;SUBMISSION;;VEV_5000;XIREC;256.0;24
156400;SUBMISSION;;VEV_5100;XIREC;167.0;33
156400;;;HYDROGEL_PACK;XIREC;9949.0;6
156500;SUBMISSION;;VEV_5000;XIREC;257.0;2
156500;SUBMISSION;;VEV_5100;XIREC;168.0;9
156500;SUBMISSION;;VEV_5100;XIREC;169.0;16
156800;SUBMISSION;;VEV_5200;XIREC;96.0;27
156800;SUBMISSION;;VEV_5500;XIREC;7.0;26
159900;;;HYDROGEL_PACK;XIREC;9961.0;3
161200;;;HYDROGEL_PACK;XIREC;9956.0;6
163300;;;VELVETFRUIT_EXTRACT;XIREC;5254.0;10
164000;;;VELVETFRUIT_EXTRACT;XIREC;5251.0;5
164300;;;HYDROGEL_PACK;XIREC;9973.0;5
165500;;;VELVETFRUIT_EXTRACT;XIREC;5250.0;4
167300;;;HYDROGEL_PACK;XIREC;9957.0;3
167600;;;VELVETFRUIT_EXTRACT;XIREC;5249.0;6
167600;;;VEV_4000;XIREC;1242.0;2
168400;;;VELVETFRUIT_EXTRACT;XIREC;5248.0;3
168500;;;VEV_4000;XIREC;1261.0;2
168700;;;VEV_4000;XIREC;1260.0;1
170400;;;VEV_5400;XIREC;17.0;5
170400;;;VEV_5500;XIREC;7.0;5
170400;;;VEV_6000;XIREC;0.0;5
170400;;;VEV_6500;XIREC;0.0;5
170500;;;VEV_5300;XIREC;46.0;3
170500;;;VEV_5500;XIREC;7.0;3
170500;;;VEV_6000;XIREC;0.0;3
170500;;;VEV_6500;XIREC;0.0;3
170900;;;VEV_4000;XIREC;1260.0;3
171400;;;HYDROGEL_PACK;XIREC;9992.0;6
171700;;;VELVETFRUIT_EXTRACT;XIREC;5248.0;7
172400;;;VEV_4000;XIREC;1238.0;1
172500;;;VEV_5300;XIREC;46.0;5
172500;;;VEV_5400;XIREC;17.0;5
172500;;;VEV_5500;XIREC;7.0;5
172500;;;VEV_6000;XIREC;0.0;5
172500;;;VEV_6500;XIREC;0.0;5
173000;SUBMISSION;;VEV_5200;XIREC;96.0;8
173000;SUBMISSION;;VEV_5200;XIREC;97.0;21
174100;SUBMISSION;;VEV_5200;XIREC;96.0;28
174200;SUBMISSION;;VEV_5200;XIREC;96.0;24
174200;;;HYDROGEL_PACK;XIREC;9988.0;5
174300;SUBMISSION;;VEV_5200;XIREC;96.0;33
174400;SUBMISSION;;VEV_5200;XIREC;95.0;27
174400;SUBMISSION;;VEV_5300;XIREC;46.0;25
174400;;;HYDROGEL_PACK;XIREC;9991.0;6
174500;SUBMISSION;;VEV_5200;XIREC;95.0;26
174500;SUBMISSION;;VEV_5300;XIREC;46.0;18
174600;SUBMISSION;;VEV_5200;XIREC;96.0;29
174700;SUBMISSION;;VEV_5200;XIREC;96.0;19
174700;SUBMISSION;;VEV_5300;XIREC;46.0;9
174700;SUBMISSION;;VEV_5300;XIREC;47.0;16
174800;;SUBMISSION;HYDROGEL_PACK;XIREC;9977.0;14
174800;;SUBMISSION;HYDROGEL_PACK;XIREC;9974.0;23
174800;SUBMISSION;;VEV_5200;XIREC;96.0;12
174800;SUBMISSION;;VEV_5200;XIREC;97.0;18
174900;;SUBMISSION;HYDROGEL_PACK;XIREC;9978.0;10
174900;;SUBMISSION;HYDROGEL_PACK;XIREC;9976.0;28
175000;;SUBMISSION;HYDROGEL_PACK;XIREC;9979.0;11
175000;;SUBMISSION;HYDROGEL_PACK;XIREC;9977.0;28
175100;;SUBMISSION;HYDROGEL_PACK;XIREC;9978.0;10
175100;;SUBMISSION;HYDROGEL_PACK;XIREC;9976.0;25
175200;;SUBMISSION;HYDROGEL_PACK;XIREC;9979.0;12
175200;;SUBMISSION;HYDROGEL_PACK;XIREC;9976.0;25
175300;;SUBMISSION;HYDROGEL_PACK;XIREC;9977.0;12
175300;;SUBMISSION;HYDROGEL_PACK;XIREC;9975.0;2
175600;SUBMISSION;;VEV_5200;XIREC;96.0;19
175700;SUBMISSION;;VEV_5200;XIREC;95.0;8
175700;SUBMISSION;;VEV_5200;XIREC;96.0;1
175700;SUBMISSION;;VEV_5300;XIREC;46.0;9
175700;SUBMISSION;;VEV_5300;XIREC;47.0;10
175800;SUBMISSION;;VEV_5300;XIREC;46.0;21
175900;SUBMISSION;;VEV_5300;XIREC;46.0;21
176000;SUBMISSION;;VEV_5300;XIREC;46.0;18
177600;SUBMISSION;;VEV_5300;XIREC;46.0;7
177600;SUBMISSION;;VEV_5300;XIREC;47.0;17
177700;SUBMISSION;;VEV_5300;XIREC;46.0;21
178000;;;HYDROGEL_PACK;XIREC;9988.0;3
179200;;;VELVETFRUIT_EXTRACT;XIREC;5243.0;4
179400;SUBMISSION;;VEV_5300;XIREC;46.0;19
179500;SUBMISSION;;VEV_5300;XIREC;46.0;20
179500;SUBMISSION;;VEV_5500;XIREC;7.0;6
179500;SUBMISSION;;VEV_5500;XIREC;8.0;14
179600;SUBMISSION;;VEV_5300;XIREC;46.0;25
179800;SUBMISSION;;VEV_5300;XIREC;46.0;21
179900;SUBMISSION;;VEV_5300;XIREC;47.0;21
180000;SUBMISSION;;VEV_5300;XIREC;46.0;2
180100;;;VELVETFRUIT_EXTRACT;XIREC;5248.0;3
181900;SUBMISSION;;VEV_5500;XIREC;7.0;15
182000;SUBMISSION;;VEV_5500;XIREC;7.0;28
182100;SUBMISSION;;VEV_5500;XIREC;7.0;21
182100;;;HYDROGEL_PACK;XIREC;10012.0;3
182200;SUBMISSION;;VEV_5500;XIREC;7.0;18
182300;SUBMISSION;;VEV_5500;XIREC;7.0;24
182800;;;HYDROGEL_PACK;XIREC;10010.0;5
184000;SUBMISSION;;VEV_5500;XIREC;7.0;27
184100;SUBMISSION;;VEV_5500;XIREC;7.0;23
184200;SUBMISSION;;VEV_5500;XIREC;7.0;23
184200;;;VEV_4000;XIREC;1251.0;3
184300;SUBMISSION;;VEV_5500;XIREC;7.0;20
184400;SUBMISSION;;VEV_5500;XIREC;7.0;27
184500;SUBMISSION;;VEV_5500;XIREC;7.0;22
184600;SUBMISSION;;VEV_5500;XIREC;7.0;6
185400;SUBMISSION;;VEV_5400;XIREC;16.0;19
185500;SUBMISSION;;VEV_5400;XIREC;16.0;17
185600;;SUBMISSION;HYDROGEL_PACK;XIREC;10023.0;12
185600;;SUBMISSION;HYDROGEL_PACK;XIREC;10020.0;23
185700;;SUBMISSION;HYDROGEL_PACK;XIREC;10023.0;14
185700;;SUBMISSION;HYDROGEL_PACK;XIREC;10021.0;29
185800;;SUBMISSION;HYDROGEL_PACK;XIREC;10024.0;13
185800;;SUBMISSION;HYDROGEL_PACK;XIREC;10022.0;24
185800;;;HYDROGEL_PACK;XIREC;10040.0;4
185900;;SUBMISSION;HYDROGEL_PACK;XIREC;10024.0;12
185900;;SUBMISSION;HYDROGEL_PACK;XIREC;10021.0;23
185900;SUBMISSION;;VEV_5400;XIREC;16.0;25
186000;;SUBMISSION;HYDROGEL_PACK;XIREC;10023.0;15
186000;;SUBMISSION;HYDROGEL_PACK;XIREC;10020.0;27
186000;SUBMISSION;;VEV_5400;XIREC;16.0;21
186100;;SUBMISSION;HYDROGEL_PACK;XIREC;10022.0;8
186100;SUBMISSION;;VEV_5400;XIREC;16.0;26
186200;SUBMISSION;;VEV_5400;XIREC;15.0;6
186200;SUBMISSION;;VEV_5400;XIREC;16.0;18
186300;SUBMISSION;;VEV_5400;XIREC;15.0;17
186400;SUBMISSION;;VEV_5400;XIREC;16.0;25
186500;SUBMISSION;;VEV_5400;XIREC;16.0;25
186600;SUBMISSION;;VEV_5400;XIREC;16.0;26
186700;SUBMISSION;;VEV_5400;XIREC;16.0;22
186800;SUBMISSION;;VEV_5400;XIREC;16.0;20
186900;SUBMISSION;;VEV_5400;XIREC;15.0;20
187000;SUBMISSION;;VEV_5400;XIREC;15.0;13
187400;;;VELVETFRUIT_EXTRACT;XIREC;5235.0;8
187600;;;VELVETFRUIT_EXTRACT;XIREC;5235.0;5
188400;;;HYDROGEL_PACK;XIREC;10021.0;4
188800;;;VELVETFRUIT_EXTRACT;XIREC;5232.0;6
190100;;;VEV_5300;XIREC;42.0;3
190100;;;VEV_5400;XIREC;15.0;3
190100;;;VEV_5500;XIREC;6.0;3
190100;;;VEV_6000;XIREC;0.0;3
190100;;;VEV_6500;XIREC;0.0;3
190600;;;VELVETFRUIT_EXTRACT;XIREC;5234.0;6
190700;;;VELVETFRUIT_EXTRACT;XIREC;5239.0;3
191100;;;VELVETFRUIT_EXTRACT;XIREC;5237.0;8
192600;;;VELVETFRUIT_EXTRACT;XIREC;5231.0;3
192800;;;HYDROGEL_PACK;XIREC;10007.0;5
193400;;;HYDROGEL_PACK;XIREC;10026.0;4
194200;;;VEV_4000;XIREC;1247.0;2
194400;;;VELVETFRUIT_EXTRACT;XIREC;5234.0;5
195000;SUBMISSION;;HYDROGEL_PACK;XIREC;10011.0;15
195000;SUBMISSION;;HYDROGEL_PACK;XIREC;10014.0;29
195100;SUBMISSION;;HYDROGEL_PACK;XIREC;10009.0;10
195100;SUBMISSION;;HYDROGEL_PACK;XIREC;10012.0;22
195200;SUBMISSION;;HYDROGEL_PACK;XIREC;10007.0;11
195200;SUBMISSION;;HYDROGEL_PACK;XIREC;10010.0;29
195200;;;VELVETFRUIT_EXTRACT;XIREC;5236.0;3
195300;SUBMISSION;;HYDROGEL_PACK;XIREC;10009.0;12
195300;SUBMISSION;;HYDROGEL_PACK;XIREC;10011.0;22
195600;SUBMISSION;;HYDROGEL_PACK;XIREC;10011.0;14
195600;SUBMISSION;;HYDROGEL_PACK;XIREC;10013.0;28
195600;;;VEV_5300;XIREC;41.0;3
195600;;;VEV_5400;XIREC;14.0;3
195600;;;VEV_5500;XIREC;6.0;3
195600;;;VEV_6000;XIREC;0.0;3
195600;;;VEV_6500;XIREC;0.0;3
195900;SUBMISSION;;HYDROGEL_PACK;XIREC;10011.0;8
196100;;;VELVETFRUIT_EXTRACT;XIREC;5236.0;5
196700;;;VEV_4000;XIREC;1225.0;1
197600;;;VELVETFRUIT_EXTRACT;XIREC;5237.0;9
198900;;;VELVETFRUIT_EXTRACT;XIREC;5243.0;5
199200;;;VELVETFRUIT_EXTRACT;XIREC;5243.0;5
199400;;;HYDROGEL_PACK;XIREC;10029.0;3
201700;;SUBMISSION;HYDROGEL_PACK;XIREC;10019.0;12
201700;;SUBMISSION;HYDROGEL_PACK;XIREC;10017.0;22
202300;;;VEV_4000;XIREC;1252.0;3
202400;;SUBMISSION;HYDROGEL_PACK;XIREC;10019.0;10
202400;;SUBMISSION;HYDROGEL_PACK;XIREC;10016.0;21
202700;;;HYDROGEL_PACK;XIREC;10033.0;5
203200;;;HYDROGEL_PACK;XIREC;10014.0;6
203700;;;VELVETFRUIT_EXTRACT;XIREC;5241.0;3
206200;;;VEV_5400;XIREC;16.0;3
206200;;;VEV_6000;XIREC;0.0;3
206200;;;VEV_6500;XIREC;0.0;3
206600;;;VEV_4000;XIREC;1255.0;1
206800;;;VELVETFRUIT_EXTRACT;XIREC;5241.0;6
207600;;;VELVETFRUIT_EXTRACT;XIREC;5251.0;4
210000;SUBMISSION;;HYDROGEL_PACK;XIREC;10011.0;11
210000;SUBMISSION;;HYDROGEL_PACK;XIREC;10014.0;29
210100;SUBMISSION;;HYDROGEL_PACK;XIREC;10011.0;12
210100;SUBMISSION;;HYDROGEL_PACK;XIREC;10013.0;13
210300;;;VELVETFRUIT_EXTRACT;XIREC;5250.0;5
210600;;;HYDROGEL_PACK;XIREC;9990.0;5
211100;;;HYDROGEL_PACK;XIREC;9996.0;6
211900;;SUBMISSION;VEV_5500;XIREC;8.0;18
212000;;SUBMISSION;VEV_5500;XIREC;8.0;8
212000;;SUBMISSION;VEV_5500;XIREC;7.0;12
212300;;SUBMISSION;VEV_5500;XIREC;8.0;6
212300;;SUBMISSION;VEV_5500;XIREC;7.0;14
212400;;SUBMISSION;VEV_5500;XIREC;8.0;20
212500;;SUBMISSION;VEV_5500;XIREC;8.0;19
212600;;SUBMISSION;VEV_5500;XIREC;8.0;20
212700;;SUBMISSION;VEV_5500;XIREC;8.0;20
212800;;SUBMISSION;VEV_5500;XIREC;8.0;20
212900;;SUBMISSION;VEV_5400;XIREC;18.0;20
212900;;SUBMISSION;VEV_5500;XIREC;8.0;20
213000;;SUBMISSION;VEV_5500;XIREC;8.0;20
213100;;SUBMISSION;VEV_5500;XIREC;8.0;20
213200;;SUBMISSION;VEV_5400;XIREC;18.0;19
213200;;SUBMISSION;VEV_5500;XIREC;8.0;19
213300;;SUBMISSION;VEV_5500;XIREC;8.0;16
213400;;SUBMISSION;VEV_5500;XIREC;8.0;20
213500;;SUBMISSION;VEV_5500;XIREC;8.0;19
213600;;SUBMISSION;VEV_5500;XIREC;8.0;9
213700;;;VELVETFRUIT_EXTRACT;XIREC;5259.0;5
214400;;;VELVETFRUIT_EXTRACT;XIREC;5250.0;3
215000;;;VELVETFRUIT_EXTRACT;XIREC;5249.0;4
216000;;;VEV_4000;XIREC;1263.0;1
217100;;;VELVETFRUIT_EXTRACT;XIREC;5257.0;4
217500;;;HYDROGEL_PACK;XIREC;10011.0;4
217800;;;VEV_4000;XIREC;1263.0;1
218500;;;HYDROGEL_PACK;XIREC;10017.0;5
218900;;;HYDROGEL_PACK;XIREC;10014.0;3
218900;;;VELVETFRUIT_EXTRACT;XIREC;5249.0;8
221000;SUBMISSION;;VEV_5500;XIREC;7.0;20
221200;;;HYDROGEL_PACK;XIREC;10011.0;5
221300;SUBMISSION;;VEV_5500;XIREC;7.0;6
221300;SUBMISSION;;VEV_5500;XIREC;8.0;11
221400;SUBMISSION;;VEV_5500;XIREC;7.0;10
221400;SUBMISSION;;VEV_5500;XIREC;8.0;10
221500;SUBMISSION;;VEV_5500;XIREC;7.0;20
221600;SUBMISSION;;VEV_5500;XIREC;7.0;22
221700;SUBMISSION;;VEV_5500;XIREC;7.0;25
221800;SUBMISSION;;VEV_5500;XIREC;7.0;22
221800;;;VELVETFRUIT_EXTRACT;XIREC;5241.0;7
221900;SUBMISSION;;VEV_5500;XIREC;7.0;22
222000;SUBMISSION;;VEV_5500;XIREC;7.0;25
222100;SUBMISSION;;VEV_5500;XIREC;7.0;8
222100;SUBMISSION;;VEV_5500;XIREC;8.0;15
222900;;;VEV_4000;XIREC;1236.0;3
223300;;;VEV_4000;XIREC;1257.0;2
224100;;;VEV_4000;XIREC;1258.0;2
225100;;;VELVETFRUIT_EXTRACT;XIREC;5254.0;5
226100;;;HYDROGEL_PACK;XIREC;9974.0;5
229100;;;VEV_4000;XIREC;1258.0;1
230000;;;HYDROGEL_PACK;XIREC;9998.0;4
230800;SUBMISSION;;VEV_5500;XIREC;7.0;25
230800;;;HYDROGEL_PACK;XIREC;10007.0;3
230900;SUBMISSION;;VEV_5500;XIREC;7.0;16
231100;SUBMISSION;;VEV_5500;XIREC;7.0;5
231100;SUBMISSION;;VEV_5500;XIREC;8.0;16
231200;SUBMISSION;;VEV_5500;XIREC;7.0;17
231300;SUBMISSION;;VEV_5500;XIREC;7.0;5
235300;;;VEV_5400;XIREC;16.0;3
235300;;;VEV_5500;XIREC;7.0;3
235300;;;VEV_6000;XIREC;0.0;3
235300;;;VEV_6500;XIREC;0.0;3
235900;;;HYDROGEL_PACK;XIREC;9998.0;3
237900;;;VELVETFRUIT_EXTRACT;XIREC;5254.0;6
238200;;;HYDROGEL_PACK;XIREC;10025.0;2
239400;;;VELVETFRUIT_EXTRACT;XIREC;5251.0;6
239600;;;HYDROGEL_PACK;XIREC;10006.0;4
239600;;;VELVETFRUIT_EXTRACT;XIREC;5255.0;5
239700;;;HYDROGEL_PACK;XIREC;10021.0;6
240200;;;VELVETFRUIT_EXTRACT;XIREC;5258.0;3
240600;;SUBMISSION;VEV_5500;XIREC;8.0;6
240600;;SUBMISSION;VEV_5500;XIREC;7.0;13
240600;;;HYDROGEL_PACK;XIREC;10013.0;3
240700;;SUBMISSION;VEV_5500;XIREC;8.0;20
240800;;SUBMISSION;VEV_5500;XIREC;8.0;20
240900;;SUBMISSION;VEV_5500;XIREC;8.0;20
241000;;SUBMISSION;VEV_5500;XIREC;8.0;20
241100;;SUBMISSION;VEV_5300;XIREC;51.0;20
241100;;SUBMISSION;VEV_5400;XIREC;18.0;20
241100;;SUBMISSION;VEV_5500;XIREC;8.0;20
241200;;SUBMISSION;VEV_5300;XIREC;51.0;6
241200;;SUBMISSION;VEV_5300;XIREC;50.0;13
241200;;SUBMISSION;VEV_5500;XIREC;8.0;19
241300;;SUBMISSION;VEV_5300;XIREC;51.0;9
241300;;SUBMISSION;VEV_5300;XIREC;50.0;11
241300;;SUBMISSION;VEV_5400;XIREC;18.0;20
241300;;SUBMISSION;VEV_5500;XIREC;8.0;20
241400;;SUBMISSION;VEV_5500;XIREC;8.0;20
241500;;SUBMISSION;VEV_5500;XIREC;8.0;18
241600;;SUBMISSION;VEV_5300;XIREC;51.0;16
241600;;SUBMISSION;VEV_5400;XIREC;18.0;16
241600;;SUBMISSION;VEV_5500;XIREC;8.0;16
241700;;SUBMISSION;VEV_5300;XIREC;51.0;20
241700;;SUBMISSION;VEV_5400;XIREC;18.0;20
241700;;SUBMISSION;VEV_5500;XIREC;8.0;20
241800;;SUBMISSION;VEV_5300;XIREC;51.0;5
241800;;SUBMISSION;VEV_5300;XIREC;50.0;13
241800;;SUBMISSION;VEV_5400;XIREC;18.0;18
241800;;SUBMISSION;VEV_5500;XIREC;8.0;18
241900;;SUBMISSION;VEV_5300;XIREC;51.0;20
241900;;SUBMISSION;VEV_5400;XIREC;18.0;20
241900;;SUBMISSION;VEV_5500;XIREC;8.0;20
241900;;;HYDROGEL_PACK;XIREC;10005.0;2
242000;;SUBMISSION;VEV_5300;XIREC;51.0;20
242000;;SUBMISSION;VEV_5400;XIREC;19.0;6
242000;;SUBMISSION;VEV_5400;XIREC;18.0;14
242000;;SUBMISSION;VEV_5500;XIREC;8.0;20
242100;;SUBMISSION;VEV_5200;XIREC;102.0;24
242100;;SUBMISSION;VEV_5300;XIREC;52.0;9
242100;;SUBMISSION;VEV_5300;XIREC;51.0;11
242100;;SUBMISSION;VEV_5400;XIREC;19.0;20
242100;;SUBMISSION;VEV_5500;XIREC;8.0;10
242200;;SUBMISSION;VEV_5200;XIREC;103.0;8
242200;;SUBMISSION;VEV_5200;XIREC;102.0;22
242200;;SUBMISSION;VEV_5300;XIREC;52.0;20
242200;;SUBMISSION;VEV_5400;XIREC;19.0;20
242300;;SUBMISSION;VEV_5300;XIREC;51.0;17
242300;;SUBMISSION;VEV_5400;XIREC;18.0;17
242400;;SUBMISSION;VEV_5300;XIREC;51.0;20
242400;;SUBMISSION;VEV_5400;XIREC;18.0;20
242500;;SUBMISSION;VEV_5300;XIREC;51.0;8
242500;;SUBMISSION;VEV_5300;XIREC;50.0;12
242600;;SUBMISSION;VEV_5300;XIREC;51.0;7
242600;;SUBMISSION;VEV_5300;XIREC;50.0;13
242600;;SUBMISSION;VEV_5400;XIREC;18.0;20
242900;;;VELVETFRUIT_EXTRACT;XIREC;5254.0;5
245600;;;VELVETFRUIT_EXTRACT;XIREC;5256.0;6
248200;;;HYDROGEL_PACK;XIREC;10025.0;5
248300;;SUBMISSION;VEV_5300;XIREC;51.0;17
248300;;SUBMISSION;VEV_5400;XIREC;18.0;17
248300;;;VELVETFRUIT_EXTRACT;XIREC;5257.0;5
248400;;SUBMISSION;VEV_5300;XIREC;51.0;13
248400;;SUBMISSION;VEV_5400;XIREC;18.0;13
248500;;SUBMISSION;VEV_5200;XIREC;103.0;24
248600;;SUBMISSION;VEV_5100;XIREC;177.0;6
248600;;SUBMISSION;VEV_5100;XIREC;176.0;18
248600;;SUBMISSION;VEV_5200;XIREC;104.0;24
248700;;SUBMISSION;VEV_5100;XIREC;176.0;19
248700;;SUBMISSION;VEV_5200;XIREC;104.0;19
248800;;SUBMISSION;VEV_5100;XIREC;176.0;22
248800;;SUBMISSION;VEV_5200;XIREC;104.0;22
248900;;SUBMISSION;VEV_5100;XIREC;176.0;28
248900;;SUBMISSION;VEV_5200;XIREC;104.0;28
249000;;SUBMISSION;VEV_5200;XIREC;103.0;30
249100;;SUBMISSION;VELVETFRUIT_EXTRACT;XIREC;5262.0;16
249100;;SUBMISSION;VELVETFRUIT_EXTRACT;XIREC;5261.0;30
249100;;SUBMISSION;VEV_4000;XIREC;1254.0;9
249100;;SUBMISSION;VEV_4000;XIREC;1251.0;28
249100;;SUBMISSION;VEV_4500;XIREC;756.0;7
249100;;SUBMISSION;VEV_4500;XIREC;754.0;15
249100;;SUBMISSION;VEV_5000;XIREC;266.0;7
249100;;SUBMISSION;VEV_5000;XIREC;265.0;15
249100;;SUBMISSION;VEV_5100;XIREC;177.0;7
249100;;SUBMISSION;VEV_5100;XIREC;176.0;15
249100;;SUBMISSION;VEV_5200;XIREC;105.0;7
249100;;SUBMISSION;VEV_5200;XIREC;104.0;15
249200;;SUBMISSION;VELVETFRUIT_EXTRACT;XIREC;5262.0;50
249200;;SUBMISSION;VEV_4000;XIREC;1254.0;10
249200;;SUBMISSION;VEV_4000;XIREC;1252.0;17
249200;;SUBMISSION;VEV_4500;XIREC;757.0;12
249200;;SUBMISSION;VEV_4500;XIREC;755.0;16
249200;;SUBMISSION;VEV_5000;XIREC;266.0;12
249200;;SUBMISSION;VEV_5000;XIREC;265.0;16
249200;;SUBMISSION;VEV_5100;XIREC;177.0;28
249200;;SUBMISSION;VEV_5200;XIREC;105.0;28
249300;;SUBMISSION;VELVETFRUIT_EXTRACT;XIREC;5263.0;19
249300;;SUBMISSION;VELVETFRUIT_EXTRACT;XIREC;5262.0;31
249300;;SUBMISSION;VEV_4000;XIREC;1255.0;10
249300;;SUBMISSION;VEV_4000;XIREC;1252.0;24
249300;;SUBMISSION;VEV_4500;XIREC;757.0;7
249300;;SUBMISSION;VEV_4500;XIREC;755.0;14
249300;;SUBMISSION;VEV_5000;XIREC;266.0;21
249300;;SUBMISSION;VEV_5100;XIREC;178.0;7
249300;;SUBMISSION;VEV_5100;XIREC;177.0;14
249300;;SUBMISSION;VEV_5200;XIREC;105.0;21
249400;;SUBMISSION;VELVETFRUIT_EXTRACT;XIREC;5263.0;50
249400;;SUBMISSION;VEV_4000;XIREC;1255.0;9
249400;;SUBMISSION;VEV_4000;XIREC;1253.0;18
249400;;SUBMISSION;VEV_4500;XIREC;758.0;7
249400;;SUBMISSION;VEV_4500;XIREC;756.0;14
249400;;SUBMISSION;VEV_5000;XIREC;267.0;7
249400;;SUBMISSION;VEV_5000;XIREC;266.0;14
249400;;SUBMISSION;VEV_5100;XIREC;178.0;21
249400;;SUBMISSION;VEV_5200;XIREC;105.0;21
249500;;SUBMISSION;VELVETFRUIT_EXTRACT;XIREC;5262.0;4
249500;;SUBMISSION;VEV_4000;XIREC;1254.0;10
249500;;SUBMISSION;VEV_4000;XIREC;1252.0;19
249500;;SUBMISSION;VEV_4500;XIREC;757.0;11
249500;;SUBMISSION;VEV_4500;XIREC;755.0;19
249500;;SUBMISSION;VEV_5000;XIREC;266.0;11
249500;;SUBMISSION;VEV_5000;XIREC;265.0;19
249500;;SUBMISSION;VEV_5100;XIREC;177.0;30
249500;;SUBMISSION;VEV_5200;XIREC;105.0;7
249600;;SUBMISSION;VEV_4000;XIREC;1254.0;10
249600;;SUBMISSION;VEV_4000;XIREC;1252.0;23
249600;;SUBMISSION;VEV_4500;XIREC;757.0;12
249600;;SUBMISSION;VEV_4500;XIREC;755.0;24
249600;;SUBMISSION;VEV_5000;XIREC;266.0;12
249600;;SUBMISSION;VEV_5000;XIREC;265.0;24
249600;;SUBMISSION;VEV_5100;XIREC;177.0;36
249700;;SUBMISSION;VEV_4000;XIREC;1255.0;14
249700;;SUBMISSION;VEV_4000;XIREC;1252.0;16
249700;;SUBMISSION;VEV_4500;XIREC;757.0;11
249700;;SUBMISSION;VEV_4500;XIREC;755.0;12
249700;;SUBMISSION;VEV_5000;XIREC;266.0;23
249700;;SUBMISSION;VEV_5100;XIREC;178.0;11
249700;;SUBMISSION;VEV_5100;XIREC;177.0;12
249800;;SUBMISSION;VEV_4000;XIREC;1266.0;3
249800;;SUBMISSION;VEV_4000;XIREC;1256.0;15
249800;;SUBMISSION;VEV_4000;XIREC;1254.0;29
249800;;SUBMISSION;VEV_4500;XIREC;766.0;3
249800;;SUBMISSION;VEV_4500;XIREC;759.0;8
249800;;SUBMISSION;VEV_4500;XIREC;757.0;12
249800;;SUBMISSION;VEV_5000;XIREC;270.0;3
249800;;SUBMISSION;VEV_5000;XIREC;268.0;8
249800;;SUBMISSION;VEV_5000;XIREC;267.0;12
249800;;SUBMISSION;VEV_5100;XIREC;181.0;3
249800;;SUBMISSION;VEV_5100;XIREC;179.0;8
249800;;SUBMISSION;VEV_5100;XIREC;178.0;12
249900;;SUBMISSION;VEV_4000;XIREC;1256.0;14
249900;;SUBMISSION;VEV_4000;XIREC;1254.0;22
249900;;SUBMISSION;VEV_4500;XIREC;759.0;8
249900;;SUBMISSION;VEV_4500;XIREC;757.0;15
249900;;SUBMISSION;VEV_5000;XIREC;268.0;8
249900;;SUBMISSION;VEV_5000;XIREC;267.0;15
249900;;SUBMISSION;VEV_5100;XIREC;179.0;3
250000;;SUBMISSION;VEV_4500;XIREC;758.0;7
250000;;SUBMISSION;VEV_4500;XIREC;756.0;13
250000;;SUBMISSION;VEV_5000;XIREC;267.0;20
250100;;SUBMISSION;VEV_4500;XIREC;758.0;11
250100;;SUBMISSION;VEV_4500;XIREC;756.0;20
250100;;SUBMISSION;VEV_5000;XIREC;267.0;11
250100;;SUBMISSION;VEV_5000;XIREC;266.0;20
250200;;SUBMISSION;VEV_4500;XIREC;757.0;10
250200;;SUBMISSION;VEV_4500;XIREC;755.0;12
250200;;SUBMISSION;VEV_5000;XIREC;266.0;10
250200;;SUBMISSION;VEV_5000;XIREC;265.0;12
250500;;;VELVETFRUIT_EXTRACT;XIREC;5260.0;4
250600;;;VEV_4000;XIREC;1252.0;2
251200;;;VELVETFRUIT_EXTRACT;XIREC;5262.0;8
251600;;;VEV_4000;XIREC;1275.0;3
251900;;;VELVETFRUIT_EXTRACT;XIREC;5263.0;14
252400;;;VELVETFRUIT_EXTRACT;XIREC;5267.0;6
252500;;;HYDROGEL_PACK;XIREC;9988.0;3
252500;;;VEV_5300;XIREC;53.0;2
252500;;;VEV_5400;XIREC;19.0;2
252500;;;VEV_5500;XIREC;8.0;2
252500;;;VEV_6000;XIREC;0.0;2
252500;;;VEV_6500;XIREC;0.0;2
253900;;;VELVETFRUIT_EXTRACT;XIREC;5266.0;3
254700;;;HYDROGEL_PACK;XIREC;9997.0;5
255000;;;HYDROGEL_PACK;XIREC;9980.0;4
255300;;;HYDROGEL_PACK;XIREC;9973.0;2
255400;;;HYDROGEL_PACK;XIREC;9973.0;3
258400;;;VELVETFRUIT_EXTRACT;XIREC;5257.0;8
262200;;;VELVETFRUIT_EXTRACT;XIREC;5250.0;4
262300;;;HYDROGEL_PACK;XIREC;10005.0;4
262800;;;HYDROGEL_PACK;XIREC;10008.0;2
263100;;;VEV_4000;XIREC;1268.0;3
263900;;;VELVETFRUIT_EXTRACT;XIREC;5257.0;7
264000;SUBMISSION;;VELVETFRUIT_EXTRACT;XIREC;5252.0;5
264000;SUBMISSION;;VELVETFRUIT_EXTRACT;XIREC;5255.0;45
264000;SUBMISSION;;VEV_4500;XIREC;760.0;8
264000;SUBMISSION;;VEV_4500;XIREC;762.0;12
264200;SUBMISSION;;VEV_4500;XIREC;760.0;10
264200;SUBMISSION;;VEV_4500;XIREC;762.0;16
264300;SUBMISSION;;VEV_4500;XIREC;760.0;10
264300;SUBMISSION;;VEV_4500;XIREC;762.0;24
264400;SUBMISSION;;VEV_4500;XIREC;760.0;7
264400;SUBMISSION;;VEV_4500;XIREC;762.0;18
264700;SUBMISSION;;VELVETFRUIT_EXTRACT;XIREC;5254.0;18
264700;SUBMISSION;;VELVETFRUIT_EXTRACT;XIREC;5255.0;30
264700;SUBMISSION;;VEV_4000;XIREC;1262.0;15
264700;SUBMISSION;;VEV_4000;XIREC;1264.0;28
264700;SUBMISSION;;VEV_4500;XIREC;759.0;9
264700;SUBMISSION;;VEV_4500;XIREC;761.0;22
264700;SUBMISSION;;VEV_5000;XIREC;259.0;9
264700;SUBMISSION;;VEV_5000;XIREC;260.0;22
265200;SUBMISSION;;VEV_4500;XIREC;760.0;10
265200;SUBMISSION;;VEV_4500;XIREC;762.0;16
265300;SUBMISSION;;VELVETFRUIT_EXTRACT;XIREC;5254.0;50
265300;SUBMISSION;;VEV_4000;XIREC;1261.0;11
265300;SUBMISSION;;VEV_4000;XIREC;1264.0;28
265300;SUBMISSION;;VEV_4500;XIREC;759.0;12
265300;SUBMISSION;;VEV_4500;XIREC;761.0;16
265300;SUBMISSION;;VEV_5000;XIREC;259.0;12
265300;SUBMISSION;;VEV_5000;XIREC;260.0;16
265400;SUBMISSION;;VELVETFRUIT_EXTRACT;XIREC;5250.0;9
265400;SUBMISSION;;VELVETFRUIT_EXTRACT;XIREC;5253.0;24
265400;SUBMISSION;;VELVETFRUIT_EXTRACT;XIREC;5254.0;17
265400;SUBMISSION;;VEV_4000;XIREC;1261.0;10
265400;SUBMISSION;;VEV_4000;XIREC;1264.0;25
265400;SUBMISSION;;VEV_4500;XIREC;759.0;11
265400;SUBMISSION;;VEV_4500;XIREC;761.0;12
265400;SUBMISSION;;VEV_5000;XIREC;259.0;23
265400;;;VELVETFRUIT_EXTRACT;XIREC;5250.0;9
265500;SUBMISSION;;VELVETFRUIT_EXTRACT;XIREC;5253.0;2
265500;SUBMISSION;;VEV_4000;XIREC;1261.0;10
265500;SUBMISSION;;VEV_4000;XIREC;1263.0;19
265500;SUBMISSION;;VEV_4500;XIREC;758.0;7
265500;SUBMISSION;;VEV_4500;XIREC;760.0;12
265500;SUBMISSION;;VEV_5000;XIREC;259.0;19
265500;SUBMISSION;;VEV_5100;XIREC;170.0;19
265600;SUBMISSION;;VEV_4000;XIREC;1261.0;8
265600;SUBMISSION;;VEV_4000;XIREC;1263.0;18
265600;SUBMISSION;;VEV_4500;XIREC;758.0;8
265600;SUBMISSION;;VEV_4500;XIREC;760.0;19
265600;SUBMISSION;;VEV_5000;XIREC;258.0;8
265600;SUBMISSION;;VEV_5000;XIREC;259.0;19
265600;SUBMISSION;;VEV_5100;XIREC;169.0;8
265600;SUBMISSION;;VEV_5100;XIREC;170.0;19
265600;;;VELVETFRUIT_EXTRACT;XIREC;5248.0;5
265700;SUBMISSION;;VEV_4000;XIREC;1259.0;14
265700;SUBMISSION;;VEV_4000;XIREC;1261.0;27
265700;SUBMISSION;;VEV_4500;XIREC;756.0;10
265700;SUBMISSION;;VEV_4500;XIREC;758.0;14
265700;SUBMISSION;;VEV_5000;XIREC;257.0;24
265700;SUBMISSION;;VEV_5100;XIREC;168.0;24
265800;SUBMISSION;;VEV_4000;XIREC;1260.0;8
265800;SUBMISSION;;VEV_4000;XIREC;1263.0;23
265800;SUBMISSION;;VEV_4500;XIREC;758.0;11
265800;SUBMISSION;;VEV_4500;XIREC;759.0;6
265800;SUBMISSION;;VEV_5000;XIREC;258.0;25
265800;SUBMISSION;;VEV_5100;XIREC;169.0;25
265800;;;VELVETFRUIT_EXTRACT;XIREC;5252.0;7
265900;SUBMISSION;;VEV_4000;XIREC;1261.0;7
265900;SUBMISSION;;VEV_4000;XIREC;1263.0;27
265900;SUBMISSION;;VEV_5000;XIREC;258.0;12
265900;SUBMISSION;;VEV_5000;XIREC;259.0;16
265900;SUBMISSION;;VEV_5100;XIREC;170.0;28
265900;;;VEV_4000;XIREC;1240.0;1
266000;SUBMISSION;;VEV_4000;XIREC;1262.0;15
266000;SUBMISSION;;VEV_4000;XIREC;1264.0;7
266000;SUBMISSION;;VEV_5000;XIREC;259.0;8
266000;SUBMISSION;;VEV_5000;XIREC;260.0;18
266200;SUBMISSION;;VEV_5000;XIREC;259.0;12
266200;SUBMISSION;;VEV_5000;XIREC;260.0;16
266300;;;HYDROGEL_PACK;XIREC;9999.0;4
266400;SUBMISSION;;VEV_5000;XIREC;258.0;8
266400;SUBMISSION;;VEV_5000;XIREC;259.0;17
266400;SUBMISSION;;VEV_5100;XIREC;170.0;25
266500;SUBMISSION;;VEV_5000;XIREC;258.0;12
266500;SUBMISSION;;VEV_5000;XIREC;259.0;4
266500;SUBMISSION;;VEV_5100;XIREC;169.0;12
266500;SUBMISSION;;VEV_5100;XIREC;170.0;23
266500;;;VELVETFRUIT_EXTRACT;XIREC;5253.0;5
266600;SUBMISSION;;VEV_5100;XIREC;168.0;12
266600;SUBMISSION;;VEV_5100;XIREC;169.0;12
266600;;;HYDROGEL_PACK;XIREC;9997.0;4
266700;SUBMISSION;;VEV_5100;XIREC;169.0;26
266800;SUBMISSION;;VEV_5100;XIREC;168.0;6
266800;SUBMISSION;;VEV_5100;XIREC;169.0;23
266900;SUBMISSION;;VEV_5100;XIREC;169.0;26
267000;SUBMISSION;;VEV_5100;XIREC;170.0;12
267400;;;VELVETFRUIT_EXTRACT;XIREC;5253.0;3
267900;SUBMISSION;;VEV_5200;XIREC;96.0;25
268000;SUBMISSION;;VEV_5200;XIREC;96.0;27
268100;SUBMISSION;;VEV_5200;XIREC;96.0;27
268200;SUBMISSION;;VEV_5200;XIREC;95.0;6
268200;SUBMISSION;;VEV_5200;XIREC;96.0;16
268300;SUBMISSION;;VEV_5200;XIREC;96.0;25
268300;;;VEV_4000;XIREC;1257.0;2
268400;SUBMISSION;;VEV_5200;XIREC;96.0;30
268500;SUBMISSION;;VEV_5200;XIREC;96.0;7
268500;SUBMISSION;;VEV_5200;XIREC;97.0;24
268700;;;VELVETFRUIT_EXTRACT;XIREC;5251.0;5
268800;SUBMISSION;;VEV_5200;XIREC;96.0;30
269300;;;HYDROGEL_PACK;XIREC;9973.0;3
269300;;;VELVETFRUIT_EXTRACT;XIREC;5247.0;5
271600;;;VEV_4000;XIREC;1248.0;1
272600;;SUBMISSION;VEV_5200;XIREC;103.0;6
272600;;SUBMISSION;VEV_5200;XIREC;102.0;17
272600;;;VELVETFRUIT_EXTRACT;XIREC;5261.0;7
272800;;SUBMISSION;VEV_5200;XIREC;103.0;25
272900;;SUBMISSION;VEV_5200;XIREC;102.0;27
273000;;SUBMISSION;VEV_5200;XIREC;102.0;30
273400;;SUBMISSION;VEV_5200;XIREC;103.0;11
273400;;SUBMISSION;VEV_5200;XIREC;102.0;13
274600;;;HYDROGEL_PACK;XIREC;9989.0;2
275300;;;VELVETFRUIT_EXTRACT;XIREC;5259.0;8
275700;;;HYDROGEL_PACK;XIREC;9996.0;2
276500;;;VELVETFRUIT_EXTRACT;XIREC;5255.0;7
277400;;;VELVETFRUIT_EXTRACT;XIREC;5254.0;4
278300;;;VELVETFRUIT_EXTRACT;XIREC;5258.0;5
279600;;;VELVETFRUIT_EXTRACT;XIREC;5260.0;4
280500;;;HYDROGEL_PACK;XIREC;9973.0;2
281000;SUBMISSION;;HYDROGEL_PACK;XIREC;9968.0;14
281000;SUBMISSION;;HYDROGEL_PACK;XIREC;9971.0;27
281100;SUBMISSION;;HYDROGEL_PACK;XIREC;9968.0;11
281100;SUBMISSION;;HYDROGEL_PACK;XIREC;9971.0;30
281100;;;HYDROGEL_PACK;XIREC;9952.0;3
281200;SUBMISSION;;HYDROGEL_PACK;XIREC;9966.0;12
281200;SUBMISSION;;HYDROGEL_PACK;XIREC;9969.0;30
281400;;;VELVETFRUIT_EXTRACT;XIREC;5253.0;15
281500;;;VEV_4000;XIREC;1267.0;1
282200;;SUBMISSION;VEV_5200;XIREC;103.0;30
282200;;;HYDROGEL_PACK;XIREC;9979.0;2
282200;;;VELVETFRUIT_EXTRACT;XIREC;5260.0;7
283400;;;VELVETFRUIT_EXTRACT;XIREC;5259.0;7
284600;;SUBMISSION;VEV_5200;XIREC;102.0;26
284800;;SUBMISSION;VEV_5200;XIREC;103.0;8
284800;;SUBMISSION;VEV_5200;XIREC;102.0;18
284900;;SUBMISSION;VEV_5200;XIREC;103.0;6
285000;;SUBMISSION;VELVETFRUIT_EXTRACT;XIREC;5262.0;50
285000;;SUBMISSION;VEV_4000;XIREC;1254.0;9
285000;;SUBMISSION;VEV_4000;XIREC;1252.0;15
285000;;SUBMISSION;VEV_4500;XIREC;757.0;7
285000;;SUBMISSION;VEV_4500;XIREC;755.0;15
285000;;SUBMISSION;VEV_5000;XIREC;266.0;7
285000;;SUBMISSION;VEV_5000;XIREC;265.0;15
285000;;SUBMISSION;VEV_5100;XIREC;177.0;22
285100;;SUBMISSION;VELVETFRUIT_EXTRACT;XIREC;5263.0;15
285100;;SUBMISSION;VELVETFRUIT_EXTRACT;XIREC;5262.0;32
285100;;SUBMISSION;VEV_4000;XIREC;1255.0;10
285100;;SUBMISSION;VEV_4000;XIREC;1252.0;18
285100;;SUBMISSION;VEV_4500;XIREC;757.0;10
285100;;SUBMISSION;VEV_4500;XIREC;755.0;19
285100;;SUBMISSION;VEV_5000;XIREC;266.0;10
285100;;SUBMISSION;VEV_5000;XIREC;265.0;19
285100;;SUBMISSION;VEV_5100;XIREC;178.0;10
285100;;SUBMISSION;VEV_5100;XIREC;177.0;19
285200;;SUBMISSION;VEV_5100;XIREC;176.0;28
285300;;SUBMISSION;VELVETFRUIT_EXTRACT;XIREC;5262.0;25
285300;;SUBMISSION;VELVETFRUIT_EXTRACT;XIREC;5261.0;25
285300;;SUBMISSION;VEV_4000;XIREC;1254.0;15
285300;;SUBMISSION;VEV_4000;XIREC;1251.0;28
285300;;SUBMISSION;VEV_5100;XIREC;177.0;12
285300;;SUBMISSION;VEV_5100;XIREC;176.0;14
285400;;SUBMISSION;VELVETFRUIT_EXTRACT;XIREC;5262.0;24
285400;;SUBMISSION;VELVETFRUIT_EXTRACT;XIREC;5261.0;26
285400;;SUBMISSION;VEV_4000;XIREC;1254.0;8
285400;;SUBMISSION;VEV_4000;XIREC;1251.0;26
285400;;SUBMISSION;VEV_5100;XIREC;177.0;11
285400;;SUBMISSION;VEV_5100;XIREC;176.0;13
285400;;;HYDROGEL_PACK;XIREC;9965.0;5
285500;;SUBMISSION;VELVETFRUIT_EXTRACT;XIREC;5263.0;3
285500;;SUBMISSION;VEV_4000;XIREC;1254.0;11
285500;;SUBMISSION;VEV_4000;XIREC;1252.0;27
285500;;SUBMISSION;VEV_4500;XIREC;757.0;7
285500;;SUBMISSION;VEV_4500;XIREC;755.0;19
285500;;SUBMISSION;VEV_5000;XIREC;266.0;7
285500;;SUBMISSION;VEV_5000;XIREC;265.0;19
285500;;SUBMISSION;VEV_5100;XIREC;178.0;7
285500;;SUBMISSION;VEV_5100;XIREC;177.0;19
285600;;SUBMISSION;VEV_5100;XIREC;177.0;8
285600;;SUBMISSION;VEV_5100;XIREC;176.0;19
285700;;SUBMISSION;VEV_4000;XIREC;1254.0;9
285700;;SUBMISSION;VEV_4000;XIREC;1251.0;22
285700;;SUBMISSION;VEV_5100;XIREC;177.0;9
285700;;SUBMISSION;VEV_5100;XIREC;176.0;22
285800;;SUBMISSION;VEV_5100;XIREC;176.0;25
285900;;SUBMISSION;VEV_4000;XIREC;1254.0;10
285900;;SUBMISSION;VEV_4000;XIREC;1251.0;21
285900;;SUBMISSION;VEV_4500;XIREC;756.0;8
285900;;SUBMISSION;VEV_4500;XIREC;754.0;15
285900;;SUBMISSION;VEV_5000;XIREC;265.0;23
285900;;SUBMISSION;VEV_5100;XIREC;177.0;23
286000;;SUBMISSION;VEV_4000;XIREC;1262.0;5
286000;;SUBMISSION;VEV_4000;XIREC;1252.0;10
286000;;SUBMISSION;VEV_4000;XIREC;1249.0;15
286000;;SUBMISSION;VEV_4500;XIREC;762.0;5
286000;;SUBMISSION;VEV_4500;XIREC;754.0;6
286000;;SUBMISSION;VEV_4500;XIREC;753.0;18
286000;;SUBMISSION;VEV_5100;XIREC;177.0;5
286000;;SUBMISSION;VEV_5100;XIREC;175.0;24
286100;;SUBMISSION;VEV_5100;XIREC;176.0;10
286300;;;VELVETFRUIT_EXTRACT;XIREC;5266.0;6
286500;;SUBMISSION;VEV_4000;XIREC;1255.0;8
286500;;SUBMISSION;VEV_4000;XIREC;1253.0;18
286500;;SUBMISSION;VEV_4500;XIREC;758.0;7
286500;;SUBMISSION;VEV_4500;XIREC;756.0;12
286500;;SUBMISSION;VEV_5000;XIREC;267.0;7
286500;;SUBMISSION;VEV_5000;XIREC;266.0;12
286600;;SUBMISSION;VEV_4000;XIREC;1256.0;14
286600;;SUBMISSION;VEV_4000;XIREC;1253.0;1
286600;;SUBMISSION;VEV_4500;XIREC;758.0;9
286600;;SUBMISSION;VEV_4500;XIREC;756.0;17
286600;;SUBMISSION;VEV_5000;XIREC;267.0;9
286600;;SUBMISSION;VEV_5000;XIREC;266.0;17
286600;;;VEV_4000;XIREC;1277.0;2
286700;;SUBMISSION;VEV_4500;XIREC;759.0;10
286700;;SUBMISSION;VEV_4500;XIREC;757.0;24
286700;;SUBMISSION;VEV_5000;XIREC;268.0;10
286700;;SUBMISSION;VEV_5000;XIREC;267.0;24
286800;;SUBMISSION;VEV_4500;XIREC;758.0;10
286800;;SUBMISSION;VEV_4500;XIREC;756.0;16
286800;;SUBMISSION;VEV_5000;XIREC;266.0;26
286900;;SUBMISSION;VEV_4500;XIREC;759.0;11
286900;;SUBMISSION;VEV_4500;XIREC;757.0;20
286900;;SUBMISSION;VEV_5000;XIREC;268.0;11
286900;;SUBMISSION;VEV_5000;XIREC;267.0;20
287000;;SUBMISSION;VEV_4500;XIREC;758.0;7
287000;;SUBMISSION;VEV_4500;XIREC;756.0;21
287000;;SUBMISSION;VEV_5000;XIREC;267.0;7
287000;;SUBMISSION;VEV_5000;XIREC;266.0;21
287100;;SUBMISSION;VEV_4500;XIREC;759.0;6
287100;;SUBMISSION;VEV_4500;XIREC;757.0;1
287100;;SUBMISSION;VEV_5000;XIREC;268.0;6
287100;;SUBMISSION;VEV_5000;XIREC;267.0;15
287200;;SUBMISSION;VEV_5000;XIREC;267.0;9
287200;;SUBMISSION;VEV_5000;XIREC;266.0;6
287800;SUBMISSION;;HYDROGEL_PACK;XIREC;9968.0;13
287800;SUBMISSION;;HYDROGEL_PACK;XIREC;9970.0;23
288100;SUBMISSION;;HYDROGEL_PACK;XIREC;9969.0;10
288100;SUBMISSION;;HYDROGEL_PACK;XIREC;9971.0;24
288200;SUBMISSION;;HYDROGEL_PACK;XIREC;9966.0;6
288800;;;VEV_4000;XIREC;1278.0;1
289100;;;VELVETFRUIT_EXTRACT;XIREC;5271.0;5
289200;;;VELVETFRUIT_EXTRACT;XIREC;5266.0;11
290900;;;HYDROGEL_PACK;XIREC;9965.0;3
291400;;;VELVETFRUIT_EXTRACT;XIREC;5274.0;5
291800;;;VELVETFRUIT_EXTRACT;XIREC;5270.0;5
292400;;;VELVETFRUIT_EXTRACT;XIREC;5275.0;8
292800;;;HYDROGEL_PACK;XIREC;9951.0;6
295000;;;HYDROGEL_PACK;XIREC;9959.0;5
296900;;;VELVETFRUIT_EXTRACT;XIREC;5270.0;5
297100;;;HYDROGEL_PACK;XIREC;9958.0;3
297400;;;VELVETFRUIT_EXTRACT;XIREC;5275.0;4
297500;;;VEV_4000;XIREC;1262.0;1
301100;;;HYDROGEL_PACK;XIREC;9966.0;3
301300;;;HYDROGEL_PACK;XIREC;9967.0;2
302400;;;HYDROGEL_PACK;XIREC;9936.0;6
304000;;;VEV_5400;XIREC;19.0;3
304000;;;VEV_5500;XIREC;8.0;3
304000;;;VEV_6000;XIREC;0.0;3
304000;;;VEV_6500;XIREC;0.0;3
304200;;;HYDROGEL_PACK;XIREC;9944.0;2
306500;;;HYDROGEL_PACK;XIREC;9967.0;5
307100;;;VEV_4000;XIREC;1279.0;1
307500;;;VELVETFRUIT_EXTRACT;XIREC;5275.0;8
308000;;;HYDROGEL_PACK;XIREC;9943.0;3
308100;;;HYDROGEL_PACK;XIREC;9945.0;4
308100;;;VELVETFRUIT_EXTRACT;XIREC;5271.0;6
309500;;;VELVETFRUIT_EXTRACT;XIREC;5268.0;4
310100;;;VEV_5400;XIREC;20.0;5
310100;;;VEV_5500;XIREC;8.0;5
310100;;;VEV_6000;XIREC;0.0;5
310100;;;VEV_6500;XIREC;0.0;5
310500;;;VELVETFRUIT_EXTRACT;XIREC;5266.0;11
310600;;;VELVETFRUIT_EXTRACT;XIREC;5264.0;3
313000;;;VELVETFRUIT_EXTRACT;XIREC;5267.0;5
314500;;;VELVETFRUIT_EXTRACT;XIREC;5251.0;4
314700;SUBMISSION;;VEV_4000;XIREC;1262.0;11
314700;SUBMISSION;;VEV_4000;XIREC;1264.0;27
314700;SUBMISSION;;VEV_4500;XIREC;759.0;12
314700;SUBMISSION;;VEV_4500;XIREC;761.0;22
314700;SUBMISSION;;VEV_5000;XIREC;259.0;12
314700;SUBMISSION;;VEV_5000;XIREC;260.0;22
314800;SUBMISSION;;VELVETFRUIT_EXTRACT;XIREC;5253.0;50
314800;SUBMISSION;;VEV_4000;XIREC;1260.0;15
314800;SUBMISSION;;VEV_4000;XIREC;1263.0;17
314800;SUBMISSION;;VEV_4500;XIREC;758.0;6
314800;SUBMISSION;;VEV_4500;XIREC;760.0;20
314800;SUBMISSION;;VEV_5000;XIREC;258.0;26
314800;SUBMISSION;;VEV_5100;XIREC;170.0;26
314900;SUBMISSION;;VELVETFRUIT_EXTRACT;XIREC;5254.0;18
314900;SUBMISSION;;VELVETFRUIT_EXTRACT;XIREC;5255.0;32
314900;SUBMISSION;;VEV_4000;XIREC;1262.0;14
314900;SUBMISSION;;VEV_4000;XIREC;1265.0;25
314900;SUBMISSION;;VEV_4500;XIREC;760.0;9
314900;SUBMISSION;;VEV_4500;XIREC;761.0;20
314900;SUBMISSION;;VEV_5000;XIREC;259.0;9
314900;SUBMISSION;;VEV_5000;XIREC;260.0;20
315000;SUBMISSION;;VELVETFRUIT_EXTRACT;XIREC;5253.0;24
315000;SUBMISSION;;VELVETFRUIT_EXTRACT;XIREC;5254.0;26
315000;SUBMISSION;;VEV_4000;XIREC;1261.0;7
315000;SUBMISSION;;VEV_4000;XIREC;1264.0;26
315000;SUBMISSION;;VEV_4500;XIREC;759.0;10
315000;SUBMISSION;;VEV_4500;XIREC;761.0;15
315000;SUBMISSION;;VEV_5000;XIREC;259.0;25
315100;SUBMISSION;;VELVETFRUIT_EXTRACT;XIREC;5253.0;50
315100;SUBMISSION;;VEV_4000;XIREC;1260.0;13
315100;SUBMISSION;;VEV_4000;XIREC;1263.0;30
315100;SUBMISSION;;VEV_4500;XIREC;758.0;7
315100;SUBMISSION;;VEV_4500;XIREC;760.0;19
315100;SUBMISSION;;VEV_5000;XIREC;258.0;26
315100;SUBMISSION;;VEV_5100;XIREC;170.0;26
315200;SUBMISSION;;VEV_4000;XIREC;1259.0;9
315200;SUBMISSION;;VEV_4000;XIREC;1262.0;24
315200;SUBMISSION;;VEV_4500;XIREC;757.0;12
315200;SUBMISSION;;VEV_4500;XIREC;759.0;23
315200;SUBMISSION;;VEV_5000;XIREC;257.0;35
315200;SUBMISSION;;VEV_5100;XIREC;168.0;12
315200;SUBMISSION;;VEV_5100;XIREC;169.0;23
315300;SUBMISSION;;VEV_4000;XIREC;1260.0;8
315300;SUBMISSION;;VEV_4000;XIREC;1262.0;23
315300;SUBMISSION;;VEV_4500;XIREC;757.0;11
315300;SUBMISSION;;VEV_4500;XIREC;759.0;18
315300;SUBMISSION;;VEV_5000;XIREC;257.0;11
315300;SUBMISSION;;VEV_5000;XIREC;258.0;18
315300;SUBMISSION;;VEV_5100;XIREC;169.0;29
315400;SUBMISSION;;VEV_4000;XIREC;1260.0;13
315400;SUBMISSION;;VEV_4000;XIREC;1263.0;26
315400;SUBMISSION;;VEV_4500;XIREC;758.0;8
315400;SUBMISSION;;VEV_4500;XIREC;760.0;24
315400;SUBMISSION;;VEV_5000;XIREC;258.0;32
315400;SUBMISSION;;VEV_5100;XIREC;169.0;8
315400;SUBMISSION;;VEV_5100;XIREC;170.0;24
315500;SUBMISSION;;VEV_4000;XIREC;1262.0;12
315500;SUBMISSION;;VEV_4500;XIREC;759.0;8
315500;SUBMISSION;;VEV_4500;XIREC;761.0;21
315500;SUBMISSION;;VEV_5000;XIREC;259.0;8
315500;SUBMISSION;;VEV_5000;XIREC;260.0;21
315600;SUBMISSION;;VEV_4500;XIREC;758.0;7
315600;SUBMISSION;;VEV_4500;XIREC;760.0;20
315600;SUBMISSION;;VEV_5000;XIREC;258.0;27
315600;SUBMISSION;;VEV_5100;XIREC;170.0;27
315700;SUBMISSION;;VEV_4500;XIREC;757.0;8
315700;SUBMISSION;;VEV_5000;XIREC;257.0;8
315700;SUBMISSION;;VEV_5100;XIREC;169.0;8
315700;SUBMISSION;;VEV_5100;XIREC;170.0;15
315800;SUBMISSION;;VEV_5100;XIREC;169.0;6
315800;SUBMISSION;;VEV_5100;XIREC;170.0;22
315900;SUBMISSION;;VEV_5100;XIREC;168.0;29
316000;SUBMISSION;;VEV_5100;XIREC;168.0;31
316100;SUBMISSION;;VEV_5100;XIREC;167.0;9
316100;SUBMISSION;;VEV_5100;XIREC;168.0;5
316100;SUBMISSION;;VEV_5500;XIREC;7.0;8
316100;SUBMISSION;;VEV_5500;XIREC;8.0;17
316200;SUBMISSION;;VEV_5500;XIREC;7.0;26
316200;;;HYDROGEL_PACK;XIREC;9939.0;5
316500;SUBMISSION;;VEV_5500;XIREC;7.0;9
316500;SUBMISSION;;VEV_5500;XIREC;8.0;17
316600;SUBMISSION;;VEV_5500;XIREC;7.0;23
316700;SUBMISSION;;VEV_5200;XIREC;96.0;27
316700;SUBMISSION;;VEV_5500;XIREC;7.0;28
316800;SUBMISSION;;VEV_5200;XIREC;96.0;11
316800;SUBMISSION;;VEV_5200;XIREC;97.0;23
316800;SUBMISSION;;VEV_5500;XIREC;7.0;23
316900;SUBMISSION;;VEV_5200;XIREC;96.0;9
316900;SUBMISSION;;VEV_5200;XIREC;97.0;13
316900;SUBMISSION;;VEV_5500;XIREC;7.0;21
317000;SUBMISSION;;VEV_5200;XIREC;96.0;7
317000;SUBMISSION;;VEV_5200;XIREC;97.0;22
317000;SUBMISSION;;VEV_5500;XIREC;7.0;24
317100;SUBMISSION;;VEV_5200;XIREC;96.0;26
317100;SUBMISSION;;VEV_5500;XIREC;7.0;19
317100;;;HYDROGEL_PACK;XIREC;9929.0;4
317200;SUBMISSION;;VEV_5500;XIREC;7.0;25
317300;SUBMISSION;;VEV_5200;XIREC;96.0;24
317300;SUBMISSION;;VEV_5500;XIREC;7.0;17
317400;SUBMISSION;;VEV_5500;XIREC;7.0;19
317500;SUBMISSION;;VEV_5500;XIREC;7.0;22
317700;SUBMISSION;;VEV_5500;XIREC;7.0;2
318000;SUBMISSION;;VEV_5200;XIREC;96.0;8
318000;SUBMISSION;;VEV_5200;XIREC;97.0;17
318300;;;HYDROGEL_PACK;XIREC;9950.0;4
318900;;;VELVETFRUIT_EXTRACT;XIREC;5250.0;4
319300;SUBMISSION;;VEV_5200;XIREC;96.0;6
319300;SUBMISSION;;VEV_5200;XIREC;97.0;23
319600;SUBMISSION;;VEV_5200;XIREC;96.0;24
319700;SUBMISSION;;VEV_5200;XIREC;95.0;34
319800;SUBMISSION;;VEV_5200;XIREC;95.0;12
319800;SUBMISSION;;VEV_5200;XIREC;96.0;13
319900;SUBMISSION;;VEV_5200;XIREC;95.0;1
320000;SUBMISSION;;VEV_5300;XIREC;46.0;21
320100;SUBMISSION;;VEV_5300;XIREC;47.0;21
320200;SUBMISSION;;VEV_5300;XIREC;46.0;10
320200;SUBMISSION;;VEV_5300;XIREC;47.0;17
320300;SUBMISSION;;VEV_5300;XIREC;47.0;24
321900;;;VELVETFRUIT_EXTRACT;XIREC;5253.0;7
322000;;;VEV_5400;XIREC;16.0;2
322000;;;VEV_5500;XIREC;7.0;2
322000;;;VEV_6000;XIREC;0.0;2
322000;;;VEV_6500;XIREC;0.0;2
322600;;;VEV_5200;XIREC;98.0;4
322600;;;VEV_5500;XIREC;7.0;4
322600;;;VEV_6000;XIREC;0.0;4
322600;;;VEV_6500;XIREC;0.0;4
323300;;;HYDROGEL_PACK;XIREC;9956.0;5
323300;;;VEV_4000;XIREC;1262.0;3
324100;;;VELVETFRUIT_EXTRACT;XIREC;5254.0;7
324600;;;HYDROGEL_PACK;XIREC;9946.0;6
325300;;;VEV_4000;XIREC;1237.0;2
326300;;;VEV_4000;XIREC;1261.0;1
327600;;;HYDROGEL_PACK;XIREC;9928.0;5
327700;;;HYDROGEL_PACK;XIREC;9946.0;6
328000;;;VEV_4000;XIREC;1243.0;1
328400;;;VEV_4000;XIREC;1240.0;1
328500;;;VELVETFRUIT_EXTRACT;XIREC;5249.0;4
331300;SUBMISSION;;VEV_5300;XIREC;46.0;6
331300;SUBMISSION;;VEV_5300;XIREC;47.0;17
331300;SUBMISSION;;VEV_5400;XIREC;16.0;23
331400;SUBMISSION;;VEV_5300;XIREC;46.0;23
331400;SUBMISSION;;VEV_5400;XIREC;16.0;23
331400;;;VEV_4000;XIREC;1232.0;1
331500;SUBMISSION;;VEV_5300;XIREC;46.0;20
331500;SUBMISSION;;VEV_5400;XIREC;16.0;20
331600;SUBMISSION;;VEV_5300;XIREC;46.0;19
331600;SUBMISSION;;VEV_5400;XIREC;15.0;19
331700;SUBMISSION;;VEV_5300;XIREC;46.0;24
331700;SUBMISSION;;VEV_5400;XIREC;15.0;7
331700;SUBMISSION;;VEV_5400;XIREC;16.0;17
331800;SUBMISSION;;VEV_5300;XIREC;46.0;22
331800;SUBMISSION;;VEV_5400;XIREC;15.0;8
331800;SUBMISSION;;VEV_5400;XIREC;16.0;14
331900;SUBMISSION;;VEV_5300;XIREC;46.0;21
331900;SUBMISSION;;VEV_5400;XIREC;16.0;21
332000;SUBMISSION;;VEV_5300;XIREC;46.0;19
332000;SUBMISSION;;VEV_5400;XIREC;16.0;19
332100;SUBMISSION;;VEV_5300;XIREC;46.0;17
332100;SUBMISSION;;VEV_5400;XIREC;16.0;17
332200;SUBMISSION;;VEV_5300;XIREC;46.0;19
332200;SUBMISSION;;VEV_5400;XIREC;15.0;10
332200;SUBMISSION;;VEV_5400;XIREC;16.0;18
332300;SUBMISSION;;VEV_5400;XIREC;15.0;8
332300;SUBMISSION;;VEV_5400;XIREC;16.0;12
332400;SUBMISSION;;VEV_5400;XIREC;15.0;29
332500;SUBMISSION;;VEV_5400;XIREC;15.0;20
332600;SUBMISSION;;VEV_5400;XIREC;15.0;15
333100;;;VELVETFRUIT_EXTRACT;XIREC;5236.0;4
334900;;;VEV_4000;XIREC;1237.0;1
335300;;;HYDROGEL_PACK;XIREC;9943.0;5
335300;;;VELVETFRUIT_EXTRACT;XIREC;5245.0;3
335500;;;HYDROGEL_PACK;XIREC;9961.0;4
338100;;;HYDROGEL_PACK;XIREC;9931.0;3
339500;;;HYDROGEL_PACK;XIREC;9932.0;3
340100;;;VEV_4000;XIREC;1260.0;2
340500;;;VELVETFRUIT_EXTRACT;XIREC;5249.0;9
342000;;;VELVETFRUIT_EXTRACT;XIREC;5249.0;6
342400;;;HYDROGEL_PACK;XIREC;9944.0;5
343100;;;HYDROGEL_PACK;XIREC;9966.0;2
343400;;;VELVETFRUIT_EXTRACT;XIREC;5251.0;13
344000;;;HYDROGEL_PACK;XIREC;9953.0;5
344200;;;VELVETFRUIT_EXTRACT;XIREC;5253.0;4
345700;;;HYDROGEL_PACK;XIREC;9957.0;6
345700;;;VELVETFRUIT_EXTRACT;XIREC;5245.0;7
345900;;;HYDROGEL_PACK;XIREC;9958.0;3
348500;;;HYDROGEL_PACK;XIREC;9964.0;5
350300;;;VEV_5400;XIREC;15.0;4
350300;;;VEV_5500;XIREC;6.0;4
350300;;;VEV_6000;XIREC;0.0;4
350300;;;VEV_6500;XIREC;0.0;4
350900;;;VEV_4000;XIREC;1256.0;3
351000;;;HYDROGEL_PACK;XIREC;9973.0;3
356800;;;VEV_4000;XIREC;1234.0;2
357100;;;HYDROGEL_PACK;XIREC;9963.0;6
358100;;;VELVETFRUIT_EXTRACT;XIREC;5245.0;6
358300;;;VEV_4000;XIREC;1237.0;3
358500;;;HYDROGEL_PACK;XIREC;9960.0;6
360600;;;HYDROGEL_PACK;XIREC;9951.0;2
362700;;;HYDROGEL_PACK;XIREC;9961.0;3
363100;;;HYDROGEL_PACK;XIREC;9983.0;4
364800;;;HYDROGEL_PACK;XIREC;9978.0;5
364900;;;VELVETFRUIT_EXTRACT;XIREC;5251.0;7
365000;;;VEV_4000;XIREC;1242.0;2
365600;;;VELVETFRUIT_EXTRACT;XIREC;5250.0;8
367900;;;VELVETFRUIT_EXTRACT;XIREC;5248.0;5
368500;;;HYDROGEL_PACK;XIREC;9983.0;6
371400;;;HYDROGEL_PACK;XIREC;9953.0;2
373400;;;HYDROGEL_PACK;XIREC;9970.0;3
373700;;;HYDROGEL_PACK;XIREC;9954.0;5
374100;;;VELVETFRUIT_EXTRACT;XIREC;5253.0;6
374400;;;VELVETFRUIT_EXTRACT;XIREC;5253.0;4
374800;;;VEV_4000;XIREC;1242.0;3
375100;;;HYDROGEL_PACK;XIREC;9947.0;2
376300;;;VEV_4000;XIREC;1236.0;2
376600;;;VEV_5300;XIREC;46.0;5
376600;;;VEV_5400;XIREC;15.0;5
376600;;;VEV_5500;XIREC;6.0;5
376600;;;VEV_6000;XIREC;0.0;5
376600;;;VEV_6500;XIREC;0.0;5
377900;;;VEV_5300;XIREC;47.0;2
377900;;;VEV_5500;XIREC;6.0;2
377900;;;VEV_6000;XIREC;0.0;2
377900;;;VEV_6500;XIREC;0.0;2
380100;;;HYDROGEL_PACK;XIREC;9957.0;6
380700;;;HYDROGEL_PACK;XIREC;9948.0;4
380900;;;VELVETFRUIT_EXTRACT;XIREC;5250.0;8
381700;;;VELVETFRUIT_EXTRACT;XIREC;5255.0;8
383300;;;HYDROGEL_PACK;XIREC;9945.0;5
383600;;;HYDROGEL_PACK;XIREC;9948.0;4
383700;;;VELVETFRUIT_EXTRACT;XIREC;5246.0;7
384200;;;VEV_4000;XIREC;1239.0;1
384500;;;VEV_4000;XIREC;1238.0;3
385800;;;HYDROGEL_PACK;XIREC;9943.0;6
385900;;;VELVETFRUIT_EXTRACT;XIREC;5245.0;3
386000;;;VELVETFRUIT_EXTRACT;XIREC;5244.0;8
386800;;;VEV_4000;XIREC;1257.0;2
390100;;;VELVETFRUIT_EXTRACT;XIREC;5244.0;10
390800;;;VEV_4000;XIREC;1233.0;3
392300;;;VELVETFRUIT_EXTRACT;XIREC;5242.0;5
393000;;;VELVETFRUIT_EXTRACT;XIREC;5242.0;4
393900;;;VELVETFRUIT_EXTRACT;XIREC;5241.0;6
394700;;;VELVETFRUIT_EXTRACT;XIREC;5237.0;8
394800;;;HYDROGEL_PACK;XIREC;9941.0;5
396000;;;VELVETFRUIT_EXTRACT;XIREC;5246.0;8
396200;;;VELVETFRUIT_EXTRACT;XIREC;5240.0;7
396300;;;HYDROGEL_PACK;XIREC;9956.0;4
397800;;;HYDROGEL_PACK;XIREC;9950.0;4
398400;;;VELVETFRUIT_EXTRACT;XIREC;5235.0;6
399700;;;VEV_5400;XIREC;14.0;5
399700;;;VEV_5500;XIREC;6.0;5
399700;;;VEV_6000;XIREC;0.0;5
399700;;;VEV_6500;XIREC;0.0;5
399900;;;VEV_4000;XIREC;1231.0;1
400100;;;VELVETFRUIT_EXTRACT;XIREC;5240.0;8
401900;;;VELVETFRUIT_EXTRACT;XIREC;5242.0;8
402400;;;VELVETFRUIT_EXTRACT;XIREC;5240.0;6
403500;;;VELVETFRUIT_EXTRACT;XIREC;5239.0;8
403600;;;HYDROGEL_PACK;XIREC;9922.0;6
404200;;;VELVETFRUIT_EXTRACT;XIREC;5247.0;4
406400;;;VELVETFRUIT_EXTRACT;XIREC;5246.0;5
409300;;;HYDROGEL_PACK;XIREC;9929.0;6
410400;;;VEV_5400;XIREC;13.0;3
410400;;;VEV_5500;XIREC;5.0;3
410400;;;VEV_6000;XIREC;0.0;3
410400;;;VEV_6500;XIREC;0.0;3
410600;;;VELVETFRUIT_EXTRACT;XIREC;5239.0;6
411000;;;HYDROGEL_PACK;XIREC;9951.0;4
411200;;;VELVETFRUIT_EXTRACT;XIREC;5236.0;7
411300;;;VELVETFRUIT_EXTRACT;XIREC;5236.0;7
411400;;;HYDROGEL_PACK;XIREC;9952.0;3
412300;;;HYDROGEL_PACK;XIREC;9953.0;2
414000;;;HYDROGEL_PACK;XIREC;9962.0;2
414400;;;HYDROGEL_PACK;XIREC;9945.0;3
414800;;;HYDROGEL_PACK;XIREC;9940.0;3
415700;;;VELVETFRUIT_EXTRACT;XIREC;5234.0;3
419700;;;VEV_4000;XIREC;1241.0;1
419800;SUBMISSION;;VELVETFRUIT_EXTRACT;XIREC;5231.0;48
419800;SUBMISSION;;VEV_4000;XIREC;1238.0;11
419800;SUBMISSION;;VEV_4000;XIREC;1241.0;18
419800;SUBMISSION;;VEV_4500;XIREC;736.0;7
419800;SUBMISSION;;VEV_4500;XIREC;738.0;19
419800;SUBMISSION;;VEV_5000;XIREC;237.0;26
419900;SUBMISSION;;VELVETFRUIT_EXTRACT;XIREC;5231.0;50
419900;SUBMISSION;;VEV_4000;XIREC;1239.0;12
419900;SUBMISSION;;VEV_4000;XIREC;1241.0;19
419900;SUBMISSION;;VEV_4500;XIREC;736.0;12
419900;SUBMISSION;;VEV_4500;XIREC;738.0;24
419900;SUBMISSION;;VEV_5000;XIREC;237.0;12
419900;SUBMISSION;;VEV_5000;XIREC;238.0;24
419900;;;VELVETFRUIT_EXTRACT;XIREC;5231.0;6
420000;SUBMISSION;;VELVETFRUIT_EXTRACT;XIREC;5231.0;50
420000;SUBMISSION;;VEV_4000;XIREC;1238.0;10
420000;SUBMISSION;;VEV_4000;XIREC;1241.0;25
420000;SUBMISSION;;VEV_4500;XIREC;736.0;12
420000;SUBMISSION;;VEV_4500;XIREC;738.0;18
420000;SUBMISSION;;VEV_5000;XIREC;237.0;30
420100;SUBMISSION;;VELVETFRUIT_EXTRACT;XIREC;5229.0;19
420100;SUBMISSION;;VELVETFRUIT_EXTRACT;XIREC;5230.0;31
420100;SUBMISSION;;VEV_4000;XIREC;1237.0;13
420100;SUBMISSION;;VEV_4000;XIREC;1239.0;27
420100;SUBMISSION;;VEV_4500;XIREC;734.0;11
420100;SUBMISSION;;VEV_4500;XIREC;736.0;12
420100;SUBMISSION;;VEV_5000;XIREC;235.0;11
420100;SUBMISSION;;VEV_5000;XIREC;236.0;12
420100;SUBMISSION;;VEV_5100;XIREC;149.0;11
420100;SUBMISSION;;VEV_5100;XIREC;150.0;12
420200;SUBMISSION;;VELVETFRUIT_EXTRACT;XIREC;5230.0;2
420200;SUBMISSION;;VEV_4000;XIREC;1238.0;11
420200;SUBMISSION;;VEV_4000;XIREC;1240.0;29
420200;SUBMISSION;;VEV_4500;XIREC;735.0;9
420200;SUBMISSION;;VEV_4500;XIREC;737.0;17
420200;SUBMISSION;;VEV_5000;XIREC;236.0;9
420200;SUBMISSION;;VEV_5000;XIREC;237.0;17
420300;SUBMISSION;;VEV_4000;XIREC;1238.0;10
420300;SUBMISSION;;VEV_4000;XIREC;1240.0;30
420300;SUBMISSION;;VEV_4500;XIREC;735.0;6
420300;SUBMISSION;;VEV_4500;XIREC;737.0;22
420300;SUBMISSION;;VEV_5000;XIREC;236.0;28
420400;SUBMISSION;;VEV_4000;XIREC;1237.0;13
420400;SUBMISSION;;VEV_4000;XIREC;1240.0;16
420400;SUBMISSION;;VEV_4500;XIREC;735.0;10
420400;SUBMISSION;;VEV_4500;XIREC;737.0;22
420400;SUBMISSION;;VEV_5000;XIREC;236.0;32
420500;SUBMISSION;;VEV_4000;XIREC;1237.0;15
420500;SUBMISSION;;VEV_4000;XIREC;1240.0;30
420500;SUBMISSION;;VEV_4500;XIREC;735.0;7
420500;SUBMISSION;;VEV_4500;XIREC;736.0;22
420500;SUBMISSION;;VEV_5000;XIREC;236.0;29
420500;SUBMISSION;;VEV_5100;XIREC;149.0;7
420500;SUBMISSION;;VEV_5100;XIREC;150.0;22
420600;SUBMISSION;;VEV_4000;XIREC;1236.0;11
420600;SUBMISSION;;VEV_4500;XIREC;734.0;6
420600;SUBMISSION;;VEV_4500;XIREC;735.0;21
420600;SUBMISSION;;VEV_5000;XIREC;235.0;27
420600;SUBMISSION;;VEV_5100;XIREC;149.0;27
420700;SUBMISSION;;VEV_4500;XIREC;734.0;6
420700;SUBMISSION;;VEV_4500;XIREC;735.0;12
420700;SUBMISSION;;VEV_5000;XIREC;235.0;18
420700;SUBMISSION;;VEV_5100;XIREC;149.0;18
420800;SUBMISSION;;VEV_4500;XIREC;734.0;8
420800;SUBMISSION;;VEV_4500;XIREC;736.0;17
420800;SUBMISSION;;VEV_5000;XIREC;235.0;25
420800;SUBMISSION;;VEV_5100;XIREC;149.0;28
420900;SUBMISSION;;VEV_5100;XIREC;149.0;7
420900;SUBMISSION;;VEV_5100;XIREC;150.0;24
421500;;;HYDROGEL_PACK;XIREC;9946.0;3
424500;;;VELVETFRUIT_EXTRACT;XIREC;5235.0;7
425400;;;VEV_4000;XIREC;1246.0;1
426800;;;VELVETFRUIT_EXTRACT;XIREC;5232.0;8
427000;;;HYDROGEL_PACK;XIREC;9950.0;2
427600;;;VELVETFRUIT_EXTRACT;XIREC;5237.0;8
428000;;;VEV_5400;XIREC;13.0;2
428000;;;VEV_5500;XIREC;5.0;2
428000;;;VEV_6000;XIREC;0.0;2
428000;;;VEV_6500;XIREC;0.0;2
430200;;;VELVETFRUIT_EXTRACT;XIREC;5230.0;3
430300;SUBMISSION;;VEV_5100;XIREC;149.0;6
430300;SUBMISSION;;VEV_5100;XIREC;150.0;22
431000;;;VELVETFRUIT_EXTRACT;XIREC;5233.0;5
431700;;;VELVETFRUIT_EXTRACT;XIREC;5233.0;4
432100;;;VELVETFRUIT_EXTRACT;XIREC;5234.0;3
435300;;;VELVETFRUIT_EXTRACT;XIREC;5225.0;8
436200;;;HYDROGEL_PACK;XIREC;9935.0;5
437100;;;VEV_4000;XIREC;1233.0;1
437100;;;VEV_4500;XIREC;733.0;1
437100;;;VEV_5000;XIREC;238.0;1
437100;;;VEV_5100;XIREC;152.0;1
437100;;;VEV_5200;XIREC;87.0;1
437100;;;VEV_5300;XIREC;41.0;1
437100;;;VEV_5400;XIREC;13.0;4
437100;;;VEV_5500;XIREC;5.0;4
437100;;;VEV_6000;XIREC;0.0;4
437100;;;VEV_6500;XIREC;0.0;4
438000;;;VELVETFRUIT_EXTRACT;XIREC;5230.0;7
440300;;;HYDROGEL_PACK;XIREC;9922.0;2
441300;;;HYDROGEL_PACK;XIREC;9902.0;2
443600;;;HYDROGEL_PACK;XIREC;9908.0;2
444000;;;VEV_4000;XIREC;1230.0;3
444200;;SUBMISSION;VEV_5100;XIREC;156.0;25
444300;;SUBMISSION;VEV_5100;XIREC;156.0;26
444300;;;VELVETFRUIT_EXTRACT;XIREC;5238.0;7
444400;;SUBMISSION;VELVETFRUIT_EXTRACT;XIREC;5239.0;50
444400;;SUBMISSION;VEV_4000;XIREC;1232.0;13
444400;;SUBMISSION;VEV_4000;XIREC;1229.0;19
444400;;SUBMISSION;VEV_4500;XIREC;734.0;12
444400;;SUBMISSION;VEV_4500;XIREC;732.0;13
444400;;SUBMISSION;VEV_5100;XIREC;157.0;25
444500;;SUBMISSION;VEV_5100;XIREC;157.0;7
444500;;SUBMISSION;VEV_5100;XIREC;156.0;21
444700;;SUBMISSION;VEV_5100;XIREC;157.0;8
444700;;SUBMISSION;VEV_5100;XIREC;156.0;23
444800;;SUBMISSION;VEV_5100;XIREC;157.0;26
444900;;SUBMISSION;VEV_5100;XIREC;157.0;9
444900;;SUBMISSION;VEV_5100;XIREC;156.0;12
445000;;SUBMISSION;VELVETFRUIT_EXTRACT;XIREC;5240.0;22
445000;;SUBMISSION;VELVETFRUIT_EXTRACT;XIREC;5239.0;28
445000;;SUBMISSION;VEV_4000;XIREC;1232.0;13
445000;;SUBMISSION;VEV_4000;XIREC;1230.0;26
445000;;SUBMISSION;VEV_4500;XIREC;735.0;10
445000;;SUBMISSION;VEV_4500;XIREC;733.0;14
445000;;SUBMISSION;VEV_5100;XIREC;158.0;2
445100;;SUBMISSION;VELVETFRUIT_EXTRACT;XIREC;5240.0;50
445100;;SUBMISSION;VEV_4000;XIREC;1233.0;9
445100;;SUBMISSION;VEV_4000;XIREC;1230.0;22
445100;;SUBMISSION;VEV_4500;XIREC;735.0;12
445100;;SUBMISSION;VEV_4500;XIREC;733.0;21
445100;;SUBMISSION;VEV_5000;XIREC;245.0;12
445100;;SUBMISSION;VEV_5000;XIREC;244.0;21
445200;;SUBMISSION;VELVETFRUIT_EXTRACT;XIREC;5242.0;21
445200;;SUBMISSION;VELVETFRUIT_EXTRACT;XIREC;5241.0;29
445200;;SUBMISSION;VEV_4000;XIREC;1234.0;7
445200;;SUBMISSION;VEV_4000;XIREC;1231.0;29
445200;;SUBMISSION;VEV_4500;XIREC;736.0;8
445200;;SUBMISSION;VEV_4500;XIREC;735.0;19
445200;;SUBMISSION;VEV_5000;XIREC;246.0;27
445300;;SUBMISSION;VEV_4000;XIREC;1234.0;8
445300;;SUBMISSION;VEV_4000;XIREC;1231.0;30
445300;;SUBMISSION;VEV_4500;XIREC;736.0;11
445300;;SUBMISSION;VEV_4500;XIREC;734.0;19
445300;;SUBMISSION;VEV_5000;XIREC;246.0;11
445300;;SUBMISSION;VEV_5000;XIREC;245.0;19
445400;;SUBMISSION;VEV_4000;XIREC;1233.0;7
445400;;SUBMISSION;VEV_4000;XIREC;1230.0;25
445400;;SUBMISSION;VEV_4500;XIREC;735.0;11
445400;;SUBMISSION;VEV_4500;XIREC;733.0;21
445400;;SUBMISSION;VEV_5000;XIREC;245.0;11
445400;;SUBMISSION;VEV_5000;XIREC;244.0;21
445500;;SUBMISSION;VEV_4000;XIREC;1233.0;8
445500;;SUBMISSION;VEV_4000;XIREC;1231.0;29
445500;;SUBMISSION;VEV_4500;XIREC;736.0;8
445500;;SUBMISSION;VEV_4500;XIREC;734.0;15
445500;;SUBMISSION;VEV_5000;XIREC;246.0;8
445500;;SUBMISSION;VEV_5000;XIREC;245.0;15
445600;;SUBMISSION;VEV_4000;XIREC;1235.0;15
445600;;SUBMISSION;VEV_4000;XIREC;1232.0;26
445600;;SUBMISSION;VEV_4500;XIREC;737.0;8
445600;;SUBMISSION;VEV_4500;XIREC;735.0;18
445600;;SUBMISSION;VEV_5000;XIREC;247.0;8
445600;;SUBMISSION;VEV_5000;XIREC;246.0;18
445700;;SUBMISSION;VEV_4000;XIREC;1233.0;14
445700;;SUBMISSION;VEV_4500;XIREC;736.0;12
445700;;SUBMISSION;VEV_4500;XIREC;734.0;22
445700;;SUBMISSION;VEV_5000;XIREC;245.0;34
445800;;SUBMISSION;VEV_4500;XIREC;737.0;10
445800;;SUBMISSION;VEV_4500;XIREC;735.0;12
445800;;SUBMISSION;VEV_5000;XIREC;247.0;10
445800;;SUBMISSION;VEV_5000;XIREC;246.0;12
445900;;SUBMISSION;VEV_4500;XIREC;738.0;9
445900;;SUBMISSION;VEV_4500;XIREC;737.0;12
445900;;SUBMISSION;VEV_5000;XIREC;248.0;9
445900;;SUBMISSION;VEV_5000;XIREC;247.0;12
445900;;;VELVETFRUIT_EXTRACT;XIREC;5249.0;4
446000;;SUBMISSION;VEV_4500;XIREC;739.0;3
446000;;SUBMISSION;VEV_5000;XIREC;249.0;7
446000;;SUBMISSION;VEV_5000;XIREC;248.0;18
446100;;SUBMISSION;VEV_5000;XIREC;249.0;11
446100;;SUBMISSION;VEV_5000;XIREC;248.0;15
446200;;SUBMISSION;VEV_5000;XIREC;250.0;1
448100;;;VELVETFRUIT_EXTRACT;XIREC;5254.0;3
448700;;;VEV_4000;XIREC;1238.0;3
450000;;;HYDROGEL_PACK;XIREC;9932.0;5
453500;;;VELVETFRUIT_EXTRACT;XIREC;5245.0;8
453600;;;VELVETFRUIT_EXTRACT;XIREC;5252.0;4
454800;;;VELVETFRUIT_EXTRACT;XIREC;5245.0;3
455200;;;VELVETFRUIT_EXTRACT;XIREC;5244.0;6
455400;;;VEV_4000;XIREC;1257.0;1
455700;;;VEV_5400;XIREC;15.0;4
455700;;;VEV_5500;XIREC;6.0;4
455700;;;VEV_6000;XIREC;0.0;4
455700;;;VEV_6500;XIREC;0.0;4
457700;;;HYDROGEL_PACK;XIREC;9914.0;4
458400;;;VELVETFRUIT_EXTRACT;XIREC;5248.0;3
459900;;;VELVETFRUIT_EXTRACT;XIREC;5252.0;8
459900;;;VEV_4000;XIREC;1239.0;2
460400;;;VEV_5300;XIREC;47.0;3
460400;;;VEV_5400;XIREC;16.0;3
460400;;;VEV_5500;XIREC;6.0;3
460400;;;VEV_6000;XIREC;0.0;3
460400;;;VEV_6500;XIREC;0.0;3
460700;;;VELVETFRUIT_EXTRACT;XIREC;5254.0;6
462300;;;VELVETFRUIT_EXTRACT;XIREC;5259.0;8
462500;;;HYDROGEL_PACK;XIREC;9932.0;2
464200;;;VEV_4000;XIREC;1241.0;1
465300;;;VELVETFRUIT_EXTRACT;XIREC;5255.0;8
468000;;;VELVETFRUIT_EXTRACT;XIREC;5247.0;3
469300;;;VELVETFRUIT_EXTRACT;XIREC;5252.0;6
469600;;;VELVETFRUIT_EXTRACT;XIREC;5252.0;7
470400;;;VELVETFRUIT_EXTRACT;XIREC;5257.0;4
472600;;;VELVETFRUIT_EXTRACT;XIREC;5249.0;3
475400;;;VELVETFRUIT_EXTRACT;XIREC;5254.0;7
475500;;;VEV_4000;XIREC;1244.0;1
476200;;;HYDROGEL_PACK;XIREC;9959.0;3
476500;;;VEV_5400;XIREC;17.0;2
476500;;;VEV_5500;XIREC;7.0;2
476500;;;VEV_6000;XIREC;0.0;2
476500;;;VEV_6500;XIREC;0.0;2
477600;;;HYDROGEL_PACK;XIREC;9941.0;5
477900;;;VELVETFRUIT_EXTRACT;XIREC;5258.0;5
478900;;;VELVETFRUIT_EXTRACT;XIREC;5250.0;4
479100;;;HYDROGEL_PACK;XIREC;9973.0;5
480100;;;VELVETFRUIT_EXTRACT;XIREC;5250.0;10
480700;;;VEV_4000;XIREC;1259.0;2
480900;;;VEV_4000;XIREC;1239.0;2
481300;;;VEV_4000;XIREC;1257.0;3
483100;;;VELVETFRUIT_EXTRACT;XIREC;5245.0;8
483200;;;VEV_4000;XIREC;1252.0;3
483800;;;VELVETFRUIT_EXTRACT;XIREC;5238.0;7
485300;;;HYDROGEL_PACK;XIREC;9952.0;3
486400;;;VELVETFRUIT_EXTRACT;XIREC;5239.0;7
489600;;;HYDROGEL_PACK;XIREC;9948.0;4
489700;;;VELVETFRUIT_EXTRACT;XIREC;5237.0;6
489700;;;VEV_5300;XIREC;43.0;4
489700;;;VEV_5400;XIREC;14.0;4
489700;;;VEV_5500;XIREC;5.0;4
489700;;;VEV_6000;XIREC;0.0;4
489700;;;VEV_6500;XIREC;0.0;4
490900;;;VELVETFRUIT_EXTRACT;XIREC;5246.0;5
491100;;;VEV_4000;XIREC;1233.0;3
492100;;;VELVETFRUIT_EXTRACT;XIREC;5241.0;5
493900;;;VELVETFRUIT_EXTRACT;XIREC;5237.0;3
494500;;;HYDROGEL_PACK;XIREC;9975.0;4
494700;;;VEV_4000;XIREC;1228.0;2
495300;;;HYDROGEL_PACK;XIREC;9964.0;5
496200;;;VELVETFRUIT_EXTRACT;XIREC;5239.0;5
496300;;;VEV_4000;XIREC;1230.0;2
496400;;SUBMISSION;HYDROGEL_PACK;XIREC;9977.0;10
496400;;SUBMISSION;HYDROGEL_PACK;XIREC;9974.0;26
496900;;SUBMISSION;HYDROGEL_PACK;XIREC;9977.0;14
496900;;SUBMISSION;HYDROGEL_PACK;XIREC;9975.0;30
497900;;SUBMISSION;HYDROGEL_PACK;XIREC;9979.0;14
497900;;SUBMISSION;HYDROGEL_PACK;XIREC;9976.0;29
498000;;SUBMISSION;HYDROGEL_PACK;XIREC;9978.0;14
498000;;SUBMISSION;HYDROGEL_PACK;XIREC;9975.0;26
498100;;SUBMISSION;HYDROGEL_PACK;XIREC;9978.0;11
498100;;SUBMISSION;HYDROGEL_PACK;XIREC;9976.0;20
498200;;SUBMISSION;HYDROGEL_PACK;XIREC;9981.0;6
498200;;;VELVETFRUIT_EXTRACT;XIREC;5241.0;5
498400;;;VELVETFRUIT_EXTRACT;XIREC;5238.0;7
499900;;;HYDROGEL_PACK;XIREC;9990.0;6
500800;;;HYDROGEL_PACK;XIREC;9987.0;4
501400;;;HYDROGEL_PACK;XIREC;9987.0;6
502000;;;HYDROGEL_PACK;XIREC;9985.0;3
502700;;;VEV_5500;XIREC;6.0;2
502700;;;VEV_6000;XIREC;0.0;2
502700;;;VEV_6500;XIREC;0.0;2
503500;;;HYDROGEL_PACK;XIREC;9994.0;6
503500;;;VEV_4000;XIREC;1240.0;3
505300;;;VELVETFRUIT_EXTRACT;XIREC;5256.0;3
506200;;;VELVETFRUIT_EXTRACT;XIREC;5254.0;5
507100;;SUBMISSION;VEV_5300;XIREC;51.0;20
507200;;SUBMISSION;VEV_5300;XIREC;51.0;20
507200;;;HYDROGEL_PACK;XIREC;10012.0;4
507300;;SUBMISSION;VEV_5300;XIREC;51.0;10
507300;;SUBMISSION;VEV_5300;XIREC;50.0;10
507700;;SUBMISSION;VEV_5300;XIREC;51.0;20
507800;;SUBMISSION;VEV_5300;XIREC;51.0;19
507800;;;HYDROGEL_PACK;XIREC;9992.0;6
507900;;SUBMISSION;VEV_5300;XIREC;51.0;20
508000;;SUBMISSION;VEV_5200;XIREC;103.0;29
508000;;SUBMISSION;VEV_5300;XIREC;52.0;9
508000;;SUBMISSION;VEV_5300;XIREC;51.0;11
508000;;SUBMISSION;VEV_5400;XIREC;18.0;20
508100;;SUBMISSION;VEV_5200;XIREC;103.0;7
508100;;SUBMISSION;VEV_5200;XIREC;102.0;23
508100;;SUBMISSION;VEV_5300;XIREC;51.0;20
508200;;SUBMISSION;VEV_5200;XIREC;103.0;9
508200;;SUBMISSION;VEV_5200;XIREC;102.0;14
508200;;SUBMISSION;VEV_5300;XIREC;51.0;20
508300;;SUBMISSION;VEV_5200;XIREC;103.0;6
508300;;SUBMISSION;VEV_5200;XIREC;102.0;21
508300;;SUBMISSION;VEV_5300;XIREC;52.0;6
508300;;SUBMISSION;VEV_5300;XIREC;51.0;14
508400;;SUBMISSION;VEV_5300;XIREC;51.0;20
508500;;SUBMISSION;VEV_5300;XIREC;51.0;20
508600;;SUBMISSION;VEV_5300;XIREC;51.0;8
508600;;SUBMISSION;VEV_5300;XIREC;50.0;11
508700;;SUBMISSION;VEV_5300;XIREC;51.0;9
508700;;SUBMISSION;VEV_5300;XIREC;50.0;11
509000;;SUBMISSION;VEV_5300;XIREC;51.0;6
509000;;SUBMISSION;VEV_5300;XIREC;50.0;13
509100;;;VEV_4000;XIREC;1250.0;3
509200;;SUBMISSION;VEV_5300;XIREC;51.0;3
509300;;SUBMISSION;VEV_5200;XIREC;103.0;9
509300;;SUBMISSION;VEV_5200;XIREC;102.0;12
509400;;SUBMISSION;VEV_5200;XIREC;102.0;22
509700;;;VELVETFRUIT_EXTRACT;XIREC;5260.0;13
509800;;SUBMISSION;VEV_5200;XIREC;102.0;24
509900;;;HYDROGEL_PACK;XIREC;10005.0;5
510000;;SUBMISSION;VEV_4000;XIREC;1262.0;3
510000;;SUBMISSION;VEV_4000;XIREC;1252.0;8
510000;;SUBMISSION;VEV_4000;XIREC;1249.0;29
510000;;SUBMISSION;VEV_4500;XIREC;762.0;3
510000;;SUBMISSION;VEV_4500;XIREC;754.0;9
510000;;SUBMISSION;VEV_4500;XIREC;753.0;16
510000;;SUBMISSION;VEV_5200;XIREC;104.0;3
510000;;SUBMISSION;VEV_5200;XIREC;102.0;25
510100;;;HYDROGEL_PACK;XIREC;10003.0;3
510200;;SUBMISSION;VEV_5200;XIREC;102.0;28
510300;;SUBMISSION;VEV_5200;XIREC;103.0;25
510300;;SUBMISSION;VEV_5400;XIREC;18.0;17
510400;;SUBMISSION;VEV_5200;XIREC;103.0;26
510400;;SUBMISSION;VEV_5400;XIREC;18.0;20
510500;;SUBMISSION;VEV_5200;XIREC;103.0;17
510500;;SUBMISSION;VEV_5400;XIREC;18.0;20
510800;;SUBMISSION;VEV_5400;XIREC;18.0;20
510900;;SUBMISSION;VELVETFRUIT_EXTRACT;XIREC;5262.0;50
510900;;SUBMISSION;VEV_4000;XIREC;1254.0;10
510900;;SUBMISSION;VEV_4000;XIREC;1252.0;24
510900;;SUBMISSION;VEV_4500;XIREC;757.0;11
510900;;SUBMISSION;VEV_4500;XIREC;755.0;21
510900;;SUBMISSION;VEV_5000;XIREC;265.0;32
510900;;SUBMISSION;VEV_5400;XIREC;18.0;19
511000;;SUBMISSION;VELVETFRUIT_EXTRACT;XIREC;5263.0;20
511000;;SUBMISSION;VELVETFRUIT_EXTRACT;XIREC;5262.0;30
511000;;SUBMISSION;VEV_4000;XIREC;1255.0;10
511000;;SUBMISSION;VEV_4000;XIREC;1252.0;21
511000;;SUBMISSION;VEV_4500;XIREC;757.0;7
511000;;SUBMISSION;VEV_4500;XIREC;756.0;12
511000;;SUBMISSION;VEV_5000;XIREC;266.0;7
511000;;SUBMISSION;VEV_5000;XIREC;265.0;12
511000;;SUBMISSION;VEV_5100;XIREC;176.0;19
511000;;SUBMISSION;VEV_5400;XIREC;19.0;7
511000;;SUBMISSION;VEV_5400;XIREC;18.0;13
511100;;SUBMISSION;VELVETFRUIT_EXTRACT;XIREC;5264.0;15
511100;;SUBMISSION;VELVETFRUIT_EXTRACT;XIREC;5263.0;35
511100;;SUBMISSION;VEV_4000;XIREC;1256.0;12
511100;;SUBMISSION;VEV_4000;XIREC;1253.0;16
511100;;SUBMISSION;VEV_4500;XIREC;758.0;7
511100;;SUBMISSION;VEV_4500;XIREC;756.0;17
511100;;SUBMISSION;VEV_5000;XIREC;267.0;7
511100;;SUBMISSION;VEV_5000;XIREC;266.0;17
511100;;SUBMISSION;VEV_5100;XIREC;177.0;7
511100;;SUBMISSION;VEV_5100;XIREC;176.0;17
511100;;SUBMISSION;VEV_5400;XIREC;19.0;20
511200;;SUBMISSION;VELVETFRUIT_EXTRACT;XIREC;5262.0;50
511200;;SUBMISSION;VEV_4000;XIREC;1254.0;13
511200;;SUBMISSION;VEV_4000;XIREC;1252.0;15
511200;;SUBMISSION;VEV_4500;XIREC;757.0;6
511200;;SUBMISSION;VEV_4500;XIREC;755.0;16
511200;;SUBMISSION;VEV_5000;XIREC;265.0;22
511200;;SUBMISSION;VEV_5400;XIREC;18.0;20
511300;;SUBMISSION;VEV_4000;XIREC;1255.0;13
511300;;SUBMISSION;VEV_4000;XIREC;1252.0;22
511300;;SUBMISSION;VEV_4500;XIREC;757.0;10
511300;;SUBMISSION;VEV_4500;XIREC;755.0;19
511300;;SUBMISSION;VEV_5000;XIREC;266.0;10
511300;;SUBMISSION;VEV_5000;XIREC;265.0;19
511300;;SUBMISSION;VEV_5100;XIREC;176.0;29
511300;;SUBMISSION;VEV_5400;XIREC;18.0;16
511400;;SUBMISSION;VEV_4000;XIREC;1255.0;8
511400;;SUBMISSION;VEV_4000;XIREC;1253.0;24
511400;;SUBMISSION;VEV_4500;XIREC;758.0;12
511400;;SUBMISSION;VEV_4500;XIREC;756.0;12
511400;;SUBMISSION;VEV_5000;XIREC;266.0;24
511400;;SUBMISSION;VEV_5100;XIREC;176.0;24
511400;;SUBMISSION;VEV_5400;XIREC;18.0;20
511500;;SUBMISSION;VEV_4000;XIREC;1255.0;15
511500;;SUBMISSION;VEV_4000;XIREC;1252.0;19
511500;;SUBMISSION;VEV_4500;XIREC;757.0;8
511500;;SUBMISSION;VEV_4500;XIREC;755.0;13
511500;;SUBMISSION;VEV_5000;XIREC;266.0;8
511500;;SUBMISSION;VEV_5000;XIREC;265.0;13
511500;;SUBMISSION;VEV_5100;XIREC;176.0;21
511500;;SUBMISSION;VEV_5400;XIREC;18.0;20
511600;;SUBMISSION;VEV_4000;XIREC;1256.0;9
511600;;SUBMISSION;VEV_4000;XIREC;1253.0;18
511600;;SUBMISSION;VEV_4500;XIREC;758.0;11
511600;;SUBMISSION;VEV_4500;XIREC;756.0;14
511600;;SUBMISSION;VEV_5000;XIREC;267.0;11
511600;;SUBMISSION;VEV_5000;XIREC;266.0;14
511600;;SUBMISSION;VEV_5100;XIREC;177.0;11
511600;;SUBMISSION;VEV_5100;XIREC;176.0;14
511600;;SUBMISSION;VEV_5400;XIREC;19.0;9
511600;;SUBMISSION;VEV_5400;XIREC;18.0;11
511700;;SUBMISSION;VEV_4000;XIREC;1255.0;7
511700;;SUBMISSION;VEV_4000;XIREC;1252.0;4
511700;;SUBMISSION;VEV_4500;XIREC;757.0;12
511700;;SUBMISSION;VEV_4500;XIREC;755.0;23
511700;;SUBMISSION;VEV_5000;XIREC;266.0;12
511700;;SUBMISSION;VEV_5000;XIREC;265.0;23
511700;;SUBMISSION;VEV_5100;XIREC;176.0;35
511700;;SUBMISSION;VEV_5400;XIREC;18.0;20
511800;;SUBMISSION;VEV_4500;XIREC;759.0;12
511800;;SUBMISSION;VEV_4500;XIREC;757.0;14
511800;;SUBMISSION;VEV_5000;XIREC;268.0;12
511800;;SUBMISSION;VEV_5000;XIREC;267.0;14
511800;;SUBMISSION;VEV_5100;XIREC;178.0;12
511800;;SUBMISSION;VEV_5100;XIREC;177.0;14
511800;;SUBMISSION;VEV_5400;XIREC;19.0;20
511900;;SUBMISSION;VEV_4500;XIREC;758.0;7
511900;;SUBMISSION;VEV_4500;XIREC;756.0;8
511900;;SUBMISSION;VEV_5000;XIREC;267.0;7
511900;;SUBMISSION;VEV_5000;XIREC;266.0;23
511900;;SUBMISSION;VEV_5100;XIREC;177.0;7
511900;;SUBMISSION;VEV_5100;XIREC;176.0;23
511900;;SUBMISSION;VEV_5400;XIREC;19.0;8
512000;;SUBMISSION;VEV_5000;XIREC;266.0;11
512000;;SUBMISSION;VEV_5000;XIREC;265.0;2
512000;;SUBMISSION;VEV_5100;XIREC;176.0;28
512100;;SUBMISSION;VEV_5100;XIREC;177.0;9
512100;;SUBMISSION;VEV_5100;XIREC;176.0;13
512200;;SUBMISSION;VEV_5100;XIREC;177.0;12
512200;;SUBMISSION;VEV_5100;XIREC;176.0;5
513200;;;HYDROGEL_PACK;XIREC;10010.0;5
514100;;;VELVETFRUIT_EXTRACT;XIREC;5263.0;7
514500;;;VELVETFRUIT_EXTRACT;XIREC;5265.0;6
515200;;;HYDROGEL_PACK;XIREC;10000.0;4
516800;;;VELVETFRUIT_EXTRACT;XIREC;5261.0;5
517900;;;VEV_4000;XIREC;1249.0;1
518800;;;VEV_4000;XIREC;1271.0;1
519000;;;HYDROGEL_PACK;XIREC;10002.0;5
519100;;;VEV_4000;XIREC;1246.0;2
519400;;;HYDROGEL_PACK;XIREC;10017.0;2
519500;;;VEV_5300;XIREC;50.0;4
519500;;;VEV_5400;XIREC;17.0;4
519500;;;VEV_5500;XIREC;6.0;4
519500;;;VEV_6000;XIREC;0.0;4
519500;;;VEV_6500;XIREC;0.0;4
520400;;;HYDROGEL_PACK;XIREC;10019.0;2
520500;;;VELVETFRUIT_EXTRACT;XIREC;5256.0;4
521100;;;VEV_4000;XIREC;1248.0;2
521800;;;VELVETFRUIT_EXTRACT;XIREC;5265.0;3
523300;;;VELVETFRUIT_EXTRACT;XIREC;5262.0;3
524000;;;VEV_5400;XIREC;17.0;4
524000;;;VEV_5500;XIREC;7.0;4
524000;;;VEV_6000;XIREC;0.0;4
524000;;;VEV_6500;XIREC;0.0;4
524500;;;VELVETFRUIT_EXTRACT;XIREC;5259.0;7
525500;;;VEV_4000;XIREC;1247.0;1
526200;SUBMISSION;;VEV_5100;XIREC;170.0;23
526200;;;VELVETFRUIT_EXTRACT;XIREC;5250.0;8
526600;;;HYDROGEL_PACK;XIREC;10021.0;4
527000;SUBMISSION;;VELVETFRUIT_EXTRACT;XIREC;5255.0;50
527000;SUBMISSION;;VEV_4000;XIREC;1262.0;13
527000;SUBMISSION;;VEV_4000;XIREC;1265.0;29
527000;SUBMISSION;;VEV_4500;XIREC;760.0;10
527000;SUBMISSION;;VEV_4500;XIREC;762.0;15
527000;SUBMISSION;;VEV_5000;XIREC;259.0;10
527000;SUBMISSION;;VEV_5000;XIREC;260.0;15
527000;SUBMISSION;;VEV_5100;XIREC;169.0;10
527000;SUBMISSION;;VEV_5100;XIREC;170.0;15
527100;SUBMISSION;;VELVETFRUIT_EXTRACT;XIREC;5250.0;15
527100;SUBMISSION;;VELVETFRUIT_EXTRACT;XIREC;5253.0;21
527100;SUBMISSION;;VELVETFRUIT_EXTRACT;XIREC;5254.0;14
527100;SUBMISSION;;VEV_4000;XIREC;1261.0;14
527100;SUBMISSION;;VEV_4000;XIREC;1264.0;17
527100;SUBMISSION;;VEV_4500;XIREC;759.0;9
527100;SUBMISSION;;VEV_4500;XIREC;761.0;22
527100;SUBMISSION;;VEV_5000;XIREC;258.0;9
527100;SUBMISSION;;VEV_5000;XIREC;259.0;22
527100;SUBMISSION;;VEV_5100;XIREC;168.0;9
527100;SUBMISSION;;VEV_5100;XIREC;169.0;22
527200;SUBMISSION;;VELVETFRUIT_EXTRACT;XIREC;5253.0;47
527200;SUBMISSION;;VEV_4000;XIREC;1261.0;12
527200;SUBMISSION;;VEV_4000;XIREC;1263.0;23
527200;SUBMISSION;;VEV_4500;XIREC;758.0;11
527200;SUBMISSION;;VEV_4500;XIREC;760.0;19
527200;SUBMISSION;;VEV_5000;XIREC;258.0;30
527200;SUBMISSION;;VEV_5100;XIREC;168.0;30
527300;SUBMISSION;;VEV_4000;XIREC;1262.0;14
527300;SUBMISSION;;VEV_4000;XIREC;1264.0;26
527300;SUBMISSION;;VEV_4500;XIREC;759.0;9
527300;SUBMISSION;;VEV_4500;XIREC;761.0;20
527300;SUBMISSION;;VEV_5000;XIREC;259.0;29
527300;SUBMISSION;;VEV_5100;XIREC;168.0;9
527300;SUBMISSION;;VEV_5100;XIREC;169.0;20
527400;SUBMISSION;;VELVETFRUIT_EXTRACT;XIREC;5253.0;19
527400;SUBMISSION;;VELVETFRUIT_EXTRACT;XIREC;5254.0;31
527400;SUBMISSION;;VEV_4000;XIREC;1261.0;11
527400;SUBMISSION;;VEV_4000;XIREC;1264.0;25
527400;SUBMISSION;;VEV_4500;XIREC;759.0;8
527400;SUBMISSION;;VEV_4500;XIREC;760.0;23
527400;SUBMISSION;;VEV_5000;XIREC;258.0;8
527400;SUBMISSION;;VEV_5000;XIREC;259.0;23
527400;SUBMISSION;;VEV_5100;XIREC;168.0;31
527500;SUBMISSION;;VELVETFRUIT_EXTRACT;XIREC;5253.0;3
527500;SUBMISSION;;VEV_4000;XIREC;1260.0;13
527500;SUBMISSION;;VEV_4000;XIREC;1263.0;24
527500;SUBMISSION;;VEV_4500;XIREC;758.0;11
527500;SUBMISSION;;VEV_4500;XIREC;760.0;19
527500;SUBMISSION;;VEV_5000;XIREC;257.0;11
527500;SUBMISSION;;VEV_5000;XIREC;258.0;19
527500;SUBMISSION;;VEV_5100;XIREC;167.0;11
527500;SUBMISSION;;VEV_5100;XIREC;168.0;19
527600;SUBMISSION;;VEV_4000;XIREC;1262.0;10
527600;SUBMISSION;;VEV_4000;XIREC;1264.0;20
527600;SUBMISSION;;VEV_4500;XIREC;759.0;6
527600;SUBMISSION;;VEV_4500;XIREC;761.0;18
527600;SUBMISSION;;VEV_5000;XIREC;259.0;24
527600;SUBMISSION;;VEV_5100;XIREC;169.0;24
527700;SUBMISSION;;VEV_4500;XIREC;760.0;7
527700;SUBMISSION;;VEV_4500;XIREC;762.0;19
527700;SUBMISSION;;VEV_5100;XIREC;170.0;26
527700;;;HYDROGEL_PACK;XIREC;10021.0;6
527700;;;VELVETFRUIT_EXTRACT;XIREC;5255.0;6
527800;SUBMISSION;;VEV_4000;XIREC;1262.0;10
527800;SUBMISSION;;VEV_4000;XIREC;1265.0;29
527800;SUBMISSION;;VEV_4500;XIREC;760.0;8
527800;SUBMISSION;;VEV_4500;XIREC;762.0;17
527800;SUBMISSION;;VEV_5000;XIREC;259.0;8
527800;SUBMISSION;;VEV_5000;XIREC;260.0;17
527800;SUBMISSION;;VEV_5100;XIREC;169.0;25
527900;SUBMISSION;;VEV_4500;XIREC;760.0;12
527900;SUBMISSION;;VEV_4500;XIREC;762.0;21
527900;SUBMISSION;;VEV_5000;XIREC;260.0;33
527900;SUBMISSION;;VEV_5100;XIREC;169.0;12
527900;SUBMISSION;;VEV_5100;XIREC;170.0;14
528200;SUBMISSION;;VEV_4500;XIREC;760.0;9
528200;SUBMISSION;;VEV_4500;XIREC;762.0;7
528300;SUBMISSION;;VEV_4000;XIREC;1262.0;7
528300;SUBMISSION;;VEV_4000;XIREC;1265.0;3
528300;SUBMISSION;;VEV_5000;XIREC;259.0;10
528300;SUBMISSION;;VEV_5000;XIREC;260.0;14
528400;SUBMISSION;;VEV_5000;XIREC;258.0;7
528400;SUBMISSION;;VEV_5000;XIREC;259.0;11
528600;;;VELVETFRUIT_EXTRACT;XIREC;5254.0;4
529400;;;VELVETFRUIT_EXTRACT;XIREC;5256.0;4
529500;;SUBMISSION;HYDROGEL_PACK;XIREC;10026.0;9
529500;;SUBMISSION;HYDROGEL_PACK;XIREC;10019.0;12
529500;;SUBMISSION;HYDROGEL_PACK;XIREC;10016.0;24
529600;;SUBMISSION;HYDROGEL_PACK;XIREC;10019.0;15
529600;;SUBMISSION;HYDROGEL_PACK;XIREC;10016.0;26
530000;;;VELVETFRUIT_EXTRACT;XIREC;5249.0;6
530300;;;HYDROGEL_PACK;XIREC;10010.0;3
530600;;;HYDROGEL_PACK;XIREC;10010.0;5
532000;;SUBMISSION;HYDROGEL_PACK;XIREC;10026.0;4
532000;;SUBMISSION;HYDROGEL_PACK;XIREC;10018.0;12
532000;;SUBMISSION;HYDROGEL_PACK;XIREC;10016.0;30
532200;;SUBMISSION;HYDROGEL_PACK;XIREC;10020.0;10
532200;;SUBMISSION;HYDROGEL_PACK;XIREC;10018.0;30
533000;SUBMISSION;;VEV_5200;XIREC;96.0;31
533000;SUBMISSION;;VEV_5400;XIREC;16.0;20
533100;SUBMISSION;;VEV_5200;XIREC;96.0;6
533100;SUBMISSION;;VEV_5200;XIREC;97.0;18
533100;;;HYDROGEL_PACK;XIREC;10029.0;2
533300;SUBMISSION;;VEV_5200;XIREC;96.0;36
533400;;;HYDROGEL_PACK;XIREC;10030.0;5
533600;SUBMISSION;;VEV_5200;XIREC;96.0;29
533700;SUBMISSION;;VEV_5200;XIREC;95.0;29
533700;SUBMISSION;;VEV_5400;XIREC;16.0;15
533800;SUBMISSION;;VEV_5200;XIREC;95.0;24
533800;SUBMISSION;;VEV_5400;XIREC;16.0;27
533900;SUBMISSION;;VEV_5200;XIREC;95.0;25
533900;SUBMISSION;;VEV_5400;XIREC;16.0;17
534000;SUBMISSION;;VEV_5200;XIREC;95.0;35
534000;SUBMISSION;;VEV_5400;XIREC;16.0;27
534100;SUBMISSION;;VEV_5200;XIREC;95.0;19
534100;SUBMISSION;;VEV_5400;XIREC;16.0;21
534100;;;VELVETFRUIT_EXTRACT;XIREC;5244.0;3
534200;SUBMISSION;;VEV_5200;XIREC;95.0;26
534200;SUBMISSION;;VEV_5400;XIREC;16.0;25
534300;SUBMISSION;;VEV_5200;XIREC;95.0;22
534300;SUBMISSION;;VEV_5400;XIREC;16.0;19
534400;SUBMISSION;;VEV_5400;XIREC;16.0;23
534500;SUBMISSION;;VEV_5400;XIREC;15.0;19
534600;SUBMISSION;;VEV_5400;XIREC;15.0;8
534600;SUBMISSION;;VEV_5400;XIREC;16.0;13
534700;SUBMISSION;;VEV_5400;XIREC;16.0;27
534800;SUBMISSION;;VEV_5300;XIREC;46.0;19
