timestamp;buyer;seller;symbol;currency;price;quantity
0;;SUBMISSION;HYDROGEL_PACK;SEASHELLS;10003;13
0;;SUBMISSION;HYDROGEL_PACK;SEASHELLS;10001;21
500;;SUBMISSION;HYDROGEL_PACK;SEASHELLS;10002;11
600;;SUBMISSION;HYDROGEL_PACK;SEASHELLS;10002;13
900;SUBMISSION;;VELVETFRUIT_EXTRACT;SEASHELLS;5262;8
1300;SUBMISSION;Mark 38;VEV_4000;SEASHELLS;1256;3
2900;Mark 55;SUBMISSION;VELVETFRUIT_EXTRACT;SEASHELLS;5271;8
4800;Mark 55;SUBMISSION;VELVETFRUIT_EXTRACT;SEASHELLS;5272;3
5500;;SUBMISSION;VELVETFRUIT_EXTRACT;SEASHELLS;5273;63
9000;Mark 38;SUBMISSION;VEV_4000;SEASHELLS;1273;1
9600;SUBMISSION;;VELVETFRUIT_EXTRACT;SEASHELLS;5265;20
9700;SUBMISSION;;VELVETFRUIT_EXTRACT;SEASHELLS;5265;23
9800;SUBMISSION;;VELVETFRUIT_EXTRACT;SEASHELLS;5265;16
9900;SUBMISSION;;VELVETFRUIT_EXTRACT;SEASHELLS;5265;60
9900;SUBMISSION;Mark 55;VELVETFRUIT_EXTRACT;SEASHELLS;5262;5
12600;SUBMISSION;Mark 55;VELVETFRUIT_EXTRACT;SEASHELLS;5265;3
13900;Mark 55;SUBMISSION;VELVETFRUIT_EXTRACT;SEASHELLS;5268;4
16300;Mark 55;SUBMISSION;VELVETFRUIT_EXTRACT;SEASHELLS;5274;5
17300;;SUBMISSION;VELVETFRUIT_EXTRACT;SEASHELLS;5273;22
17300;;SUBMISSION;VELVETFRUIT_EXTRACT;SEASHELLS;5272;30
17400;;SUBMISSION;VELVETFRUIT_EXTRACT;SEASHELLS;5274;17
17400;;SUBMISSION;VELVETFRUIT_EXTRACT;SEASHELLS;5273;49
19000;;SUBMISSION;HYDROGEL_PACK;SEASHELLS;10003;10
19700;SUBMISSION;;VELVETFRUIT_EXTRACT;SEASHELLS;5266;13
22300;SUBMISSION;;HYDROGEL_PACK;SEASHELLS;10001;4
23100;SUBMISSION;Mark 55;VELVETFRUIT_EXTRACT;SEASHELLS;5265;4
23200;SUBMISSION;;HYDROGEL_PACK;SEASHELLS;10003;7
23400;SUBMISSION;;VELVETFRUIT_EXTRACT;SEASHELLS;5266;58
23600;SUBMISSION;;VELVETFRUIT_EXTRACT;SEASHELLS;5265;18
23600;SUBMISSION;;VELVETFRUIT_EXTRACT;SEASHELLS;5266;31
24200;SUBMISSION;;HYDROGEL_PACK;SEASHELLS;10004;11
24300;SUBMISSION;;HYDROGEL_PACK;SEASHELLS;10005;12
24400;SUBMISSION;;HYDROGEL_PACK;SEASHELLS;9997;9
24500;SUBMISSION;;HYDROGEL_PACK;SEASHELLS;10003;11
24600;SUBMISSION;;HYDROGEL_PACK;SEASHELLS;10003;14
24600;SUBMISSION;;HYDROGEL_PACK;SEASHELLS;10005;23
24600;SUBMISSION;;VELVETFRUIT_EXTRACT;SEASHELLS;5265;5
24700;SUBMISSION;;HYDROGEL_PACK;SEASHELLS;10001;12
24700;SUBMISSION;;HYDROGEL_PACK;SEASHELLS;10004;22
25500;SUBMISSION;Mark 55;VELVETFRUIT_EXTRACT;SEASHELLS;5265;6
26500;Mark 55;SUBMISSION;VELVETFRUIT_EXTRACT;SEASHELLS;5268;6
27100;SUBMISSION;;HYDROGEL_PACK;SEASHELLS;10003;10
29200;SUBMISSION;Mark 38;HYDROGEL_PACK;SEASHELLS;9994;4
33300;Mark 55;SUBMISSION;VELVETFRUIT_EXTRACT;SEASHELLS;5270;7
34100;Mark 38;SUBMISSION;VEV_4000;SEASHELLS;1277;1
35700;Mark 55;SUBMISSION;VELVETFRUIT_EXTRACT;SEASHELLS;5269;3
35800;SUBMISSION;Mark 55;VELVETFRUIT_EXTRACT;SEASHELLS;5265;7
36100;Mark 55;SUBMISSION;VELVETFRUIT_EXTRACT;SEASHELLS;5270;4
38400;SUBMISSION;Mark 55;VELVETFRUIT_EXTRACT;SEASHELLS;5266;8
39500;SUBMISSION;Mark 38;VEV_4000;SEASHELLS;1259;2
45100;SUBMISSION;Mark 22;VEV_5400;SEASHELLS;15;4
50200;SUBMISSION;Mark 38;VEV_4000;SEASHELLS;1254;3
53600;SUBMISSION;Mark 55;VELVETFRUIT_EXTRACT;SEASHELLS;5258;5
58900;SUBMISSION;;VEV_5100;SEASHELLS;160;10
58900;SUBMISSION;;VEV_5100;SEASHELLS;161;20
59100;SUBMISSION;;VEV_5100;SEASHELLS;160;24
59200;SUBMISSION;;VEV_5200;SEASHELLS;89;6
59200;SUBMISSION;;VEV_5200;SEASHELLS;90;22
59200;SUBMISSION;;VEV_5300;SEASHELLS;42;9
59200;SUBMISSION;;VEV_5300;SEASHELLS;43;19
59500;SUBMISSION;;VEV_5200;SEASHELLS;89;7
59500;SUBMISSION;;VEV_5200;SEASHELLS;90;12
59700;SUBMISSION;;VEV_5200;SEASHELLS;89;23
63800;Mark 38;SUBMISSION;VEV_4000;SEASHELLS;1257;3
67600;Mark 55;SUBMISSION;VELVETFRUIT_EXTRACT;SEASHELLS;5261;4
70000;SUBMISSION;Mark 55;VELVETFRUIT_EXTRACT;SEASHELLS;5256;6
79300;SUBMISSION;Mark 22;VEV_5300;SEASHELLS;47;1
80800;Mark 38;SUBMISSION;VEV_4000;SEASHELLS;1269;1
82100;Mark 55;SUBMISSION;VELVETFRUIT_EXTRACT;SEASHELLS;5269;5
83000;Mark 55;SUBMISSION;VELVETFRUIT_EXTRACT;SEASHELLS;5270;6
84100;Mark 55;SUBMISSION;VELVETFRUIT_EXTRACT;SEASHELLS;5271;8
84400;Mark 55;SUBMISSION;VELVETFRUIT_EXTRACT;SEASHELLS;5272;5
84700;;SUBMISSION;VELVETFRUIT_EXTRACT;SEASHELLS;5273;19
84700;;SUBMISSION;VELVETFRUIT_EXTRACT;SEASHELLS;5272;44
84800;Mark 55;SUBMISSION;VELVETFRUIT_EXTRACT;SEASHELLS;5275;5
85500;Mark 55;SUBMISSION;VELVETFRUIT_EXTRACT;SEASHELLS;5272;8
86300;;SUBMISSION;VELVETFRUIT_EXTRACT;SEASHELLS;5267;21
92600;Mark 55;SUBMISSION;VELVETFRUIT_EXTRACT;SEASHELLS;5270;4
97200;Mark 55;SUBMISSION;VELVETFRUIT_EXTRACT;SEASHELLS;5264;7
97400;SUBMISSION;Mark 55;VELVETFRUIT_EXTRACT;SEASHELLS;5259;5
98600;SUBMISSION;Mark 38;VEV_4000;SEASHELLS;1260;1
99300;SUBMISSION;;VELVETFRUIT_EXTRACT;SEASHELLS;5262;8
101000;SUBMISSION;;VELVETFRUIT_EXTRACT;SEASHELLS;5260;69
101200;SUBMISSION;;VELVETFRUIT_EXTRACT;SEASHELLS;5259;11
103300;SUBMISSION;Mark 38;VEV_4000;SEASHELLS;1259;1
103700;SUBMISSION;Mark 38;VEV_4000;SEASHELLS;1259;3
104000;SUBMISSION;;VELVETFRUIT_EXTRACT;SEASHELLS;5260;8
109100;SUBMISSION;Mark 38;VEV_4000;SEASHELLS;1259;1
109400;Mark 55;SUBMISSION;VELVETFRUIT_EXTRACT;SEASHELLS;5265;6
109800;Mark 55;SUBMISSION;VELVETFRUIT_EXTRACT;SEASHELLS;5266;3
111300;Mark 55;SUBMISSION;VELVETFRUIT_EXTRACT;SEASHELLS;5262;7
111900;SUBMISSION;Mark 38;VEV_4000;SEASHELLS;1257;2
112600;SUBMISSION;;VELVETFRUIT_EXTRACT;SEASHELLS;5257;10
112600;SUBMISSION;Mark 49;VELVETFRUIT_EXTRACT;SEASHELLS;5257;10
113700;SUBMISSION;;VELVETFRUIT_EXTRACT;SEASHELLS;5259;18
114700;Mark 38;SUBMISSION;VEV_4000;SEASHELLS;1264;2
116800;Mark 38;SUBMISSION;VEV_4000;SEASHELLS;1263;2
122900;SUBMISSION;Mark 55;VELVETFRUIT_EXTRACT;SEASHELLS;5259;8
129600;SUBMISSION;Mark 55;VELVETFRUIT_EXTRACT;SEASHELLS;5256;6
140900;SUBMISSION;Mark 38;VEV_4000;SEASHELLS;1251;1
144300;Mark 55;SUBMISSION;VELVETFRUIT_EXTRACT;SEASHELLS;5265;6
144400;SUBMISSION;Mark 38;VEV_4000;SEASHELLS;1258;1
145800;SUBMISSION;Mark 38;VEV_4000;SEASHELLS;1262;1
150400;Mark 38;SUBMISSION;VEV_4000;SEASHELLS;1273;1
152700;;SUBMISSION;VELVETFRUIT_EXTRACT;SEASHELLS;5272;59
153100;Mark 38;SUBMISSION;VEV_4000;SEASHELLS;1279;3
154300;Mark 55;SUBMISSION;VELVETFRUIT_EXTRACT;SEASHELLS;5274;6
155100;Mark 55;SUBMISSION;VELVETFRUIT_EXTRACT;SEASHELLS;5276;8
155200;;SUBMISSION;VELVETFRUIT_EXTRACT;SEASHELLS;5273;20
155200;;SUBMISSION;VELVETFRUIT_EXTRACT;SEASHELLS;5272;44
155300;Mark 55;SUBMISSION;VELVETFRUIT_EXTRACT;SEASHELLS;5276;3
155700;Mark 55;SUBMISSION;VELVETFRUIT_EXTRACT;SEASHELLS;5276;4
155900;Mark 38;SUBMISSION;VEV_4000;SEASHELLS;1280;2
166700;Mark 38;SUBMISSION;VEV_4000;SEASHELLS;1278;3
169200;SUBMISSION;Mark 38;VEV_4000;SEASHELLS;1266;3
183900;SUBMISSION;;VELVETFRUIT_EXTRACT;SEASHELLS;5263;9
184200;SUBMISSION;;VELVETFRUIT_EXTRACT;SEASHELLS;5264;23
184400;SUBMISSION;;VELVETFRUIT_EXTRACT;SEASHELLS;5264;52
184500;SUBMISSION;;VELVETFRUIT_EXTRACT;SEASHELLS;5264;54
190900;Mark 38;SUBMISSION;VEV_4000;SEASHELLS;1265;1
192700;SUBMISSION;Mark 38;VEV_4000;SEASHELLS;1258;2
194900;SUBMISSION;Mark 55;VELVETFRUIT_EXTRACT;SEASHELLS;5258;6
195200;Mark 38;SUBMISSION;VEV_4000;SEASHELLS;1265;2
196700;SUBMISSION;Mark 55;VELVETFRUIT_EXTRACT;SEASHELLS;5262;6
196800;SUBMISSION;Mark 38;VEV_4000;SEASHELLS;1258;2
200400;SUBMISSION;Mark 38;VEV_4000;SEASHELLS;1257;1
201500;SUBMISSION;Mark 38;VEV_4000;SEASHELLS;1253;1
202300;SUBMISSION;Mark 38;VEV_4000;SEASHELLS;1254;1
207000;Mark 67;SUBMISSION;VELVETFRUIT_EXTRACT;SEASHELLS;5267;15
212100;Mark 55;SUBMISSION;VELVETFRUIT_EXTRACT;SEASHELLS;5270;4
212100;SUBMISSION;Mark 38;VEV_4000;SEASHELLS;1262;2
212200;Mark 55;SUBMISSION;VELVETFRUIT_EXTRACT;SEASHELLS;5266;5
217200;SUBMISSION;Mark 55;VELVETFRUIT_EXTRACT;SEASHELLS;5263;4
217800;SUBMISSION;Mark 55;VELVETFRUIT_EXTRACT;SEASHELLS;5261;6
220600;SUBMISSION;Mark 55;VELVETFRUIT_EXTRACT;SEASHELLS;5261;4
225500;SUBMISSION;Mark 22;VEV_5300;SEASHELLS;50;3
229400;SUBMISSION;Mark 55;VELVETFRUIT_EXTRACT;SEASHELLS;5261;7
231900;Mark 38;SUBMISSION;VEV_4000;SEASHELLS;1270;2
235900;;SUBMISSION;VELVETFRUIT_EXTRACT;SEASHELLS;5272;1
237400;Mark 55;SUBMISSION;VELVETFRUIT_EXTRACT;SEASHELLS;5272;6
237600;Mark 67;SUBMISSION;VELVETFRUIT_EXTRACT;SEASHELLS;5270;8
237700;Mark 55;SUBMISSION;VELVETFRUIT_EXTRACT;SEASHELLS;5272;8
241600;;SUBMISSION;VELVETFRUIT_EXTRACT;SEASHELLS;5274;16
241600;;SUBMISSION;VELVETFRUIT_EXTRACT;SEASHELLS;5273;47
242100;Mark 55;SUBMISSION;VELVETFRUIT_EXTRACT;SEASHELLS;5275;8
243500;Mark 55;SUBMISSION;VELVETFRUIT_EXTRACT;SEASHELLS;5273;4
244900;Mark 55;SUBMISSION;VELVETFRUIT_EXTRACT;SEASHELLS;5275;4
249400;Mark 38;SUBMISSION;VEV_4000;SEASHELLS;1281;3
249600;;SUBMISSION;VELVETFRUIT_EXTRACT;SEASHELLS;5274;35
249800;SUBMISSION;Mark 38;VEV_4000;SEASHELLS;1272;2
258000;;SUBMISSION;VELVETFRUIT_EXTRACT;SEASHELLS;5270;22
258000;Mark 67;SUBMISSION;VELVETFRUIT_EXTRACT;SEASHELLS;5270;8
264200;;SUBMISSION;VEV_5100;SEASHELLS;192;25
264200;;SUBMISSION;VEV_5200;SEASHELLS;115;8
264200;;SUBMISSION;VEV_5200;SEASHELLS;114;17
264300;;SUBMISSION;VEV_5100;SEASHELLS;192;25
264400;;SUBMISSION;VEV_5100;SEASHELLS;192;26
264400;;SUBMISSION;VEV_5200;SEASHELLS;115;10
264400;;SUBMISSION;VEV_5200;SEASHELLS;114;16
264600;;SUBMISSION;VEV_5100;SEASHELLS;192;9
264600;;SUBMISSION;VEV_5100;SEASHELLS;191;17
265000;;SUBMISSION;VEV_5100;SEASHELLS;193;6
265000;;SUBMISSION;VEV_5100;SEASHELLS;192;12
265000;;SUBMISSION;VEV_5200;SEASHELLS;115;18
265100;;SUBMISSION;VEV_5200;SEASHELLS;116;8
265100;;SUBMISSION;VEV_5200;SEASHELLS;115;21
265200;;SUBMISSION;VEV_5200;SEASHELLS;115;28
265500;;SUBMISSION;VEV_4000;SEASHELLS;1287;3
265500;;SUBMISSION;VEV_4000;SEASHELLS;1277;14
265500;;SUBMISSION;VEV_4000;SEASHELLS;1274;13
265500;;SUBMISSION;VEV_4500;SEASHELLS;787;3
265500;;SUBMISSION;VEV_4500;SEASHELLS;779;8
265500;;SUBMISSION;VEV_4500;SEASHELLS;777;19
265500;;SUBMISSION;VEV_5000;SEASHELLS;289;3
265500;;SUBMISSION;VEV_5000;SEASHELLS;286;8
265500;;SUBMISSION;VEV_5000;SEASHELLS;285;19
265500;;SUBMISSION;VEV_5400;SEASHELLS;21;3
265500;;SUBMISSION;VEV_5400;SEASHELLS;20;23
265700;;SUBMISSION;VEV_4000;SEASHELLS;1286;4
265700;;SUBMISSION;VEV_4000;SEASHELLS;1276;8
265700;;SUBMISSION;VEV_4000;SEASHELLS;1274;18
265700;;SUBMISSION;VEV_4500;SEASHELLS;786;4
265700;;SUBMISSION;VEV_4500;SEASHELLS;779;10
265700;;SUBMISSION;VEV_4500;SEASHELLS;777;16
265700;;SUBMISSION;VEV_5000;SEASHELLS;288;4
265700;;SUBMISSION;VEV_5000;SEASHELLS;286;10
265700;;SUBMISSION;VEV_5000;SEASHELLS;285;16
266000;;SUBMISSION;VEV_5400;SEASHELLS;21;24
266300;;SUBMISSION;VEV_5400;SEASHELLS;21;18
266400;;SUBMISSION;VEV_5300;SEASHELLS;59;22
266800;SUBMISSION;Mark 38;VEV_4000;SEASHELLS;1280;1
269700;Mark 38;SUBMISSION;VEV_4000;SEASHELLS;1283;1
270500;Mark 38;SUBMISSION;VEV_4000;SEASHELLS;1286;1
272900;Mark 38;SUBMISSION;VEV_4000;SEASHELLS;1285;3
277900;SUBMISSION;Mark 38;VEV_4000;SEASHELLS;1264;3
281000;SUBMISSION;;VELVETFRUIT_EXTRACT;SEASHELLS;5269;66
281100;Mark 38;SUBMISSION;VEV_4000;SEASHELLS;1273;1
281200;SUBMISSION;;VELVETFRUIT_EXTRACT;SEASHELLS;5269;21
281400;SUBMISSION;;VELVETFRUIT_EXTRACT;SEASHELLS;5269;9
281800;SUBMISSION;;VELVETFRUIT_EXTRACT;SEASHELLS;5269;19
282600;SUBMISSION;Mark 22;VELVETFRUIT_EXTRACT;SEASHELLS;5270;10
283300;SUBMISSION;Mark 55;VELVETFRUIT_EXTRACT;SEASHELLS;5271;5
285600;Mark 55;SUBMISSION;VELVETFRUIT_EXTRACT;SEASHELLS;5277;4
285800;;SUBMISSION;VELVETFRUIT_EXTRACT;SEASHELLS;5274;50
285800;Mark 67;SUBMISSION;VELVETFRUIT_EXTRACT;SEASHELLS;5275;6
286300;;SUBMISSION;VELVETFRUIT_EXTRACT;SEASHELLS;5274;46
286900;SUBMISSION;Mark 38;VEV_4000;SEASHELLS;1271;3
291800;SUBMISSION;Mark 55;VELVETFRUIT_EXTRACT;SEASHELLS;5268;4
293100;Mark 55;SUBMISSION;VELVETFRUIT_EXTRACT;SEASHELLS;5273;5
293600;SUBMISSION;Mark 38;VEV_4000;SEASHELLS;1265;2
297000;SUBMISSION;;VELVETFRUIT_EXTRACT;SEASHELLS;5267;15
297500;SUBMISSION;;VELVETFRUIT_EXTRACT;SEASHELLS;5268;10
300500;SUBMISSION;;VELVETFRUIT_EXTRACT;SEASHELLS;5267;12
301000;SUBMISSION;Mark 55;VELVETFRUIT_EXTRACT;SEASHELLS;5268;8
301200;SUBMISSION;;VELVETFRUIT_EXTRACT;SEASHELLS;5269;21
301300;SUBMISSION;;VELVETFRUIT_EXTRACT;SEASHELLS;5268;74
301700;SUBMISSION;Mark 38;VEV_4000;SEASHELLS;1261;2
303100;SUBMISSION;Mark 38;VEV_4000;SEASHELLS;1261;1
305600;SUBMISSION;Mark 55;VELVETFRUIT_EXTRACT;SEASHELLS;5268;3
307600;Mark 38;SUBMISSION;VEV_4000;SEASHELLS;1276;2
310200;;SUBMISSION;VELVETFRUIT_EXTRACT;SEASHELLS;5274;5
311200;SUBMISSION;Mark 55;VELVETFRUIT_EXTRACT;SEASHELLS;5266;8
316000;;SUBMISSION;VELVETFRUIT_EXTRACT;SEASHELLS;5273;19
316600;;SUBMISSION;VELVETFRUIT_EXTRACT;SEASHELLS;5273;22
316700;;SUBMISSION;VELVETFRUIT_EXTRACT;SEASHELLS;5273;22
316800;Mark 67;SUBMISSION;VELVETFRUIT_EXTRACT;SEASHELLS;5274;7
318100;Mark 38;SUBMISSION;VEV_4000;SEASHELLS;1279;1
319600;;SUBMISSION;VELVETFRUIT_EXTRACT;SEASHELLS;5274;58
320500;;SUBMISSION;VELVETFRUIT_EXTRACT;SEASHELLS;5274;16
322300;Mark 38;SUBMISSION;VEV_4000;SEASHELLS;1277;2
323200;Mark 55;SUBMISSION;VELVETFRUIT_EXTRACT;SEASHELLS;5275;5
325800;SUBMISSION;;VELVETFRUIT_EXTRACT;SEASHELLS;5269;17
325900;SUBMISSION;;VELVETFRUIT_EXTRACT;SEASHELLS;5268;58
326000;SUBMISSION;;VELVETFRUIT_EXTRACT;SEASHELLS;5269;52
328700;SUBMISSION;Mark 38;VEV_4000;SEASHELLS;1260;3
332600;Mark 55;SUBMISSION;VELVETFRUIT_EXTRACT;SEASHELLS;5273;8
333900;Mark 55;SUBMISSION;VELVETFRUIT_EXTRACT;SEASHELLS;5272;7
336800;SUBMISSION;Mark 55;VELVETFRUIT_EXTRACT;SEASHELLS;5269;5
336900;SUBMISSION;;VELVETFRUIT_EXTRACT;SEASHELLS;5270;14
340500;SUBMISSION;Mark 38;VEV_4000;SEASHELLS;1262;3
341400;SUBMISSION;Mark 22;VEV_5500;SEASHELLS;7;2
344000;SUBMISSION;Mark 55;VELVETFRUIT_EXTRACT;SEASHELLS;5270;3
344600;SUBMISSION;Mark 55;VELVETFRUIT_EXTRACT;SEASHELLS;5266;7
344900;SUBMISSION;Mark 55;VELVETFRUIT_EXTRACT;SEASHELLS;5266;6
363300;Mark 38;SUBMISSION;VEV_4000;SEASHELLS;1267;1
368200;Mark 38;SUBMISSION;VEV_4000;SEASHELLS;1265;2
370600;Mark 38;SUBMISSION;VEV_4000;SEASHELLS;1256;3
370700;SUBMISSION;Mark 38;VEV_4000;SEASHELLS;1246;2
372300;Mark 38;SUBMISSION;VEV_4000;SEASHELLS;1259;2
386000;SUBMISSION;;VEV_5100;SEASHELLS;161;21
386200;SUBMISSION;;VEV_5100;SEASHELLS;159;8
386200;SUBMISSION;;VEV_5100;SEASHELLS;160;19
386200;SUBMISSION;;VEV_5200;SEASHELLS;89;27
386200;SUBMISSION;;VEV_5300;SEASHELLS;41;17
386300;SUBMISSION;;VEV_5000;SEASHELLS;249;6
386300;SUBMISSION;;VEV_5000;SEASHELLS;250;14
386300;SUBMISSION;;VEV_5100;SEASHELLS;158;20
386300;SUBMISSION;;VEV_5200;SEASHELLS;88;20
386300;SUBMISSION;;VEV_5300;SEASHELLS;41;20
386400;SUBMISSION;;VEV_5100;SEASHELLS;158;11
386400;SUBMISSION;;VEV_5100;SEASHELLS;159;19
386400;SUBMISSION;;VEV_5200;SEASHELLS;88;30
386400;SUBMISSION;;VEV_5300;SEASHELLS;41;18
386500;SUBMISSION;;VEV_5100;SEASHELLS;159;26
386500;SUBMISSION;;VEV_5200;SEASHELLS;88;11
386500;SUBMISSION;;VEV_5200;SEASHELLS;89;15
386800;SUBMISSION;;VEV_5000;SEASHELLS;249;12
386800;SUBMISSION;;VEV_5000;SEASHELLS;250;18
386900;SUBMISSION;;VEV_5000;SEASHELLS;248;8
386900;SUBMISSION;;VEV_5000;SEASHELLS;249;19
387000;SUBMISSION;;VEV_4500;SEASHELLS;748;11
387000;SUBMISSION;;VEV_4500;SEASHELLS;750;13
387000;SUBMISSION;;VEV_5000;SEASHELLS;247;11
387000;SUBMISSION;;VEV_5000;SEASHELLS;248;13
387100;SUBMISSION;;VEV_4000;SEASHELLS;1250;8
387100;SUBMISSION;;VEV_4000;SEASHELLS;1253;22
387100;SUBMISSION;;VEV_4500;SEASHELLS;748;11
387100;SUBMISSION;;VEV_4500;SEASHELLS;750;19
387300;SUBMISSION;;VEV_4000;SEASHELLS;1250;11
387300;SUBMISSION;;VEV_4000;SEASHELLS;1253;19
387300;SUBMISSION;;VEV_4500;SEASHELLS;748;12
387300;SUBMISSION;;VEV_4500;SEASHELLS;750;18
387400;SUBMISSION;;VEV_4000;SEASHELLS;1250;7
387400;SUBMISSION;;VEV_4000;SEASHELLS;1252;15
387400;SUBMISSION;;VEV_4500;SEASHELLS;747;9
387400;SUBMISSION;;VEV_4500;SEASHELLS;749;20
387400;SUBMISSION;;VEV_5000;SEASHELLS;246;9
387400;SUBMISSION;;VEV_5000;SEASHELLS;247;20
387800;SUBMISSION;;VEV_5200;SEASHELLS;87;19
388000;SUBMISSION;;VEV_4000;SEASHELLS;1249;10
388000;SUBMISSION;;VEV_4000;SEASHELLS;1252;20
389300;SUBMISSION;;VEV_5400;SEASHELLS;12;25
389400;SUBMISSION;;VEV_5400;SEASHELLS;12;19
397200;SUBMISSION;;VEV_5400;SEASHELLS;11;8
397200;SUBMISSION;;VEV_5400;SEASHELLS;12;14
397300;SUBMISSION;;VEV_5400;SEASHELLS;11;8
397300;SUBMISSION;;VEV_5400;SEASHELLS;12;16
397400;SUBMISSION;;VEV_5400;SEASHELLS;11;18
397500;SUBMISSION;;VEV_5400;SEASHELLS;11;20
397600;SUBMISSION;;VEV_5500;SEASHELLS;4;6
397600;SUBMISSION;;VEV_5500;SEASHELLS;5;13
398700;SUBMISSION;;VEV_5500;SEASHELLS;4;7
398700;SUBMISSION;;VEV_5500;SEASHELLS;5;10
398800;SUBMISSION;;VEV_5500;SEASHELLS;4;22
428400;Mark 38;SUBMISSION;VEV_4000;SEASHELLS;1243;1
438300;SUBMISSION;Mark 38;VEV_4000;SEASHELLS;1235;3
438900;Mark 38;SUBMISSION;VEV_4000;SEASHELLS;1244;3
449500;SUBMISSION;Mark 38;VEV_4000;SEASHELLS;1243;2
454700;Mark 38;SUBMISSION;VEV_4000;SEASHELLS;1242;1
488600;Mark 38;SUBMISSION;VEV_4000;SEASHELLS;1242;2
490600;Mark 38;SUBMISSION;VEV_4000;SEASHELLS;1246;2
499900;Mark 38;SUBMISSION;VEV_4000;SEASHELLS;1251;3
519600;SUBMISSION;Mark 22;VEV_5200;SEASHELLS;87;4
521000;Mark 38;SUBMISSION;VEV_4000;SEASHELLS;1252;1
521700;Mark 67;SUBMISSION;VELVETFRUIT_EXTRACT;SEASHELLS;5243;8
527300;Mark 55;SUBMISSION;VELVETFRUIT_EXTRACT;SEASHELLS;5247;5
529800;Mark 55;SUBMISSION;VELVETFRUIT_EXTRACT;SEASHELLS;5248;3
530600;Mark 67;SUBMISSION;VELVETFRUIT_EXTRACT;SEASHELLS;5245;5
536500;Mark 38;SUBMISSION;VEV_4000;SEASHELLS;1247;2
538700;Mark 55;SUBMISSION;VELVETFRUIT_EXTRACT;SEASHELLS;5246;5
542400;SUBMISSION;;VELVETFRUIT_EXTRACT;SEASHELLS;5241;18
543900;SUBMISSION;Mark 38;VEV_4000;SEASHELLS;1236;1
548000;SUBMISSION;Mark 55;VELVETFRUIT_EXTRACT;SEASHELLS;5236;5
551500;SUBMISSION;Mark 55;VELVETFRUIT_EXTRACT;SEASHELLS;5239;6
563200;SUBMISSION;Mark 38;VEV_4000;SEASHELLS;1234;3
563700;Mark 38;SUBMISSION;VEV_4000;SEASHELLS;1241;1
573500;SUBMISSION;Mark 38;VEV_4000;SEASHELLS;1229;2
600300;Mark 38;SUBMISSION;VEV_4000;SEASHELLS;1249;2
603700;;SUBMISSION;VELVETFRUIT_EXTRACT;SEASHELLS;5243;18
604500;Mark 55;SUBMISSION;VELVETFRUIT_EXTRACT;SEASHELLS;5244;7
605100;SUBMISSION;Mark 38;VEV_4000;SEASHELLS;1238;3
607400;Mark 38;SUBMISSION;VEV_4000;SEASHELLS;1254;2
608800;Mark 55;SUBMISSION;VELVETFRUIT_EXTRACT;SEASHELLS;5254;3
610900;SUBMISSION;Mark 38;VEV_4000;SEASHELLS;1244;3
611300;Mark 67;SUBMISSION;VELVETFRUIT_EXTRACT;SEASHELLS;5243;6
614100;Mark 67;SUBMISSION;VELVETFRUIT_EXTRACT;SEASHELLS;5243;10
620600;SUBMISSION;;VELVETFRUIT_EXTRACT;SEASHELLS;5234;23
624000;SUBMISSION;Mark 38;VEV_4000;SEASHELLS;1231;2
624200;SUBMISSION;Mark 38;VEV_4000;SEASHELLS;1231;2
625900;Mark 38;SUBMISSION;VEV_4000;SEASHELLS;1248;2
626300;Mark 55;SUBMISSION;VELVETFRUIT_EXTRACT;SEASHELLS;5247;5
627100;Mark 38;SUBMISSION;VEV_4000;SEASHELLS;1249;3
627400;Mark 55;SUBMISSION;VELVETFRUIT_EXTRACT;SEASHELLS;5245;7
630800;;SUBMISSION;VELVETFRUIT_EXTRACT;SEASHELLS;5241;18
634400;Mark 55;SUBMISSION;VELVETFRUIT_EXTRACT;SEASHELLS;5244;5
635100;SUBMISSION;Mark 38;VEV_4000;SEASHELLS;1240;3
636200;;SUBMISSION;VELVETFRUIT_EXTRACT;SEASHELLS;5245;17
637900;Mark 38;SUBMISSION;VEV_4000;SEASHELLS;1251;3
638600;;SUBMISSION;VELVETFRUIT_EXTRACT;SEASHELLS;5245;22
641500;Mark 55;SUBMISSION;VELVETFRUIT_EXTRACT;SEASHELLS;5247;5
643300;Mark 38;SUBMISSION;VEV_4000;SEASHELLS;1247;1
648700;SUBMISSION;Mark 38;VEV_4000;SEASHELLS;1240;3
650200;Mark 55;SUBMISSION;VELVETFRUIT_EXTRACT;SEASHELLS;5245;6
650600;Mark 67;SUBMISSION;VELVETFRUIT_EXTRACT;SEASHELLS;5243;8
651100;SUBMISSION;;VELVETFRUIT_EXTRACT;SEASHELLS;5240;15
651300;Mark 55;SUBMISSION;VELVETFRUIT_EXTRACT;SEASHELLS;5246;8
653800;Mark 55;SUBMISSION;VELVETFRUIT_EXTRACT;SEASHELLS;5251;5
656600;Mark 67;SUBMISSION;VELVETFRUIT_EXTRACT;SEASHELLS;5252;8
658100;Mark 38;SUBMISSION;VEV_4000;SEASHELLS;1258;3
662600;Mark 55;SUBMISSION;VELVETFRUIT_EXTRACT;SEASHELLS;5250;6
667800;Mark 55;SUBMISSION;VELVETFRUIT_EXTRACT;SEASHELLS;5261;5
669900;Mark 38;SUBMISSION;VEV_4000;SEASHELLS;1270;3
672600;Mark 55;SUBMISSION;VELVETFRUIT_EXTRACT;SEASHELLS;5270;3
672800;Mark 67;SUBMISSION;VELVETFRUIT_EXTRACT;SEASHELLS;5270;10
673600;Mark 55;SUBMISSION;VELVETFRUIT_EXTRACT;SEASHELLS;5274;6
676600;Mark 38;SUBMISSION;VEV_4000;SEASHELLS;1274;2
679500;;SUBMISSION;VEV_5100;SEASHELLS;183;11
679500;;SUBMISSION;VEV_5100;SEASHELLS;182;15
679700;;SUBMISSION;VEV_5100;SEASHELLS;183;24
679800;;SUBMISSION;VEV_5100;SEASHELLS;183;9
679800;;SUBMISSION;VEV_5100;SEASHELLS;182;21
679900;;SUBMISSION;VEV_5100;SEASHELLS;183;12
679900;;SUBMISSION;VEV_5100;SEASHELLS;182;18
681300;;SUBMISSION;VEV_4000;SEASHELLS;1278;2
681300;;SUBMISSION;VEV_4000;SEASHELLS;1267;11
681300;;SUBMISSION;VEV_4000;SEASHELLS;1265;15
681300;;SUBMISSION;VEV_4500;SEASHELLS;778;2
681300;;SUBMISSION;VEV_4500;SEASHELLS;770;7
681300;;SUBMISSION;VEV_4500;SEASHELLS;768;14
681300;;SUBMISSION;VEV_5000;SEASHELLS;280;2
681300;;SUBMISSION;VEV_5000;SEASHELLS;277;7
681300;;SUBMISSION;VEV_5000;SEASHELLS;276;14
681400;;SUBMISSION;VEV_5000;SEASHELLS;278;8
681400;;SUBMISSION;VEV_5000;SEASHELLS;277;18
681500;;SUBMISSION;VEV_5000;SEASHELLS;277;8
681500;;SUBMISSION;VEV_5000;SEASHELLS;276;17
681700;;SUBMISSION;VEV_5000;SEASHELLS;277;8
681700;;SUBMISSION;VEV_5000;SEASHELLS;276;19
681900;;SUBMISSION;VEV_5000;SEASHELLS;277;9
681900;;SUBMISSION;VEV_5000;SEASHELLS;276;21
682100;;SUBMISSION;VEV_5200;SEASHELLS;107;12
682100;;SUBMISSION;VEV_5200;SEASHELLS;106;18
682200;;SUBMISSION;VEV_4000;SEASHELLS;1270;8
682200;;SUBMISSION;VEV_4000;SEASHELLS;1268;22
682200;;SUBMISSION;VEV_4500;SEASHELLS;773;7
682200;;SUBMISSION;VEV_4500;SEASHELLS;771;21
682200;;SUBMISSION;VEV_5200;SEASHELLS;108;7
682200;;SUBMISSION;VEV_5200;SEASHELLS;107;21
682300;;SUBMISSION;VEV_4000;SEASHELLS;1269;10
682300;;SUBMISSION;VEV_4000;SEASHELLS;1267;20
682300;;SUBMISSION;VEV_4500;SEASHELLS;772;9
682300;;SUBMISSION;VEV_4500;SEASHELLS;770;13
682300;;SUBMISSION;VEV_5200;SEASHELLS;107;22
682700;;SUBMISSION;VEV_4000;SEASHELLS;1269;7
682700;;SUBMISSION;VEV_4000;SEASHELLS;1267;23
682700;;SUBMISSION;VEV_4500;SEASHELLS;772;6
682700;;SUBMISSION;VEV_4500;SEASHELLS;770;17
682700;;SUBMISSION;VEV_5200;SEASHELLS;107;23
682800;;SUBMISSION;VEV_4500;SEASHELLS;772;7
682800;;SUBMISSION;VEV_4500;SEASHELLS;770;12
682800;;SUBMISSION;VEV_5200;SEASHELLS;107;19
690500;SUBMISSION;Mark 38;VEV_4000;SEASHELLS;1268;1
692000;Mark 38;SUBMISSION;VEV_4000;SEASHELLS;1277;1
699800;SUBMISSION;Mark 38;VEV_4000;SEASHELLS;1265;3
711200;SUBMISSION;Mark 38;VEV_4000;SEASHELLS;1253;3
714100;SUBMISSION;;VELVETFRUIT_EXTRACT;SEASHELLS;5248;8
714600;SUBMISSION;;VELVETFRUIT_EXTRACT;SEASHELLS;5250;72
714700;SUBMISSION;;VELVETFRUIT_EXTRACT;SEASHELLS;5249;21
714700;SUBMISSION;;VELVETFRUIT_EXTRACT;SEASHELLS;5250;42
720700;SUBMISSION;;VEV_5200;SEASHELLS;82;24
723600;SUBMISSION;;VEV_5200;SEASHELLS;81;19
723700;SUBMISSION;;VEV_5200;SEASHELLS;81;25
723800;SUBMISSION;;VEV_5100;SEASHELLS;151;6
723800;SUBMISSION;;VEV_5100;SEASHELLS;152;23
723800;SUBMISSION;;VEV_5200;SEASHELLS;81;29
724000;SUBMISSION;;VEV_5200;SEASHELLS;81;25
724100;SUBMISSION;;VEV_5100;SEASHELLS;151;30
724400;SUBMISSION;;VEV_5100;SEASHELLS;151;22
725500;SUBMISSION;;VEV_5100;SEASHELLS;151;30
726300;SUBMISSION;;VEV_5000;SEASHELLS;238;8
726300;SUBMISSION;;VEV_5000;SEASHELLS;239;12
726400;SUBMISSION;;VEV_5000;SEASHELLS;237;11
726400;SUBMISSION;;VEV_5000;SEASHELLS;238;12
726500;SUBMISSION;;VEV_5000;SEASHELLS;238;27
726600;SUBMISSION;;VEV_4000;SEASHELLS;1229;2
726600;SUBMISSION;;VEV_4000;SEASHELLS;1240;10
726600;SUBMISSION;;VEV_4000;SEASHELLS;1243;18
726600;SUBMISSION;;VEV_4500;SEASHELLS;729;2
726600;SUBMISSION;;VEV_4500;SEASHELLS;738;10
726600;SUBMISSION;;VEV_4500;SEASHELLS;740;18
726600;SUBMISSION;;VEV_5000;SEASHELLS;234;2
726600;SUBMISSION;;VEV_5000;SEASHELLS;237;10
726600;SUBMISSION;;VEV_5000;SEASHELLS;238;18
726700;SUBMISSION;;VEV_4000;SEASHELLS;1240;12
726700;SUBMISSION;;VEV_4000;SEASHELLS;1242;18
726700;SUBMISSION;;VEV_4500;SEASHELLS;737;6
726700;SUBMISSION;;VEV_4500;SEASHELLS;739;23
726700;SUBMISSION;;VEV_5000;SEASHELLS;237;29
727900;SUBMISSION;Mark 38;VEV_4000;SEASHELLS;1227;2
728900;SUBMISSION;;VEV_4000;SEASHELLS;1239;15
728900;SUBMISSION;;VEV_4000;SEASHELLS;1242;15
728900;SUBMISSION;;VEV_4500;SEASHELLS;737;6
728900;SUBMISSION;;VEV_4500;SEASHELLS;739;20
729400;SUBMISSION;;VEV_4000;SEASHELLS;1240;10
729400;SUBMISSION;;VEV_4000;SEASHELLS;1242;15
729400;SUBMISSION;;VEV_4500;SEASHELLS;737;12
729400;SUBMISSION;;VEV_4500;SEASHELLS;739;18
773800;SUBMISSION;Mark 55;VELVETFRUIT_EXTRACT;SEASHELLS;5235;8
774200;Mark 38;SUBMISSION;VEV_4000;SEASHELLS;1239;2
779700;Mark 55;SUBMISSION;VELVETFRUIT_EXTRACT;SEASHELLS;5242;4
787000;Mark 55;SUBMISSION;VELVETFRUIT_EXTRACT;SEASHELLS;5250;6
793900;Mark 67;SUBMISSION;VELVETFRUIT_EXTRACT;SEASHELLS;5242;5
796100;Mark 55;SUBMISSION;VELVETFRUIT_EXTRACT;SEASHELLS;5244;5
796600;Mark 55;SUBMISSION;VELVETFRUIT_EXTRACT;SEASHELLS;5243;7
796800;SUBMISSION;Mark 38;VEV_4000;SEASHELLS;1233;1
798800;SUBMISSION;;VELVETFRUIT_EXTRACT;SEASHELLS;5241;12
798800;SUBMISSION;Mark 49;VELVETFRUIT_EXTRACT;SEASHELLS;5241;12
800000;Mark 38;SUBMISSION;VEV_4000;SEASHELLS;1255;1
803000;Mark 55;SUBMISSION;VELVETFRUIT_EXTRACT;SEASHELLS;5256;3
805000;Mark 55;SUBMISSION;VELVETFRUIT_EXTRACT;SEASHELLS;5258;3
805600;SUBMISSION;Mark 38;VEV_4000;SEASHELLS;1251;2
807300;Mark 55;SUBMISSION;VELVETFRUIT_EXTRACT;SEASHELLS;5262;6
808200;SUBMISSION;Mark 38;VEV_4000;SEASHELLS;1258;2
809100;SUBMISSION;Mark 38;VEV_4000;SEASHELLS;1253;3
810000;Mark 55;SUBMISSION;VELVETFRUIT_EXTRACT;SEASHELLS;5255;5
812600;Mark 55;SUBMISSION;VELVETFRUIT_EXTRACT;SEASHELLS;5250;5
813500;SUBMISSION;Mark 55;VELVETFRUIT_EXTRACT;SEASHELLS;5241;4
815900;Mark 55;SUBMISSION;VELVETFRUIT_EXTRACT;SEASHELLS;5245;3
816800;Mark 38;SUBMISSION;VEV_4000;SEASHELLS;1248;3
819600;SUBMISSION;Mark 38;VEV_4000;SEASHELLS;1246;3
822500;Mark 55;SUBMISSION;VELVETFRUIT_EXTRACT;SEASHELLS;5254;5
823500;Mark 55;SUBMISSION;VELVETFRUIT_EXTRACT;SEASHELLS;5253;8
823600;SUBMISSION;Mark 38;VEV_4000;SEASHELLS;1246;3
825200;Mark 55;SUBMISSION;VELVETFRUIT_EXTRACT;SEASHELLS;5255;4
825500;Mark 38;SUBMISSION;VEV_4000;SEASHELLS;1261;3
825600;Mark 55;SUBMISSION;VELVETFRUIT_EXTRACT;SEASHELLS;5258;6
825700;Mark 55;SUBMISSION;VELVETFRUIT_EXTRACT;SEASHELLS;5258;6
827300;Mark 38;SUBMISSION;VEV_4000;SEASHELLS;1259;2
827900;Mark 55;SUBMISSION;VELVETFRUIT_EXTRACT;SEASHELLS;5255;3
828400;Mark 55;SUBMISSION;VELVETFRUIT_EXTRACT;SEASHELLS;5257;3
829800;Mark 55;SUBMISSION;VELVETFRUIT_EXTRACT;SEASHELLS;5253;7
830500;;SUBMISSION;VELVETFRUIT_EXTRACT;SEASHELLS;5251;17
831300;Mark 55;SUBMISSION;VELVETFRUIT_EXTRACT;SEASHELLS;5256;3
833300;Mark 38;SUBMISSION;VEV_4000;SEASHELLS;1260;2
833700;Mark 55;SUBMISSION;VELVETFRUIT_EXTRACT;SEASHELLS;5257;5
836300;SUBMISSION;Mark 22;VEV_5300;SEASHELLS;43;1
840900;;SUBMISSION;VELVETFRUIT_EXTRACT;SEASHELLS;5255;24
840900;Mark 14;SUBMISSION;VELVETFRUIT_EXTRACT;SEASHELLS;5255;6
842300;;SUBMISSION;VELVETFRUIT_EXTRACT;SEASHELLS;5258;23
844300;Mark 55;SUBMISSION;VELVETFRUIT_EXTRACT;SEASHELLS;5261;7
850200;SUBMISSION;Mark 38;VEV_4000;SEASHELLS;1252;1
868700;SUBMISSION;;VELVETFRUIT_EXTRACT;SEASHELLS;5251;20
868800;SUBMISSION;;VELVETFRUIT_EXTRACT;SEASHELLS;5251;24
868900;SUBMISSION;;VELVETFRUIT_EXTRACT;SEASHELLS;5251;56
869300;SUBMISSION;;VELVETFRUIT_EXTRACT;SEASHELLS;5250;22
869900;SUBMISSION;;VELVETFRUIT_EXTRACT;SEASHELLS;5250;18
874800;SUBMISSION;Mark 55;VELVETFRUIT_EXTRACT;SEASHELLS;5248;8
875900;Mark 38;SUBMISSION;VEV_4000;SEASHELLS;1254;1
879100;SUBMISSION;Mark 38;VEV_4000;SEASHELLS;1242;2
880000;SUBMISSION;Mark 38;VEV_4000;SEASHELLS;1247;3
884100;SUBMISSION;Mark 38;VEV_4000;SEASHELLS;1251;2
886000;Mark 55;SUBMISSION;VELVETFRUIT_EXTRACT;SEASHELLS;5264;3
887000;Mark 55;SUBMISSION;VELVETFRUIT_EXTRACT;SEASHELLS;5267;4
887900;;SUBMISSION;VELVETFRUIT_EXTRACT;SEASHELLS;5268;18
887900;Mark 67;SUBMISSION;VELVETFRUIT_EXTRACT;SEASHELLS;5268;12
891400;Mark 55;SUBMISSION;VELVETFRUIT_EXTRACT;SEASHELLS;5267;4
891800;Mark 55;SUBMISSION;VELVETFRUIT_EXTRACT;SEASHELLS;5271;7
892900;Mark 55;SUBMISSION;VELVETFRUIT_EXTRACT;SEASHELLS;5274;5
893000;;SUBMISSION;VELVETFRUIT_EXTRACT;SEASHELLS;5272;15
893000;;SUBMISSION;VELVETFRUIT_EXTRACT;SEASHELLS;5271;38
893100;;SUBMISSION;VEV_5100;SEASHELLS;182;25
893200;;SUBMISSION;VEV_5100;SEASHELLS;183;7
893200;;SUBMISSION;VEV_5100;SEASHELLS;182;14
893300;;SUBMISSION;VEV_5000;SEASHELLS;275;12
893300;;SUBMISSION;VEV_5000;SEASHELLS;274;18
893300;;SUBMISSION;VEV_5100;SEASHELLS;183;12
893300;;SUBMISSION;VEV_5100;SEASHELLS;182;18
893400;;SUBMISSION;VEV_5100;SEASHELLS;182;26
893500;;SUBMISSION;VEV_5100;SEASHELLS;182;6
893500;;SUBMISSION;VEV_5100;SEASHELLS;181;16
893700;;SUBMISSION;VELVETFRUIT_EXTRACT;SEASHELLS;5272;21
893700;;SUBMISSION;VELVETFRUIT_EXTRACT;SEASHELLS;5271;6
894100;;SUBMISSION;VEV_5000;SEASHELLS;275;11
894100;;SUBMISSION;VEV_5000;SEASHELLS;274;19
894200;;SUBMISSION;VEV_5000;SEASHELLS;276;11
894200;;SUBMISSION;VEV_5000;SEASHELLS;275;19
894800;Mark 38;SUBMISSION;VEV_4000;SEASHELLS;1277;2
897600;;SUBMISSION;VEV_5000;SEASHELLS;275;22
897900;;SUBMISSION;VEV_5000;SEASHELLS;276;7
897900;;SUBMISSION;VEV_5000;SEASHELLS;275;12
898100;;SUBMISSION;VEV_4000;SEASHELLS;1268;9
898100;;SUBMISSION;VEV_4000;SEASHELLS;1266;18
898100;;SUBMISSION;VEV_4500;SEASHELLS;771;12
898100;;SUBMISSION;VEV_4500;SEASHELLS;769;18
898100;;SUBMISSION;VEV_5200;SEASHELLS;106;30
898200;;SUBMISSION;VEV_4000;SEASHELLS;1267;12
898200;;SUBMISSION;VEV_4000;SEASHELLS;1265;18
898200;;SUBMISSION;VEV_4500;SEASHELLS;770;8
898200;;SUBMISSION;VEV_4500;SEASHELLS;768;13
898200;;SUBMISSION;VEV_5200;SEASHELLS;105;21
898300;;SUBMISSION;VEV_4000;SEASHELLS;1269;13
898300;;SUBMISSION;VEV_4000;SEASHELLS;1267;17
898300;;SUBMISSION;VEV_4500;SEASHELLS;772;9
898300;;SUBMISSION;VEV_4500;SEASHELLS;770;21
898300;;SUBMISSION;VEV_5200;SEASHELLS;107;30
898400;;SUBMISSION;VEV_4000;SEASHELLS;1271;14
898400;;SUBMISSION;VEV_4000;SEASHELLS;1268;16
898400;;SUBMISSION;VEV_4500;SEASHELLS;773;10
898400;;SUBMISSION;VEV_4500;SEASHELLS;771;14
898400;;SUBMISSION;VEV_5200;SEASHELLS;108;24
898500;;SUBMISSION;VEV_5200;SEASHELLS;108;30
899300;;SUBMISSION;VEV_5300;SEASHELLS;53;6
899300;;SUBMISSION;VEV_5300;SEASHELLS;52;17
899500;;SUBMISSION;VEV_5300;SEASHELLS;53;21
899600;;SUBMISSION;VEV_5300;SEASHELLS;53;6
899600;;SUBMISSION;VEV_5300;SEASHELLS;52;15
899700;;SUBMISSION;VEV_5300;SEASHELLS;53;22
899800;;SUBMISSION;VEV_5300;SEASHELLS;54;5
899800;;SUBMISSION;VEV_5300;SEASHELLS;53;13
899900;;SUBMISSION;VEV_5300;SEASHELLS;54;8
899900;;SUBMISSION;VEV_5300;SEASHELLS;53;15
900000;;SUBMISSION;VEV_5400;SEASHELLS;18;27
900100;;SUBMISSION;VEV_5400;SEASHELLS;18;25
900200;;SUBMISSION;VEV_5400;SEASHELLS;18;9
900200;;SUBMISSION;VEV_5400;SEASHELLS;17;14
900300;;SUBMISSION;VEV_5400;SEASHELLS;18;25
915800;;SUBMISSION;VEV_5400;SEASHELLS;18;8
915800;;SUBMISSION;VEV_5400;SEASHELLS;17;18
930900;;SUBMISSION;VELVETFRUIT_EXTRACT;SEASHELLS;5272;11
940400;;SUBMISSION;VELVETFRUIT_EXTRACT;SEASHELLS;5271;19
948500;SUBMISSION;Mark 22;VEV_5300;SEASHELLS;49;4
961700;SUBMISSION;Mark 38;VEV_4000;SEASHELLS;1262;3
962500;SUBMISSION;;VELVETFRUIT_EXTRACT;SEASHELLS;5264;6
963100;SUBMISSION;;VELVETFRUIT_EXTRACT;SEASHELLS;5264;17
964300;SUBMISSION;Mark 55;VELVETFRUIT_EXTRACT;SEASHELLS;5265;4
965600;SUBMISSION;Mark 38;VEV_4000;SEASHELLS;1261;3
965800;SUBMISSION;;VELVETFRUIT_EXTRACT;SEASHELLS;5262;18
967000;SUBMISSION;;VELVETFRUIT_EXTRACT;SEASHELLS;5264;20
967100;SUBMISSION;;VELVETFRUIT_EXTRACT;SEASHELLS;5264;15
967200;SUBMISSION;;VELVETFRUIT_EXTRACT;SEASHELLS;5264;20
967300;SUBMISSION;;VELVETFRUIT_EXTRACT;SEASHELLS;5264;22
967800;SUBMISSION;;VELVETFRUIT_EXTRACT;SEASHELLS;5264;16
968000;SUBMISSION;;VELVETFRUIT_EXTRACT;SEASHELLS;5264;16
970000;SUBMISSION;Mark 55;VELVETFRUIT_EXTRACT;SEASHELLS;5261;8
972700;Mark 55;SUBMISSION;VELVETFRUIT_EXTRACT;SEASHELLS;5270;8
975900;SUBMISSION;Mark 38;VEV_4000;SEASHELLS;1267;1
977300;SUBMISSION;Mark 22;VEV_5300;SEASHELLS;46;1
978200;SUBMISSION;Mark 38;VEV_4000;SEASHELLS;1264;2
978400;Mark 55;SUBMISSION;VELVETFRUIT_EXTRACT;SEASHELLS;5269;8
978600;Mark 55;SUBMISSION;VELVETFRUIT_EXTRACT;SEASHELLS;5271;4
980100;;SUBMISSION;VELVETFRUIT_EXTRACT;SEASHELLS;5273;15
980100;;SUBMISSION;VELVETFRUIT_EXTRACT;SEASHELLS;5272;32
980300;;SUBMISSION;VELVETFRUIT_EXTRACT;SEASHELLS;5272;32
982500;SUBMISSION;Mark 38;VEV_4000;SEASHELLS;1268;2
989000;;SUBMISSION;VEV_4000;SEASHELLS;1277;7
989000;;SUBMISSION;VEV_4000;SEASHELLS;1274;16
995800;;SUBMISSION;VEV_4500;SEASHELLS;781;6
995800;;SUBMISSION;VEV_4500;SEASHELLS;779;12
