timestamp;buyer;seller;symbol;currency;price;quantity
2500;;SUBMISSION;VELVETFRUIT_EXTRACT;SEASHELLS;5249;4
5200;SUBMISSION;;VELVETFRUIT_EXTRACT;SEASHELLS;5237;3
5500;;SUBMISSION;VELVETFRUIT_EXTRACT;SEASHELLS;5240;8
8000;;SUBMISSION;HYDROGEL_PACK;SEASHELLS;10017;6
9300;SUBMISSION;;VELVETFRUIT_EXTRACT;SEASHELLS;5230;6
10100;;SUBMISSION;HYDROGEL_PACK;SEASHELLS;10012;5
11900;;SUBMISSION;VELVETFRUIT_EXTRACT;SEASHELLS;5236;4
14000;;SUBMISSION;VELVETFRUIT_EXTRACT;SEASHELLS;5242;7
15300;;SUBMISSION;HYDROGEL_PACK;SEASHELLS;10024;3
15700;SUBMISSION;;HYDROGEL_PACK;SEASHELLS;10011;2
16400;SUBMISSION;;HYDROGEL_PACK;SEASHELLS;10011;4
19900;SUBMISSION;;VELVETFRUIT_EXTRACT;SEASHELLS;5237;7
20300;SUBMISSION;;HYDROGEL_PACK;SEASHELLS;10004;5
20500;SUBMISSION;;HYDROGEL_PACK;SEASHELLS;10002;3
20700;;SUBMISSION;VELVETFRUIT_EXTRACT;SEASHELLS;5237;5
22500;SUBMISSION;;VELVETFRUIT_EXTRACT;SEASHELLS;5235;4
23300;;SUBMISSION;HYDROGEL_PACK;SEASHELLS;9996;2
27300;SUBMISSION;;VELVETFRUIT_EXTRACT;SEASHELLS;5231;3
28400;SUBMISSION;;VELVETFRUIT_EXTRACT;SEASHELLS;5231;8
28500;;SUBMISSION;HYDROGEL_PACK;SEASHELLS;9993;5
29100;SUBMISSION;;HYDROGEL_PACK;SEASHELLS;9974;6
29800;;SUBMISSION;VELVETFRUIT_EXTRACT;SEASHELLS;5231;4
33300;;SUBMISSION;VELVETFRUIT_EXTRACT;SEASHELLS;5232;6
36500;SUBMISSION;;VELVETFRUIT_EXTRACT;SEASHELLS;5230;7
36800;SUBMISSION;;VELVETFRUIT_EXTRACT;SEASHELLS;5229;7
37300;SUBMISSION;;VELVETFRUIT_EXTRACT;SEASHELLS;5232;5
38400;;SUBMISSION;VELVETFRUIT_EXTRACT;SEASHELLS;5234;3
38700;;SUBMISSION;VELVETFRUIT_EXTRACT;SEASHELLS;5235;6
39900;SUBMISSION;;VELVETFRUIT_EXTRACT;SEASHELLS;5231;8
45800;SUBMISSION;;HYDROGEL_PACK;SEASHELLS;9979;2
54300;SUBMISSION;;VELVETFRUIT_EXTRACT;SEASHELLS;5240;4
54600;;SUBMISSION;HYDROGEL_PACK;SEASHELLS;9985;3
54900;;SUBMISSION;VELVETFRUIT_EXTRACT;SEASHELLS;5239;4
55000;;SUBMISSION;HYDROGEL_PACK;SEASHELLS;9985;6
56700;;SUBMISSION;HYDROGEL_PACK;SEASHELLS;9989;6
57500;;SUBMISSION;VELVETFRUIT_EXTRACT;SEASHELLS;5245;4
60000;SUBMISSION;;HYDROGEL_PACK;SEASHELLS;9991;4
61900;;SUBMISSION;VELVETFRUIT_EXTRACT;SEASHELLS;5241;5
63900;SUBMISSION;;HYDROGEL_PACK;SEASHELLS;9989;5
65600;;SUBMISSION;VELVETFRUIT_EXTRACT;SEASHELLS;5237;8
67600;;SUBMISSION;HYDROGEL_PACK;SEASHELLS;9991;5
69200;SUBMISSION;;VELVETFRUIT_EXTRACT;SEASHELLS;5239;7
73000;SUBMISSION;;HYDROGEL_PACK;SEASHELLS;9982;3
75500;;SUBMISSION;VELVETFRUIT_EXTRACT;SEASHELLS;5242;6
75800;SUBMISSION;;VELVETFRUIT_EXTRACT;SEASHELLS;5241;3
76300;;SUBMISSION;VELVETFRUIT_EXTRACT;SEASHELLS;5246;8
77800;;SUBMISSION;HYDROGEL_PACK;SEASHELLS;9988;2
79800;SUBMISSION;;VELVETFRUIT_EXTRACT;SEASHELLS;5248;6
85300;;SUBMISSION;VELVETFRUIT_EXTRACT;SEASHELLS;5244;6
85800;SUBMISSION;;VELVETFRUIT_EXTRACT;SEASHELLS;5239;4
86300;;SUBMISSION;VELVETFRUIT_EXTRACT;SEASHELLS;5243;7
86800;;SUBMISSION;VELVETFRUIT_EXTRACT;SEASHELLS;5244;6
90000;;SUBMISSION;HYDROGEL_PACK;SEASHELLS;9948;6
93200;;SUBMISSION;HYDROGEL_PACK;SEASHELLS;9947;6
94600;SUBMISSION;;HYDROGEL_PACK;SEASHELLS;9933;3
94900;SUBMISSION;;HYDROGEL_PACK;SEASHELLS;9935;4
96800;SUBMISSION;;HYDROGEL_PACK;SEASHELLS;9942;2
101800;;SUBMISSION;VELVETFRUIT_EXTRACT;SEASHELLS;5240;4
102200;SUBMISSION;;HYDROGEL_PACK;SEASHELLS;9949;5
102600;SUBMISSION;;VELVETFRUIT_EXTRACT;SEASHELLS;5237;4
104800;;SUBMISSION;VELVETFRUIT_EXTRACT;SEASHELLS;5234;6
105100;SUBMISSION;;HYDROGEL_PACK;SEASHELLS;9945;4
106100;SUBMISSION;;HYDROGEL_PACK;SEASHELLS;9945;6
108800;;SUBMISSION;HYDROGEL_PACK;SEASHELLS;9948;2
109500;SUBMISSION;;HYDROGEL_PACK;SEASHELLS;9928;2
116300;SUBMISSION;;HYDROGEL_PACK;SEASHELLS;9931;5
120900;SUBMISSION;;VELVETFRUIT_EXTRACT;SEASHELLS;5221;5
123200;SUBMISSION;;VELVETFRUIT_EXTRACT;SEASHELLS;5231;5
125000;;SUBMISSION;HYDROGEL_PACK;SEASHELLS;9970;4
128500;SUBMISSION;;HYDROGEL_PACK;SEASHELLS;9957;5
132000;SUBMISSION;;HYDROGEL_PACK;SEASHELLS;9951;3
132900;SUBMISSION;;HYDROGEL_PACK;SEASHELLS;9957;2
133600;;SUBMISSION;HYDROGEL_PACK;SEASHELLS;9968;5
136800;;SUBMISSION;HYDROGEL_PACK;SEASHELLS;9954;5
141700;SUBMISSION;;HYDROGEL_PACK;SEASHELLS;9941;2
141700;;SUBMISSION;VELVETFRUIT_EXTRACT;SEASHELLS;5233;6
142400;SUBMISSION;;VELVETFRUIT_EXTRACT;SEASHELLS;5232;5
143600;SUBMISSION;;HYDROGEL_PACK;SEASHELLS;9950;4
144100;SUBMISSION;;VELVETFRUIT_EXTRACT;SEASHELLS;5228;7
144500;;SUBMISSION;HYDROGEL_PACK;SEASHELLS;9964;3
148100;SUBMISSION;;VELVETFRUIT_EXTRACT;SEASHELLS;5224;3
148700;SUBMISSION;;VELVETFRUIT_EXTRACT;SEASHELLS;5224;8
152200;;SUBMISSION;VELVETFRUIT_EXTRACT;SEASHELLS;5236;3
152400;SUBMISSION;;VELVETFRUIT_EXTRACT;SEASHELLS;5232;3
153400;SUBMISSION;;HYDROGEL_PACK;SEASHELLS;9966;4
155200;;SUBMISSION;HYDROGEL_PACK;SEASHELLS;9989;5
156600;;SUBMISSION;VELVETFRUIT_EXTRACT;SEASHELLS;5243;4
159000;;SUBMISSION;VELVETFRUIT_EXTRACT;SEASHELLS;5248;6
159300;SUBMISSION;;HYDROGEL_PACK;SEASHELLS;9970;2
163300;;SUBMISSION;HYDROGEL_PACK;SEASHELLS;9975;3
164600;SUBMISSION;;HYDROGEL_PACK;SEASHELLS;9964;3
169000;SUBMISSION;;HYDROGEL_PACK;SEASHELLS;9955;3
171500;;SUBMISSION;HYDROGEL_PACK;SEASHELLS;9981;5
172800;;SUBMISSION;VELVETFRUIT_EXTRACT;SEASHELLS;5251;3
173200;;SUBMISSION;VELVETFRUIT_EXTRACT;SEASHELLS;5252;5
173900;SUBMISSION;;VELVETFRUIT_EXTRACT;SEASHELLS;5246;5
178100;SUBMISSION;;HYDROGEL_PACK;SEASHELLS;9959;2
178300;;SUBMISSION;VELVETFRUIT_EXTRACT;SEASHELLS;5238;6
178800;SUBMISSION;;VELVETFRUIT_EXTRACT;SEASHELLS;5238;5
179500;SUBMISSION;;VELVETFRUIT_EXTRACT;SEASHELLS;5237;3
181900;;SUBMISSION;HYDROGEL_PACK;SEASHELLS;9979;3
183300;;SUBMISSION;HYDROGEL_PACK;SEASHELLS;9972;4
185800;SUBMISSION;;HYDROGEL_PACK;SEASHELLS;9962;6
190500;SUBMISSION;;VELVETFRUIT_EXTRACT;SEASHELLS;5233;10
190600;SUBMISSION;;HYDROGEL_PACK;SEASHELLS;9945;6
195800;;SUBMISSION;VELVETFRUIT_EXTRACT;SEASHELLS;5233;8
196500;SUBMISSION;;VELVETFRUIT_EXTRACT;SEASHELLS;5228;7
196600;SUBMISSION;;HYDROGEL_PACK;SEASHELLS;9954;3
197000;;SUBMISSION;HYDROGEL_PACK;SEASHELLS;9965;6
198200;SUBMISSION;;VEV_5300;SEASHELLS;42;4
199300;;SUBMISSION;VELVETFRUIT_EXTRACT;SEASHELLS;5232;7
199700;SUBMISSION;;VELVETFRUIT_EXTRACT;SEASHELLS;5228;4
200700;;SUBMISSION;VELVETFRUIT_EXTRACT;SEASHELLS;5234;7
201900;SUBMISSION;;VELVETFRUIT_EXTRACT;SEASHELLS;5231;4
203900;;SUBMISSION;HYDROGEL_PACK;SEASHELLS;9976;6
206200;;SUBMISSION;HYDROGEL_PACK;SEASHELLS;9981;5
206700;SUBMISSION;;HYDROGEL_PACK;SEASHELLS;9964;5
207200;SUBMISSION;;HYDROGEL_PACK;SEASHELLS;9964;4
207600;;SUBMISSION;HYDROGEL_PACK;SEASHELLS;9977;6
209000;;SUBMISSION;HYDROGEL_PACK;SEASHELLS;9987;5
210700;;SUBMISSION;VELVETFRUIT_EXTRACT;SEASHELLS;5237;6
213100;;SUBMISSION;VELVETFRUIT_EXTRACT;SEASHELLS;5223;6
216000;SUBMISSION;;VELVETFRUIT_EXTRACT;SEASHELLS;5223;3
216600;SUBMISSION;;VELVETFRUIT_EXTRACT;SEASHELLS;5223;7
218800;;SUBMISSION;HYDROGEL_PACK;SEASHELLS;9984;4
220100;SUBMISSION;;VEV_5200;SEASHELLS;84;4
221500;SUBMISSION;;HYDROGEL_PACK;SEASHELLS;9988;3
222700;;SUBMISSION;HYDROGEL_PACK;SEASHELLS;10000;6
225900;;SUBMISSION;VELVETFRUIT_EXTRACT;SEASHELLS;5234;5
230000;SUBMISSION;;VEV_5500;SEASHELLS;7;1
232700;SUBMISSION;;VELVETFRUIT_EXTRACT;SEASHELLS;5235;3
234200;SUBMISSION;;HYDROGEL_PACK;SEASHELLS;9978;6
235100;SUBMISSION;;VEV_5300;SEASHELLS;46;1
235500;SUBMISSION;;VELVETFRUIT_EXTRACT;SEASHELLS;5234;8
235900;SUBMISSION;;VELVETFRUIT_EXTRACT;SEASHELLS;5232;8
238700;;SUBMISSION;VELVETFRUIT_EXTRACT;SEASHELLS;5232;6
239200;SUBMISSION;;VELVETFRUIT_EXTRACT;SEASHELLS;5230;5
240700;SUBMISSION;;HYDROGEL_PACK;SEASHELLS;9964;4
242100;;SUBMISSION;VELVETFRUIT_EXTRACT;SEASHELLS;5236;3
243300;;SUBMISSION;HYDROGEL_PACK;SEASHELLS;9976;2
247100;;SUBMISSION;HYDROGEL_PACK;SEASHELLS;9970;5
247800;SUBMISSION;;HYDROGEL_PACK;SEASHELLS;9953;4
248500;SUBMISSION;;VELVETFRUIT_EXTRACT;SEASHELLS;5242;8
250200;SUBMISSION;;VELVETFRUIT_EXTRACT;SEASHELLS;5245;7
251800;;SUBMISSION;VELVETFRUIT_EXTRACT;SEASHELLS;5248;4
256100;;SUBMISSION;VELVETFRUIT_EXTRACT;SEASHELLS;5242;4
257100;;SUBMISSION;VELVETFRUIT_EXTRACT;SEASHELLS;5244;7
260100;;SUBMISSION;HYDROGEL_PACK;SEASHELLS;9998;2
260200;SUBMISSION;;VELVETFRUIT_EXTRACT;SEASHELLS;5236;3
261500;;SUBMISSION;HYDROGEL_PACK;SEASHELLS;10008;5
263700;SUBMISSION;;HYDROGEL_PACK;SEASHELLS;9990;3
266800;SUBMISSION;;HYDROGEL_PACK;SEASHELLS;9995;6
267500;SUBMISSION;;VELVETFRUIT_EXTRACT;SEASHELLS;5239;8
270900;SUBMISSION;;VELVETFRUIT_EXTRACT;SEASHELLS;5243;8
273500;;SUBMISSION;HYDROGEL_PACK;SEASHELLS;9993;4
273700;;SUBMISSION;VELVETFRUIT_EXTRACT;SEASHELLS;5250;3
277200;;SUBMISSION;VELVETFRUIT_EXTRACT;SEASHELLS;5253;6
278200;;SUBMISSION;HYDROGEL_PACK;SEASHELLS;9995;5
278600;SUBMISSION;;HYDROGEL_PACK;SEASHELLS;9993;4
280000;;SUBMISSION;HYDROGEL_PACK;SEASHELLS;9989;3
281300;;SUBMISSION;VELVETFRUIT_EXTRACT;SEASHELLS;5241;8
281500;SUBMISSION;;HYDROGEL_PACK;SEASHELLS;9976;5
282600;;SUBMISSION;VELVETFRUIT_EXTRACT;SEASHELLS;5242;7
283800;;SUBMISSION;HYDROGEL_PACK;SEASHELLS;9988;2
284700;;SUBMISSION;HYDROGEL_PACK;SEASHELLS;9977;2
286800;SUBMISSION;;VELVETFRUIT_EXTRACT;SEASHELLS;5233;6
287600;;SUBMISSION;HYDROGEL_PACK;SEASHELLS;9978;6
287700;;SUBMISSION;HYDROGEL_PACK;SEASHELLS;9982;3
289500;;SUBMISSION;VELVETFRUIT_EXTRACT;SEASHELLS;5249;7
290600;SUBMISSION;;HYDROGEL_PACK;SEASHELLS;9983;2
290800;;SUBMISSION;HYDROGEL_PACK;SEASHELLS;9997;5
291200;SUBMISSION;;VELVETFRUIT_EXTRACT;SEASHELLS;5238;7
292400;;SUBMISSION;VELVETFRUIT_EXTRACT;SEASHELLS;5244;6
293200;SUBMISSION;;VELVETFRUIT_EXTRACT;SEASHELLS;5243;7
294900;;SUBMISSION;HYDROGEL_PACK;SEASHELLS;10004;6
297300;SUBMISSION;;VELVETFRUIT_EXTRACT;SEASHELLS;5246;3
297600;SUBMISSION;;VELVETFRUIT_EXTRACT;SEASHELLS;5246;8
297800;;SUBMISSION;VELVETFRUIT_EXTRACT;SEASHELLS;5250;5
298700;SUBMISSION;;HYDROGEL_PACK;SEASHELLS;10005;4
304700;;SUBMISSION;VELVETFRUIT_EXTRACT;SEASHELLS;5254;4
305700;SUBMISSION;;VELVETFRUIT_EXTRACT;SEASHELLS;5253;8
310200;SUBMISSION;;HYDROGEL_PACK;SEASHELLS;10018;2
311500;;SUBMISSION;HYDROGEL_PACK;SEASHELLS;10026;5
313400;;SUBMISSION;HYDROGEL_PACK;SEASHELLS;10022;5
316900;;SUBMISSION;VEV_5100;SEASHELLS;181;30
317000;;SUBMISSION;VEV_5100;SEASHELLS;181;21
317100;;SUBMISSION;VEV_5100;SEASHELLS;181;22
317200;;SUBMISSION;VEV_5100;SEASHELLS;182;6
317200;;SUBMISSION;VEV_5100;SEASHELLS;181;15
317300;;SUBMISSION;VEV_5100;SEASHELLS;181;25
317400;;SUBMISSION;VEV_5100;SEASHELLS;181;23
317500;;SUBMISSION;VEV_5100;SEASHELLS;182;7
317500;;SUBMISSION;VEV_5100;SEASHELLS;181;12
317900;;SUBMISSION;VEV_5100;SEASHELLS;181;27
318100;;SUBMISSION;VEV_5100;SEASHELLS;181;28
318400;;SUBMISSION;VEV_5100;SEASHELLS;182;6
318400;;SUBMISSION;VEV_5100;SEASHELLS;181;14
318500;;SUBMISSION;VELVETFRUIT_EXTRACT;SEASHELLS;5265;7
318500;;SUBMISSION;VELVETFRUIT_EXTRACT;SEASHELLS;5263;22
318500;;SUBMISSION;VELVETFRUIT_EXTRACT;SEASHELLS;5262;1
318500;;SUBMISSION;VEV_5100;SEASHELLS;182;7
318500;;SUBMISSION;VEV_5100;SEASHELLS;181;16
318600;;SUBMISSION;VELVETFRUIT_EXTRACT;SEASHELLS;5264;30
318600;;SUBMISSION;VEV_4000;SEASHELLS;1256;8
318600;;SUBMISSION;VEV_4000;SEASHELLS;1254;22
318600;;SUBMISSION;VEV_4500;SEASHELLS;759;8
318600;;SUBMISSION;VEV_4500;SEASHELLS;757;17
318600;;SUBMISSION;VEV_5000;SEASHELLS;269;8
318600;;SUBMISSION;VEV_5000;SEASHELLS;268;17
318600;;SUBMISSION;VEV_5100;SEASHELLS;183;25
318600;;SUBMISSION;VEV_5200;SEASHELLS;109;25
318700;SUBMISSION;;HYDROGEL_PACK;SEASHELLS;10016;6
318700;;SUBMISSION;VELVETFRUIT_EXTRACT;SEASHELLS;5265;22
318700;;SUBMISSION;VELVETFRUIT_EXTRACT;SEASHELLS;5264;8
318700;;SUBMISSION;VEV_4000;SEASHELLS;1256;14
318700;;SUBMISSION;VEV_4000;SEASHELLS;1254;16
318700;;SUBMISSION;VEV_4500;SEASHELLS;759;11
318700;;SUBMISSION;VEV_4500;SEASHELLS;757;17
318700;;SUBMISSION;VEV_5000;SEASHELLS;269;11
318700;;SUBMISSION;VEV_5000;SEASHELLS;268;17
318700;;SUBMISSION;VEV_5100;SEASHELLS;183;11
318700;;SUBMISSION;VEV_5200;SEASHELLS;109;28
318800;;SUBMISSION;VELVETFRUIT_EXTRACT;SEASHELLS;5265;16
318800;;SUBMISSION;VELVETFRUIT_EXTRACT;SEASHELLS;5264;14
318800;;SUBMISSION;VEV_4000;SEASHELLS;1257;10
318800;;SUBMISSION;VEV_4000;SEASHELLS;1254;17
318800;;SUBMISSION;VEV_4500;SEASHELLS;759;7
318800;;SUBMISSION;VEV_4500;SEASHELLS;757;17
318800;;SUBMISSION;VEV_5000;SEASHELLS;269;24
318800;;SUBMISSION;VEV_5200;SEASHELLS;109;24
318900;;SUBMISSION;VELVETFRUIT_EXTRACT;SEASHELLS;5265;30
318900;;SUBMISSION;VEV_4000;SEASHELLS;1257;7
318900;;SUBMISSION;VEV_4000;SEASHELLS;1255;23
318900;;SUBMISSION;VEV_4500;SEASHELLS;760;11
318900;;SUBMISSION;VEV_4500;SEASHELLS;758;14
318900;;SUBMISSION;VEV_5000;SEASHELLS;270;11
318900;;SUBMISSION;VEV_5000;SEASHELLS;269;14
318900;;SUBMISSION;VEV_5200;SEASHELLS;110;11
318900;;SUBMISSION;VEV_5200;SEASHELLS;109;14
319000;;SUBMISSION;VELVETFRUIT_EXTRACT;SEASHELLS;5264;16
319000;;SUBMISSION;VELVETFRUIT_EXTRACT;SEASHELLS;5263;14
319000;;SUBMISSION;VEV_4000;SEASHELLS;1256;7
319000;;SUBMISSION;VEV_4000;SEASHELLS;1253;23
319000;;SUBMISSION;VEV_5000;SEASHELLS;268;30
319000;;SUBMISSION;VEV_5200;SEASHELLS;109;8
319000;;SUBMISSION;VEV_5200;SEASHELLS;108;22
319200;;SUBMISSION;VEV_4000;SEASHELLS;1265;2
319200;;SUBMISSION;VEV_4000;SEASHELLS;1255;13
319200;;SUBMISSION;VEV_4000;SEASHELLS;1253;15
319200;;SUBMISSION;VEV_4500;SEASHELLS;765;2
319200;;SUBMISSION;VEV_4500;SEASHELLS;758;7
319200;;SUBMISSION;VEV_4500;SEASHELLS;756;18
319200;;SUBMISSION;VEV_5000;SEASHELLS;271;2
319200;;SUBMISSION;VEV_5000;SEASHELLS;268;7
319200;;SUBMISSION;VEV_5000;SEASHELLS;267;18
319200;;SUBMISSION;VEV_5200;SEASHELLS;109;2
319200;;SUBMISSION;VEV_5200;SEASHELLS;108;25
319300;;SUBMISSION;VELVETFRUIT_EXTRACT;SEASHELLS;5264;29
319300;;SUBMISSION;VEV_4000;SEASHELLS;1256;11
319300;;SUBMISSION;VEV_4000;SEASHELLS;1254;15
319300;;SUBMISSION;VEV_4500;SEASHELLS;759;10
319300;;SUBMISSION;VEV_4500;SEASHELLS;757;12
319300;;SUBMISSION;VEV_5000;SEASHELLS;269;10
319300;;SUBMISSION;VEV_5000;SEASHELLS;268;12
319300;;SUBMISSION;VEV_5200;SEASHELLS;109;22
319400;;SUBMISSION;VEV_4000;SEASHELLS;1257;7
319400;;SUBMISSION;VEV_4000;SEASHELLS;1254;21
319400;;SUBMISSION;VEV_4500;SEASHELLS;759;11
319400;;SUBMISSION;VEV_4500;SEASHELLS;757;12
319400;;SUBMISSION;VEV_5000;SEASHELLS;269;23
319400;;SUBMISSION;VEV_5200;SEASHELLS;109;23
319500;;SUBMISSION;VEV_4000;SEASHELLS;1256;13
319500;;SUBMISSION;VEV_4000;SEASHELLS;1254;17
319500;;SUBMISSION;VEV_4500;SEASHELLS;759;10
319500;;SUBMISSION;VEV_4500;SEASHELLS;757;20
319500;;SUBMISSION;VEV_5000;SEASHELLS;269;10
319500;;SUBMISSION;VEV_5000;SEASHELLS;268;20
319500;;SUBMISSION;VEV_5200;SEASHELLS;109;30
319600;;SUBMISSION;VEV_4000;SEASHELLS;1256;12
319600;;SUBMISSION;VEV_4000;SEASHELLS;1253;16
319600;;SUBMISSION;VEV_4500;SEASHELLS;758;10
319600;;SUBMISSION;VEV_4500;SEASHELLS;756;15
319600;;SUBMISSION;VEV_5000;SEASHELLS;269;10
319600;;SUBMISSION;VEV_5000;SEASHELLS;268;15
319600;;SUBMISSION;VEV_5200;SEASHELLS;109;10
319600;;SUBMISSION;VEV_5200;SEASHELLS;108;15
319700;;SUBMISSION;VEV_4000;SEASHELLS;1257;6
319700;;SUBMISSION;VEV_4500;SEASHELLS;760;7
319700;;SUBMISSION;VEV_4500;SEASHELLS;758;12
319700;;SUBMISSION;VEV_5000;SEASHELLS;270;7
319700;;SUBMISSION;VEV_5000;SEASHELLS;269;12
319700;;SUBMISSION;VEV_5200;SEASHELLS;110;7
319700;;SUBMISSION;VEV_5200;SEASHELLS;109;12
319800;;SUBMISSION;VEV_4500;SEASHELLS;759;12
319800;;SUBMISSION;VEV_4500;SEASHELLS;757;15
319800;;SUBMISSION;VEV_5000;SEASHELLS;269;17
319800;;SUBMISSION;VEV_5200;SEASHELLS;109;21
319900;;SUBMISSION;VEV_4500;SEASHELLS;760;9
319900;;SUBMISSION;VEV_4500;SEASHELLS;758;11
320300;SUBMISSION;;VEV_4000;SEASHELLS;1258;2
320900;;SUBMISSION;HYDROGEL_PACK;SEASHELLS;10032;4
321200;SUBMISSION;;HYDROGEL_PACK;SEASHELLS;10011;4
322800;SUBMISSION;;VEV_4000;SEASHELLS;1255;1
323500;SUBMISSION;;VEV_4000;SEASHELLS;1252;3
325600;;SUBMISSION;VEV_4000;SEASHELLS;1256;6
326900;;SUBMISSION;VEV_5300;SEASHELLS;59;20
327000;;SUBMISSION;VEV_5300;SEASHELLS;58;26
327300;;SUBMISSION;VEV_5300;SEASHELLS;58;26
327500;;SUBMISSION;VEV_5300;SEASHELLS;58;25
327600;SUBMISSION;;VELVETFRUIT_EXTRACT;SEASHELLS;5273;3
327600;;SUBMISSION;VEV_5300;SEASHELLS;58;19
327700;;SUBMISSION;VELVETFRUIT_EXTRACT;SEASHELLS;5268;3
327700;;SUBMISSION;VEV_5300;SEASHELLS;58;16
327800;;SUBMISSION;VEV_5300;SEASHELLS;58;25
327900;;SUBMISSION;HYDROGEL_PACK;SEASHELLS;10027;15
327900;;SUBMISSION;HYDROGEL_PACK;SEASHELLS;10024;15
328000;;SUBMISSION;HYDROGEL_PACK;SEASHELLS;10029;12
328000;;SUBMISSION;HYDROGEL_PACK;SEASHELLS;10027;18
328100;;SUBMISSION;HYDROGEL_PACK;SEASHELLS;10028;14
328100;;SUBMISSION;HYDROGEL_PACK;SEASHELLS;10026;16
328200;;SUBMISSION;HYDROGEL_PACK;SEASHELLS;10028;12
328200;;SUBMISSION;HYDROGEL_PACK;SEASHELLS;10026;18
328300;;SUBMISSION;HYDROGEL_PACK;SEASHELLS;10027;10
328300;;SUBMISSION;HYDROGEL_PACK;SEASHELLS;10025;20
328700;;SUBMISSION;HYDROGEL_PACK;SEASHELLS;10028;12
328700;;SUBMISSION;HYDROGEL_PACK;SEASHELLS;10025;9
328800;SUBMISSION;;VEV_4000;SEASHELLS;1261;3
329300;;SUBMISSION;VEV_4000;SEASHELLS;1257;3
329700;SUBMISSION;;VELVETFRUIT_EXTRACT;SEASHELLS;5269;3
330700;;SUBMISSION;VELVETFRUIT_EXTRACT;SEASHELLS;5265;3
331400;SUBMISSION;;HYDROGEL_PACK;SEASHELLS;10031;2
331700;;SUBMISSION;HYDROGEL_PACK;SEASHELLS;10029;2
332300;SUBMISSION;;VEV_5300;SEASHELLS;59;4
332700;SUBMISSION;;HYDROGEL_PACK;SEASHELLS;10036;6
332800;;SUBMISSION;HYDROGEL_PACK;SEASHELLS;10030;6
336800;SUBMISSION;;HYDROGEL_PACK;SEASHELLS;10040;5
336900;;SUBMISSION;HYDROGEL_PACK;SEASHELLS;10035;5
340000;SUBMISSION;;HYDROGEL_PACK;SEASHELLS;10034;6
345000;SUBMISSION;;HYDROGEL_PACK;SEASHELLS;10021;4
345100;SUBMISSION;;VEV_4000;SEASHELLS;1248;2
345400;SUBMISSION;;VELVETFRUIT_EXTRACT;SEASHELLS;5254;8
346400;SUBMISSION;;VELVETFRUIT_EXTRACT;SEASHELLS;5262;3
347400;SUBMISSION;;VEV_4000;SEASHELLS;1258;1
348100;;SUBMISSION;VELVETFRUIT_EXTRACT;SEASHELLS;5266;11
348100;;SUBMISSION;VEV_4000;SEASHELLS;1258;3
350600;;SUBMISSION;VEV_5300;SEASHELLS;59;22
350700;;SUBMISSION;VEV_5300;SEASHELLS;59;22
350700;;SUBMISSION;VEV_5500;SEASHELLS;10;22
350800;;SUBMISSION;VEV_5300;SEASHELLS;59;25
350800;;SUBMISSION;VEV_5500;SEASHELLS;10;25
350900;;SUBMISSION;VEV_5300;SEASHELLS;59;23
350900;;SUBMISSION;VEV_5500;SEASHELLS;10;23
351000;;SUBMISSION;VEV_5300;SEASHELLS;59;18
351100;SUBMISSION;;VELVETFRUIT_EXTRACT;SEASHELLS;5275;7
351100;;SUBMISSION;VEV_5300;SEASHELLS;59;23
351100;;SUBMISSION;VEV_5500;SEASHELLS;10;23
351200;;SUBMISSION;VELVETFRUIT_EXTRACT;SEASHELLS;5269;7
351200;;SUBMISSION;VEV_5300;SEASHELLS;59;8
351200;;SUBMISSION;VEV_5300;SEASHELLS;58;6
351500;;SUBMISSION;VEV_5500;SEASHELLS;10;22
351600;;SUBMISSION;VEV_5500;SEASHELLS;11;23
351700;;SUBMISSION;VEV_5500;SEASHELLS;11;23
351800;SUBMISSION;;VEV_4000;SEASHELLS;1270;1
351800;;SUBMISSION;VEV_5500;SEASHELLS;11;9
351800;;SUBMISSION;VEV_5500;SEASHELLS;10;12
351900;;SUBMISSION;VEV_4000;SEASHELLS;1263;1
351900;;SUBMISSION;VEV_5500;SEASHELLS;10;23
352000;;SUBMISSION;VEV_5500;SEASHELLS;10;25
354000;SUBMISSION;;VELVETFRUIT_EXTRACT;SEASHELLS;5274;3
354100;;SUBMISSION;VELVETFRUIT_EXTRACT;SEASHELLS;5269;3
354400;SUBMISSION;;VELVETFRUIT_EXTRACT;SEASHELLS;5275;4
354400;;SUBMISSION;VEV_5500;SEASHELLS;10;18
354500;;SUBMISSION;VELVETFRUIT_EXTRACT;SEASHELLS;5270;4
354900;;SUBMISSION;VEV_5500;SEASHELLS;10;21
355500;;SUBMISSION;VEV_5500;SEASHELLS;10;24
355600;;SUBMISSION;VEV_5500;SEASHELLS;10;3
356200;SUBMISSION;;VEV_4000;SEASHELLS;1267;1
356300;;SUBMISSION;VEV_4000;SEASHELLS;1260;1
358200;SUBMISSION;;HYDROGEL_PACK;SEASHELLS;9999;6
359000;;SUBMISSION;VEV_5400;SEASHELLS;26;26
359100;;SUBMISSION;VEV_5400;SEASHELLS;26;26
359500;SUBMISSION;;VELVETFRUIT_EXTRACT;SEASHELLS;5283;6
359600;;SUBMISSION;VELVETFRUIT_EXTRACT;SEASHELLS;5280;6
359600;;SUBMISSION;VEV_5400;SEASHELLS;26;18
359700;;SUBMISSION;VEV_5400;SEASHELLS;26;21
359900;;SUBMISSION;VEV_5400;SEASHELLS;26;21
360100;;SUBMISSION;VEV_5400;SEASHELLS;26;17
360200;;SUBMISSION;VEV_5400;SEASHELLS;26;27
360300;;SUBMISSION;VEV_5400;SEASHELLS;26;21
365100;SUBMISSION;;VEV_4000;SEASHELLS;1271;1
365200;;SUBMISSION;VEV_4000;SEASHELLS;1266;1
367300;;SUBMISSION;HYDROGEL_PACK;SEASHELLS;10032;13
367300;;SUBMISSION;HYDROGEL_PACK;SEASHELLS;10029;3
369300;SUBMISSION;;VEV_4000;SEASHELLS;1268;1
369400;;SUBMISSION;VEV_4000;SEASHELLS;1264;1
369900;SUBMISSION;;VELVETFRUIT_EXTRACT;SEASHELLS;5278;8
370000;;SUBMISSION;VELVETFRUIT_EXTRACT;SEASHELLS;5274;8
370600;SUBMISSION;;HYDROGEL_PACK;SEASHELLS;10036;4
370700;;SUBMISSION;HYDROGEL_PACK;SEASHELLS;10032;4
374500;;SUBMISSION;VEV_5400;SEASHELLS;26;24
374800;;SUBMISSION;VEV_5400;SEASHELLS;26;26
374900;;SUBMISSION;VEV_5400;SEASHELLS;26;25
375000;;SUBMISSION;VEV_5400;SEASHELLS;26;28
375100;;SUBMISSION;VEV_5400;SEASHELLS;26;15
378100;SUBMISSION;;VEV_4000;SEASHELLS;1272;3
378200;;SUBMISSION;VEV_4000;SEASHELLS;1265;3
380500;SUBMISSION;;HYDROGEL_PACK;SEASHELLS;10048;4
380600;;SUBMISSION;HYDROGEL_PACK;SEASHELLS;10045;4
381200;SUBMISSION;;VELVETFRUIT_EXTRACT;SEASHELLS;5273;7
381300;;SUBMISSION;VELVETFRUIT_EXTRACT;SEASHELLS;5269;7
381400;SUBMISSION;;HYDROGEL_PACK;SEASHELLS;10039;4
381600;;SUBMISSION;HYDROGEL_PACK;SEASHELLS;10037;4
383100;SUBMISSION;;HYDROGEL_PACK;SEASHELLS;10037;6
384500;;SUBMISSION;HYDROGEL_PACK;SEASHELLS;10036;6
390400;SUBMISSION;;HYDROGEL_PACK;SEASHELLS;10009;6
394200;SUBMISSION;;VELVETFRUIT_EXTRACT;SEASHELLS;5265;7
395500;SUBMISSION;;VELVETFRUIT_EXTRACT;SEASHELLS;5265;3
397900;SUBMISSION;;VELVETFRUIT_EXTRACT;SEASHELLS;5265;6
399700;SUBMISSION;;VELVETFRUIT_EXTRACT;SEASHELLS;5263;6
402100;SUBMISSION;;VEV_5400;SEASHELLS;22;3
404300;SUBMISSION;;VELVETFRUIT_EXTRACT;SEASHELLS;5264;8
405800;SUBMISSION;;VELVETFRUIT_EXTRACT;SEASHELLS;5264;7
407800;SUBMISSION;;VELVETFRUIT_EXTRACT;SEASHELLS;5271;9
409200;;SUBMISSION;VELVETFRUIT_EXTRACT;SEASHELLS;5270;30
409600;SUBMISSION;;VELVETFRUIT_EXTRACT;SEASHELLS;5273;6
410400;;SUBMISSION;VELVETFRUIT_EXTRACT;SEASHELLS;5271;22
416400;SUBMISSION;;HYDROGEL_PACK;SEASHELLS;9970;5
419500;SUBMISSION;;VELVETFRUIT_EXTRACT;SEASHELLS;5266;5
420400;SUBMISSION;;VEV_5400;SEASHELLS;22;3
423100;SUBMISSION;;VELVETFRUIT_EXTRACT;SEASHELLS;5268;6
428200;SUBMISSION;;VELVETFRUIT_EXTRACT;SEASHELLS;5260;8
429100;SUBMISSION;;HYDROGEL_PACK;SEASHELLS;9985;3
437100;SUBMISSION;;VELVETFRUIT_EXTRACT;SEASHELLS;5249;5
442300;SUBMISSION;;VELVETFRUIT_EXTRACT;SEASHELLS;5248;7
446500;SUBMISSION;;VEV_4000;SEASHELLS;1245;1
447400;SUBMISSION;;HYDROGEL_PACK;SEASHELLS;9951;5
447800;SUBMISSION;;VEV_4000;SEASHELLS;1245;3
447800;SUBMISSION;;VEV_5300;SEASHELLS;50;5
447800;SUBMISSION;;VEV_5500;SEASHELLS;8;5
448100;SUBMISSION;;VEV_4000;SEASHELLS;1245;2
450100;SUBMISSION;;VELVETFRUIT_EXTRACT;SEASHELLS;5246;5
450300;SUBMISSION;;VELVETFRUIT_EXTRACT;SEASHELLS;5247;7
450400;SUBMISSION;;VEV_4000;SEASHELLS;1240;3
453100;SUBMISSION;;VEV_5300;SEASHELLS;46;3
453100;SUBMISSION;;VEV_5500;SEASHELLS;7;3
454500;SUBMISSION;;VELVETFRUIT_EXTRACT;SEASHELLS;5244;8
454500;SUBMISSION;;VEV_4000;SEASHELLS;1237;2
455100;SUBMISSION;;HYDROGEL_PACK;SEASHELLS;9967;5
455600;SUBMISSION;;VELVETFRUIT_EXTRACT;SEASHELLS;5245;4
458100;SUBMISSION;;VELVETFRUIT_EXTRACT;SEASHELLS;5241;8
459200;SUBMISSION;;VEV_4000;SEASHELLS;1234;3
463300;SUBMISSION;;VELVETFRUIT_EXTRACT;SEASHELLS;5230;8
467600;SUBMISSION;;HYDROGEL_PACK;SEASHELLS;9972;3
472600;SUBMISSION;;VELVETFRUIT_EXTRACT;SEASHELLS;5236;7
472700;SUBMISSION;;VELVETFRUIT_EXTRACT;SEASHELLS;5237;6
478700;SUBMISSION;;VELVETFRUIT_EXTRACT;SEASHELLS;5237;3
479200;SUBMISSION;;VEV_5400;SEASHELLS;16;2
479200;SUBMISSION;;VEV_5500;SEASHELLS;7;2
483100;SUBMISSION;;VELVETFRUIT_EXTRACT;SEASHELLS;5250;3
483300;SUBMISSION;;HYDROGEL_PACK;SEASHELLS;9937;15
483300;SUBMISSION;;HYDROGEL_PACK;SEASHELLS;9940;15
483400;SUBMISSION;;HYDROGEL_PACK;SEASHELLS;9938;15
483400;SUBMISSION;;HYDROGEL_PACK;SEASHELLS;9940;15
484900;SUBMISSION;;HYDROGEL_PACK;SEASHELLS;9938;12
484900;SUBMISSION;;HYDROGEL_PACK;SEASHELLS;9941;18
485000;SUBMISSION;;HYDROGEL_PACK;SEASHELLS;9938;15
485000;SUBMISSION;;HYDROGEL_PACK;SEASHELLS;9940;15
485200;SUBMISSION;;HYDROGEL_PACK;SEASHELLS;9937;12
485200;SUBMISSION;;HYDROGEL_PACK;SEASHELLS;9939;18
485300;SUBMISSION;;HYDROGEL_PACK;SEASHELLS;9936;10
485300;SUBMISSION;;HYDROGEL_PACK;SEASHELLS;9939;20
485400;SUBMISSION;;HYDROGEL_PACK;SEASHELLS;9937;14
485400;SUBMISSION;;HYDROGEL_PACK;SEASHELLS;9940;16
487100;SUBMISSION;;VELVETFRUIT_EXTRACT;SEASHELLS;5243;9
487500;;SUBMISSION;HYDROGEL_PACK;SEASHELLS;9956;4
489700;SUBMISSION;;HYDROGEL_PACK;SEASHELLS;9957;6
489900;SUBMISSION;;HYDROGEL_PACK;SEASHELLS;9956;6
490300;SUBMISSION;;VEV_5300;SEASHELLS;46;2
493600;;SUBMISSION;HYDROGEL_PACK;SEASHELLS;9979;2
496300;SUBMISSION;;HYDROGEL_PACK;SEASHELLS;9974;4
497200;SUBMISSION;;HYDROGEL_PACK;SEASHELLS;9972;5
498300;SUBMISSION;;VEV_4000;SEASHELLS;1239;3
499400;SUBMISSION;;VELVETFRUIT_EXTRACT;SEASHELLS;5250;7
501400;;SUBMISSION;HYDROGEL_PACK;SEASHELLS;9984;5
501600;;SUBMISSION;HYDROGEL_PACK;SEASHELLS;9983;6
502000;;SUBMISSION;HYDROGEL_PACK;SEASHELLS;9981;3
503200;SUBMISSION;;VEV_4000;SEASHELLS;1233;3
504400;SUBMISSION;;VEV_4000;SEASHELLS;1233;3
504900;SUBMISSION;;VEV_4000;SEASHELLS;1232;3
505700;SUBMISSION;;VEV_5300;SEASHELLS;46;4
506200;SUBMISSION;;VEV_4000;SEASHELLS;1238;1
507500;SUBMISSION;;VELVETFRUIT_EXTRACT;SEASHELLS;5234;6
510900;SUBMISSION;;HYDROGEL_PACK;SEASHELLS;9940;4
512300;SUBMISSION;;VELVETFRUIT_EXTRACT;SEASHELLS;5227;7
512600;SUBMISSION;;VELVETFRUIT_EXTRACT;SEASHELLS;5228;10
515600;SUBMISSION;;HYDROGEL_PACK;SEASHELLS;9932;5
516300;SUBMISSION;;HYDROGEL_PACK;SEASHELLS;9938;5
517700;SUBMISSION;;VEV_4000;SEASHELLS;1229;2
517900;;SUBMISSION;HYDROGEL_PACK;SEASHELLS;9951;3
518000;SUBMISSION;;HYDROGEL_PACK;SEASHELLS;9937;5
518000;SUBMISSION;;VELVETFRUIT_EXTRACT;SEASHELLS;5236;7
518000;SUBMISSION;;VEV_4000;SEASHELLS;1232;2
519000;SUBMISSION;;VELVETFRUIT_EXTRACT;SEASHELLS;5240;11
519600;SUBMISSION;;VELVETFRUIT_EXTRACT;SEASHELLS;5243;5
520200;SUBMISSION;;VELVETFRUIT_EXTRACT;SEASHELLS;5244;4
521000;SUBMISSION;;VELVETFRUIT_EXTRACT;SEASHELLS;5248;5
521400;;SUBMISSION;HYDROGEL_PACK;SEASHELLS;9962;6
521500;SUBMISSION;;VELVETFRUIT_EXTRACT;SEASHELLS;5250;4
522300;;SUBMISSION;HYDROGEL_PACK;SEASHELLS;9968;6
522400;SUBMISSION;;VELVETFRUIT_EXTRACT;SEASHELLS;5250;7
523700;SUBMISSION;;VEV_4000;SEASHELLS;1246;1
525200;SUBMISSION;;VEV_4000;SEASHELLS;1249;3
526600;SUBMISSION;;VEV_4000;SEASHELLS;1250;2
526800;;SUBMISSION;HYDROGEL_PACK;SEASHELLS;9987;2
527200;SUBMISSION;;HYDROGEL_PACK;SEASHELLS;9974;5
528700;SUBMISSION;;VEV_4000;SEASHELLS;1254;2
534700;SUBMISSION;;VEV_5300;SEASHELLS;52;5
535000;SUBMISSION;;VELVETFRUIT_EXTRACT;SEASHELLS;5250;3
537500;SUBMISSION;;VELVETFRUIT_EXTRACT;SEASHELLS;5248;8
540300;;SUBMISSION;HYDROGEL_PACK;SEASHELLS;9977;2
542600;;SUBMISSION;VELVETFRUIT_EXTRACT;SEASHELLS;5248;7
543200;SUBMISSION;;VELVETFRUIT_EXTRACT;SEASHELLS;5242;8
544700;SUBMISSION;;VELVETFRUIT_EXTRACT;SEASHELLS;5235;10
545700;SUBMISSION;;HYDROGEL_PACK;SEASHELLS;9964;5
546200;;SUBMISSION;VELVETFRUIT_EXTRACT;SEASHELLS;5242;5
547400;SUBMISSION;;VELVETFRUIT_EXTRACT;SEASHELLS;5239;3
551200;SUBMISSION;;VELVETFRUIT_EXTRACT;SEASHELLS;5245;4
552800;;SUBMISSION;VELVETFRUIT_EXTRACT;SEASHELLS;5247;7
553800;SUBMISSION;;VELVETFRUIT_EXTRACT;SEASHELLS;5242;15
554300;SUBMISSION;;VELVETFRUIT_EXTRACT;SEASHELLS;5241;3
557400;;SUBMISSION;HYDROGEL_PACK;SEASHELLS;9957;2
558300;;SUBMISSION;HYDROGEL_PACK;SEASHELLS;9968;3
559800;;SUBMISSION;HYDROGEL_PACK;SEASHELLS;9969;6
560800;;SUBMISSION;VELVETFRUIT_EXTRACT;SEASHELLS;5237;4
566400;;SUBMISSION;VELVETFRUIT_EXTRACT;SEASHELLS;5245;6
566500;;SUBMISSION;HYDROGEL_PACK;SEASHELLS;9955;3
568200;SUBMISSION;;VELVETFRUIT_EXTRACT;SEASHELLS;5248;7
568400;SUBMISSION;;HYDROGEL_PACK;SEASHELLS;9950;4
568500;;SUBMISSION;HYDROGEL_PACK;SEASHELLS;9962;3
569000;;SUBMISSION;VELVETFRUIT_EXTRACT;SEASHELLS;5253;8
571700;;SUBMISSION;VELVETFRUIT_EXTRACT;SEASHELLS;5248;8
574400;SUBMISSION;;VELVETFRUIT_EXTRACT;SEASHELLS;5240;5
575000;SUBMISSION;;VEV_5300;SEASHELLS;47;5
579000;;SUBMISSION;VELVETFRUIT_EXTRACT;SEASHELLS;5243;5
579200;SUBMISSION;;VELVETFRUIT_EXTRACT;SEASHELLS;5241;4
579300;;SUBMISSION;HYDROGEL_PACK;SEASHELLS;9967;2
579800;;SUBMISSION;VELVETFRUIT_EXTRACT;SEASHELLS;5244;6
581000;SUBMISSION;;VELVETFRUIT_EXTRACT;SEASHELLS;5242;7
584300;SUBMISSION;;VELVETFRUIT_EXTRACT;SEASHELLS;5238;8
585000;SUBMISSION;;VEV_5400;SEASHELLS;16;2
585100;;SUBMISSION;VELVETFRUIT_EXTRACT;SEASHELLS;5245;6
585800;SUBMISSION;;VELVETFRUIT_EXTRACT;SEASHELLS;5234;6
588900;;SUBMISSION;HYDROGEL_PACK;SEASHELLS;9989;3
591100;SUBMISSION;;VEV_5300;SEASHELLS;47;2
591300;SUBMISSION;;HYDROGEL_PACK;SEASHELLS;9981;2
592300;SUBMISSION;;HYDROGEL_PACK;SEASHELLS;9983;4
593200;;SUBMISSION;VELVETFRUIT_EXTRACT;SEASHELLS;5248;3
593300;SUBMISSION;;VEV_5400;SEASHELLS;17;2
596100;SUBMISSION;;HYDROGEL_PACK;SEASHELLS;9978;4
596500;;SUBMISSION;HYDROGEL_PACK;SEASHELLS;9993;6
598100;SUBMISSION;;HYDROGEL_PACK;SEASHELLS;9983;6
599000;;SUBMISSION;VELVETFRUIT_EXTRACT;SEASHELLS;5251;3
599500;;SUBMISSION;HYDROGEL_PACK;SEASHELLS;9999;2
599700;SUBMISSION;;HYDROGEL_PACK;SEASHELLS;9988;5
600300;SUBMISSION;;VELVETFRUIT_EXTRACT;SEASHELLS;5245;8
601600;;SUBMISSION;HYDROGEL_PACK;SEASHELLS;9993;6
603000;SUBMISSION;;VEV_5300;SEASHELLS;47;2
604600;;SUBMISSION;VELVETFRUIT_EXTRACT;SEASHELLS;5242;7
605600;;SUBMISSION;VELVETFRUIT_EXTRACT;SEASHELLS;5238;5
606800;SUBMISSION;;VELVETFRUIT_EXTRACT;SEASHELLS;5237;3
608000;SUBMISSION;;VELVETFRUIT_EXTRACT;SEASHELLS;5237;8
616500;;SUBMISSION;HYDROGEL_PACK;SEASHELLS;10013;6
619000;SUBMISSION;;HYDROGEL_PACK;SEASHELLS;9988;2
620400;SUBMISSION;;VELVETFRUIT_EXTRACT;SEASHELLS;5225;4
621900;;SUBMISSION;VELVETFRUIT_EXTRACT;SEASHELLS;5224;8
622000;;SUBMISSION;HYDROGEL_PACK;SEASHELLS;10008;6
622100;SUBMISSION;;VEV_4000;SEASHELLS;1218;2
622700;SUBMISSION;;VELVETFRUIT_EXTRACT;SEASHELLS;5221;7
623300;SUBMISSION;;VELVETFRUIT_EXTRACT;SEASHELLS;5219;3
625700;SUBMISSION;;HYDROGEL_PACK;SEASHELLS;9986;2
626500;SUBMISSION;;VEV_4000;SEASHELLS;1220;2
626500;SUBMISSION;;VEV_4000;SEASHELLS;1231;10
626500;SUBMISSION;;VEV_4000;SEASHELLS;1233;18
626500;SUBMISSION;;VEV_5300;SEASHELLS;39;2
626900;SUBMISSION;;HYDROGEL_PACK;SEASHELLS;9981;2
627400;;SUBMISSION;HYDROGEL_PACK;SEASHELLS;9987;5
627500;SUBMISSION;;VEV_5400;SEASHELLS;13;24
627600;SUBMISSION;;VEV_5400;SEASHELLS;13;19
627700;SUBMISSION;;VEV_5100;SEASHELLS;147;26
627700;SUBMISSION;;VEV_5400;SEASHELLS;12;9
627700;SUBMISSION;;VEV_5400;SEASHELLS;13;11
627800;SUBMISSION;;VEV_5100;SEASHELLS;147;7
627800;SUBMISSION;;VEV_5100;SEASHELLS;148;15
627800;SUBMISSION;;VEV_5400;SEASHELLS;13;24
627900;SUBMISSION;;VEV_5400;SEASHELLS;13;16
628000;SUBMISSION;;VEV_5400;SEASHELLS;13;21
628100;SUBMISSION;;VEV_5400;SEASHELLS;13;25
628200;SUBMISSION;;VEV_5400;SEASHELLS;13;20
629100;SUBMISSION;;VELVETFRUIT_EXTRACT;SEASHELLS;5221;4
629300;;SUBMISSION;HYDROGEL_PACK;SEASHELLS;9995;4
629700;SUBMISSION;;HYDROGEL_PACK;SEASHELLS;9984;4
631100;;SUBMISSION;HYDROGEL_PACK;SEASHELLS;10003;3
631900;SUBMISSION;;VEV_4000;SEASHELLS;1220;4
631900;SUBMISSION;;VEV_4000;SEASHELLS;1230;14
631900;SUBMISSION;;VEV_4000;SEASHELLS;1233;12
631900;SUBMISSION;;VEV_5300;SEASHELLS;39;4
632700;SUBMISSION;;VEV_5400;SEASHELLS;13;17
632800;SUBMISSION;;VEV_5400;SEASHELLS;13;24
634800;;SUBMISSION;HYDROGEL_PACK;SEASHELLS;10010;2
635000;;SUBMISSION;VELVETFRUIT_EXTRACT;SEASHELLS;5227;5
636700;;SUBMISSION;HYDROGEL_PACK;SEASHELLS;10013;3
637800;;SUBMISSION;VELVETFRUIT_EXTRACT;SEASHELLS;5231;4
638400;SUBMISSION;;HYDROGEL_PACK;SEASHELLS;9989;5
638500;;SUBMISSION;HYDROGEL_PACK;SEASHELLS;10001;6
639800;;SUBMISSION;VELVETFRUIT_EXTRACT;SEASHELLS;5232;5
639900;SUBMISSION;;HYDROGEL_PACK;SEASHELLS;9979;2
640100;;SUBMISSION;HYDROGEL_PACK;SEASHELLS;9996;4
640300;SUBMISSION;;VEV_5300;SEASHELLS;43;5
640800;SUBMISSION;;HYDROGEL_PACK;SEASHELLS;9984;5
641600;SUBMISSION;;VELVETFRUIT_EXTRACT;SEASHELLS;5230;8
641800;;SUBMISSION;VELVETFRUIT_EXTRACT;SEASHELLS;5232;6
642700;SUBMISSION;;VELVETFRUIT_EXTRACT;SEASHELLS;5229;13
643900;;SUBMISSION;HYDROGEL_PACK;SEASHELLS;10008;6
644300;SUBMISSION;;VEV_4000;SEASHELLS;1220;2
644700;;SUBMISSION;VELVETFRUIT_EXTRACT;SEASHELLS;5232;4
645200;SUBMISSION;;VELVETFRUIT_EXTRACT;SEASHELLS;5225;7
645400;SUBMISSION;;HYDROGEL_PACK;SEASHELLS;10010;4
645500;;SUBMISSION;HYDROGEL_PACK;SEASHELLS;10023;2
645800;SUBMISSION;;VEV_4000;SEASHELLS;1221;1
646500;;SUBMISSION;HYDROGEL_PACK;SEASHELLS;10027;6
646800;;SUBMISSION;VELVETFRUIT_EXTRACT;SEASHELLS;5232;5
648100;;SUBMISSION;VELVETFRUIT_EXTRACT;SEASHELLS;5227;3
649600;SUBMISSION;;HYDROGEL_PACK;SEASHELLS;10014;2
650900;SUBMISSION;;VELVETFRUIT_EXTRACT;SEASHELLS;5228;4
652300;SUBMISSION;;HYDROGEL_PACK;SEASHELLS;10007;3
653500;SUBMISSION;;HYDROGEL_PACK;SEASHELLS;10014;6
655000;SUBMISSION;;VELVETFRUIT_EXTRACT;SEASHELLS;5232;5
655800;SUBMISSION;;VEV_5200;SEASHELLS;89;5
655900;SUBMISSION;;VEV_5300;SEASHELLS;43;3
657100;SUBMISSION;;VEV_4000;SEASHELLS;1228;1
661800;;SUBMISSION;HYDROGEL_PACK;SEASHELLS;10020;4
662400;SUBMISSION;;HYDROGEL_PACK;SEASHELLS;10005;5
663100;SUBMISSION;;HYDROGEL_PACK;SEASHELLS;9999;5
663200;SUBMISSION;;VEV_4000;SEASHELLS;1234;1
663300;;SUBMISSION;VELVETFRUIT_EXTRACT;SEASHELLS;5244;3
668000;SUBMISSION;;HYDROGEL_PACK;SEASHELLS;10000;6
668300;;SUBMISSION;VELVETFRUIT_EXTRACT;SEASHELLS;5244;4
669000;SUBMISSION;;VELVETFRUIT_EXTRACT;SEASHELLS;5239;6
670800;SUBMISSION;;HYDROGEL_PACK;SEASHELLS;9995;5
672800;;SUBMISSION;VELVETFRUIT_EXTRACT;SEASHELLS;5242;4
676600;;SUBMISSION;VELVETFRUIT_EXTRACT;SEASHELLS;5236;6
678200;SUBMISSION;;VELVETFRUIT_EXTRACT;SEASHELLS;5236;11
679600;;SUBMISSION;HYDROGEL_PACK;SEASHELLS;9993;6
679600;;SUBMISSION;VELVETFRUIT_EXTRACT;SEASHELLS;5243;4
680300;;SUBMISSION;VELVETFRUIT_EXTRACT;SEASHELLS;5242;7
682000;SUBMISSION;;VELVETFRUIT_EXTRACT;SEASHELLS;5238;4
682100;;SUBMISSION;HYDROGEL_PACK;SEASHELLS;9980;5
682200;SUBMISSION;;HYDROGEL_PACK;SEASHELLS;9968;6
683300;SUBMISSION;;VELVETFRUIT_EXTRACT;SEASHELLS;5235;3
686000;SUBMISSION;;HYDROGEL_PACK;SEASHELLS;9991;4
689200;SUBMISSION;;VEV_4000;SEASHELLS;1235;3
690600;;SUBMISSION;HYDROGEL_PACK;SEASHELLS;9997;3
691300;SUBMISSION;;HYDROGEL_PACK;SEASHELLS;9983;6
692200;SUBMISSION;;VEV_4000;SEASHELLS;1240;2
693500;;SUBMISSION;VELVETFRUIT_EXTRACT;SEASHELLS;5248;6
693800;;SUBMISSION;HYDROGEL_PACK;SEASHELLS;10002;6
693900;;SUBMISSION;VELVETFRUIT_EXTRACT;SEASHELLS;5250;3
695000;SUBMISSION;;VEV_5400;SEASHELLS;17;2
696200;;SUBMISSION;VELVETFRUIT_EXTRACT;SEASHELLS;5250;5
696300;;SUBMISSION;VELVETFRUIT_EXTRACT;SEASHELLS;5250;6
696800;;SUBMISSION;VELVETFRUIT_EXTRACT;SEASHELLS;5250;5
699400;SUBMISSION;;HYDROGEL_PACK;SEASHELLS;10010;3
707400;SUBMISSION;;HYDROGEL_PACK;SEASHELLS;10025;4
707600;;SUBMISSION;VELVETFRUIT_EXTRACT;SEASHELLS;5252;6
708700;;SUBMISSION;VELVETFRUIT_EXTRACT;SEASHELLS;5257;3
709200;;SUBMISSION;HYDROGEL_PACK;SEASHELLS;10032;14
709200;;SUBMISSION;HYDROGEL_PACK;SEASHELLS;10030;16
710400;;SUBMISSION;VELVETFRUIT_EXTRACT;SEASHELLS;5251;3
711600;SUBMISSION;;VEV_5300;SEASHELLS;48;2
711900;;SUBMISSION;VELVETFRUIT_EXTRACT;SEASHELLS;5250;3
712800;SUBMISSION;;HYDROGEL_PACK;SEASHELLS;10019;5
712900;;SUBMISSION;VELVETFRUIT_EXTRACT;SEASHELLS;5249;6
714900;SUBMISSION;;HYDROGEL_PACK;SEASHELLS;10008;2
715000;SUBMISSION;;HYDROGEL_PACK;SEASHELLS;10006;2
715500;SUBMISSION;;VELVETFRUIT_EXTRACT;SEASHELLS;5251;4
715600;SUBMISSION;;VELVETFRUIT_EXTRACT;SEASHELLS;5250;5
719300;SUBMISSION;;VELVETFRUIT_EXTRACT;SEASHELLS;5251;7
719900;SUBMISSION;;VELVETFRUIT_EXTRACT;SEASHELLS;5251;5
721300;SUBMISSION;;HYDROGEL_PACK;SEASHELLS;10006;5
721400;SUBMISSION;;HYDROGEL_PACK;SEASHELLS;10004;5
724200;;SUBMISSION;VEV_4000;SEASHELLS;1267;5
724200;;SUBMISSION;VEV_4000;SEASHELLS;1257;13
724200;;SUBMISSION;VEV_4000;SEASHELLS;1255;12
725000;SUBMISSION;;VELVETFRUIT_EXTRACT;SEASHELLS;5267;4
726100;;SUBMISSION;VELVETFRUIT_EXTRACT;SEASHELLS;5271;7
726100;;SUBMISSION;VELVETFRUIT_EXTRACT;SEASHELLS;5269;23
726100;;SUBMISSION;VEV_5100;SEASHELLS;185;30
726200;;SUBMISSION;VEV_5100;SEASHELLS;185;7
726200;;SUBMISSION;VEV_5100;SEASHELLS;184;11
727600;;SUBMISSION;VELVETFRUIT_EXTRACT;SEASHELLS;5269;30
727600;;SUBMISSION;VEV_4000;SEASHELLS;1261;11
727600;;SUBMISSION;VEV_4000;SEASHELLS;1259;16
727800;;SUBMISSION;VELVETFRUIT_EXTRACT;SEASHELLS;5269;30
727800;;SUBMISSION;VEV_4000;SEASHELLS;1261;10
727800;;SUBMISSION;VEV_4000;SEASHELLS;1259;18
729100;SUBMISSION;;VEV_5400;SEASHELLS;21;3
729100;SUBMISSION;;VEV_5500;SEASHELLS;10;3
730000;;SUBMISSION;VELVETFRUIT_EXTRACT;SEASHELLS;5270;16
730000;;SUBMISSION;VELVETFRUIT_EXTRACT;SEASHELLS;5269;14
730000;;SUBMISSION;VEV_4000;SEASHELLS;1262;14
730000;;SUBMISSION;VEV_4000;SEASHELLS;1259;12
730100;;SUBMISSION;VELVETFRUIT_EXTRACT;SEASHELLS;5271;20
730100;;SUBMISSION;VELVETFRUIT_EXTRACT;SEASHELLS;5270;10
730100;;SUBMISSION;VEV_5200;SEASHELLS;112;5
730300;;SUBMISSION;VELVETFRUIT_EXTRACT;SEASHELLS;5270;17
730300;;SUBMISSION;VELVETFRUIT_EXTRACT;SEASHELLS;5269;13
730400;;SUBMISSION;VELVETFRUIT_EXTRACT;SEASHELLS;5271;12
732700;SUBMISSION;;VELVETFRUIT_EXTRACT;SEASHELLS;5272;8
735100;;SUBMISSION;HYDROGEL_PACK;SEASHELLS;10036;5
735800;SUBMISSION;;VELVETFRUIT_EXTRACT;SEASHELLS;5271;3
735900;SUBMISSION;;VEV_4000;SEASHELLS;1265;2
736400;;SUBMISSION;VELVETFRUIT_EXTRACT;SEASHELLS;5270;11
736400;;SUBMISSION;VEV_4000;SEASHELLS;1262;2
736700;SUBMISSION;;VEV_5400;SEASHELLS;21;2
736700;SUBMISSION;;VEV_5500;SEASHELLS;10;2
736800;SUBMISSION;;VEV_5500;SEASHELLS;10;2
737200;;SUBMISSION;HYDROGEL_PACK;SEASHELLS;10035;11
737200;;SUBMISSION;HYDROGEL_PACK;SEASHELLS;10032;19
737300;;SUBMISSION;HYDROGEL_PACK;SEASHELLS;10036;15
737300;;SUBMISSION;HYDROGEL_PACK;SEASHELLS;10033;15
737400;;SUBMISSION;HYDROGEL_PACK;SEASHELLS;10037;13
737400;;SUBMISSION;HYDROGEL_PACK;SEASHELLS;10034;17
737500;;SUBMISSION;HYDROGEL_PACK;SEASHELLS;10037;11
737500;;SUBMISSION;HYDROGEL_PACK;SEASHELLS;10034;19
737600;;SUBMISSION;HYDROGEL_PACK;SEASHELLS;10034;13
737600;;SUBMISSION;HYDROGEL_PACK;SEASHELLS;10032;17
737700;;SUBMISSION;HYDROGEL_PACK;SEASHELLS;10037;13
737700;;SUBMISSION;HYDROGEL_PACK;SEASHELLS;10034;17
737800;;SUBMISSION;HYDROGEL_PACK;SEASHELLS;10038;13
737800;;SUBMISSION;HYDROGEL_PACK;SEASHELLS;10035;17
737900;;SUBMISSION;HYDROGEL_PACK;SEASHELLS;10037;10
737900;;SUBMISSION;HYDROGEL_PACK;SEASHELLS;10034;5
738300;SUBMISSION;;HYDROGEL_PACK;SEASHELLS;10043;5
738400;;SUBMISSION;HYDROGEL_PACK;SEASHELLS;10038;5
746600;SUBMISSION;;VELVETFRUIT_EXTRACT;SEASHELLS;5273;7
746900;;SUBMISSION;VELVETFRUIT_EXTRACT;SEASHELLS;5271;7
748100;;SUBMISSION;VEV_5500;SEASHELLS;10;17
749200;;SUBMISSION;VEV_5300;SEASHELLS;60;28
749600;;SUBMISSION;VEV_5300;SEASHELLS;60;16
761600;SUBMISSION;;VEV_4000;SEASHELLS;1250;3
762200;SUBMISSION;;HYDROGEL_PACK;SEASHELLS;10009;3
762800;SUBMISSION;;HYDROGEL_PACK;SEASHELLS;10008;5
764200;SUBMISSION;;HYDROGEL_PACK;SEASHELLS;10001;4
764400;SUBMISSION;;HYDROGEL_PACK;SEASHELLS;10000;5
775200;SUBMISSION;;VELVETFRUIT_EXTRACT;SEASHELLS;5261;3
776900;SUBMISSION;;HYDROGEL_PACK;SEASHELLS;10004;4
778400;SUBMISSION;;HYDROGEL_PACK;SEASHELLS;10004;6
781500;SUBMISSION;;VELVETFRUIT_EXTRACT;SEASHELLS;5251;7
784600;SUBMISSION;;VELVETFRUIT_EXTRACT;SEASHELLS;5248;8
785300;SUBMISSION;;HYDROGEL_PACK;SEASHELLS;9990;6
787300;SUBMISSION;;VEV_4000;SEASHELLS;1242;3
791300;SUBMISSION;;VEV_5400;SEASHELLS;16;3
792300;SUBMISSION;;VELVETFRUIT_EXTRACT;SEASHELLS;5243;5
793900;SUBMISSION;;VELVETFRUIT_EXTRACT;SEASHELLS;5245;6
794900;SUBMISSION;;HYDROGEL_PACK;SEASHELLS;9996;4
795700;SUBMISSION;;HYDROGEL_PACK;SEASHELLS;9987;4
797900;SUBMISSION;;VELVETFRUIT_EXTRACT;SEASHELLS;5245;5
799800;SUBMISSION;;VELVETFRUIT_EXTRACT;SEASHELLS;5249;6
800600;SUBMISSION;;VELVETFRUIT_EXTRACT;SEASHELLS;5251;4
802300;SUBMISSION;;HYDROGEL_PACK;SEASHELLS;9989;2
804800;SUBMISSION;;HYDROGEL_PACK;SEASHELLS;9985;4
805900;SUBMISSION;;HYDROGEL_PACK;SEASHELLS;9983;3
806200;SUBMISSION;;HYDROGEL_PACK;SEASHELLS;9980;4
809500;SUBMISSION;;VELVETFRUIT_EXTRACT;SEASHELLS;5244;5
810000;SUBMISSION;;VEV_5300;SEASHELLS;48;5
810000;SUBMISSION;;VEV_5400;SEASHELLS;16;5
810200;SUBMISSION;;HYDROGEL_PACK;SEASHELLS;9974;5
810600;SUBMISSION;;VELVETFRUIT_EXTRACT;SEASHELLS;5250;4
815500;SUBMISSION;;VELVETFRUIT_EXTRACT;SEASHELLS;5252;7
822000;SUBMISSION;;VELVETFRUIT_EXTRACT;SEASHELLS;5256;8
822400;SUBMISSION;;VELVETFRUIT_EXTRACT;SEASHELLS;5253;8
825200;SUBMISSION;;VELVETFRUIT_EXTRACT;SEASHELLS;5247;3
830900;SUBMISSION;;VELVETFRUIT_EXTRACT;SEASHELLS;5257;7
835500;SUBMISSION;;VEV_5300;SEASHELLS;51;5
835500;SUBMISSION;;VEV_5400;SEASHELLS;18;5
836300;SUBMISSION;;VELVETFRUIT_EXTRACT;SEASHELLS;5255;7
841500;SUBMISSION;;HYDROGEL_PACK;SEASHELLS;9987;2
841600;SUBMISSION;;VEV_4000;SEASHELLS;1251;3
842900;SUBMISSION;;VEV_5300;SEASHELLS;51;5
842900;SUBMISSION;;VEV_5400;SEASHELLS;18;5
847900;SUBMISSION;;VEV_4000;SEASHELLS;1253;3
851700;SUBMISSION;;VELVETFRUIT_EXTRACT;SEASHELLS;5255;4
852400;SUBMISSION;;HYDROGEL_PACK;SEASHELLS;10002;2
852600;SUBMISSION;;VEV_4000;SEASHELLS;1248;1
856600;SUBMISSION;;VELVETFRUIT_EXTRACT;SEASHELLS;5259;10
859100;SUBMISSION;;HYDROGEL_PACK;SEASHELLS;10015;6
859100;SUBMISSION;;VEV_5300;SEASHELLS;50;2
859100;SUBMISSION;;VEV_5400;SEASHELLS;18;2
859300;SUBMISSION;;VEV_5300;SEASHELLS;51;2
859700;SUBMISSION;;HYDROGEL_PACK;SEASHELLS;10010;4
862100;SUBMISSION;;HYDROGEL_PACK;SEASHELLS;10003;5
862500;SUBMISSION;;VEV_5500;SEASHELLS;8;2
864800;SUBMISSION;;HYDROGEL_PACK;SEASHELLS;10005;6
866200;SUBMISSION;;VELVETFRUIT_EXTRACT;SEASHELLS;5258;3
866800;SUBMISSION;;VELVETFRUIT_EXTRACT;SEASHELLS;5258;10
868000;SUBMISSION;;HYDROGEL_PACK;SEASHELLS;10008;3
868200;SUBMISSION;;HYDROGEL_PACK;SEASHELLS;10011;2
869000;SUBMISSION;;VELVETFRUIT_EXTRACT;SEASHELLS;5267;5
869500;SUBMISSION;;VEV_4000;SEASHELLS;1264;1
874800;SUBMISSION;;HYDROGEL_PACK;SEASHELLS;9994;4
874800;SUBMISSION;;VELVETFRUIT_EXTRACT;SEASHELLS;5258;9
876100;SUBMISSION;;HYDROGEL_PACK;SEASHELLS;9992;6
882600;SUBMISSION;;VELVETFRUIT_EXTRACT;SEASHELLS;5251;10
882800;SUBMISSION;;VELVETFRUIT_EXTRACT;SEASHELLS;5250;8
883900;SUBMISSION;;HYDROGEL_PACK;SEASHELLS;10018;3
884500;SUBMISSION;;HYDROGEL_PACK;SEASHELLS;10020;2
885300;SUBMISSION;;HYDROGEL_PACK;SEASHELLS;10022;5
885800;SUBMISSION;;VELVETFRUIT_EXTRACT;SEASHELLS;5251;5
886700;SUBMISSION;;VEV_4000;SEASHELLS;1247;2
891400;SUBMISSION;;VELVETFRUIT_EXTRACT;SEASHELLS;5256;6
891500;SUBMISSION;;VEV_4000;SEASHELLS;1253;3
893500;SUBMISSION;;VELVETFRUIT_EXTRACT;SEASHELLS;5255;3
898300;SUBMISSION;;VELVETFRUIT_EXTRACT;SEASHELLS;5261;8
898800;SUBMISSION;;HYDROGEL_PACK;SEASHELLS;10005;5
899800;SUBMISSION;;VEV_4000;SEASHELLS;1253;3
904700;SUBMISSION;;VELVETFRUIT_EXTRACT;SEASHELLS;5240;7
908800;SUBMISSION;;VELVETFRUIT_EXTRACT;SEASHELLS;5244;7
909100;SUBMISSION;;VELVETFRUIT_EXTRACT;SEASHELLS;5244;3
910400;SUBMISSION;;VELVETFRUIT_EXTRACT;SEASHELLS;5248;5
910900;SUBMISSION;;HYDROGEL_PACK;SEASHELLS;9976;5
912300;SUBMISSION;;HYDROGEL_PACK;SEASHELLS;9978;2
912400;SUBMISSION;;VEV_5300;SEASHELLS;53;4
912800;SUBMISSION;;VELVETFRUIT_EXTRACT;SEASHELLS;5260;5
913400;;SUBMISSION;VELVETFRUIT_EXTRACT;SEASHELLS;5266;5
913800;SUBMISSION;;VELVETFRUIT_EXTRACT;SEASHELLS;5261;7
914400;SUBMISSION;;VELVETFRUIT_EXTRACT;SEASHELLS;5257;7
914600;SUBMISSION;;VEV_4000;SEASHELLS;1254;2
916300;;SUBMISSION;VELVETFRUIT_EXTRACT;SEASHELLS;5258;6
916900;SUBMISSION;;VEV_4000;SEASHELLS;1251;1
917000;SUBMISSION;;HYDROGEL_PACK;SEASHELLS;9962;3
917000;;SUBMISSION;VELVETFRUIT_EXTRACT;SEASHELLS;5258;4
918600;SUBMISSION;;HYDROGEL_PACK;SEASHELLS;9965;5
920600;SUBMISSION;;VELVETFRUIT_EXTRACT;SEASHELLS;5255;7
922000;SUBMISSION;;VELVETFRUIT_EXTRACT;SEASHELLS;5261;6
922400;SUBMISSION;;HYDROGEL_PACK;SEASHELLS;9974;6
923100;;SUBMISSION;HYDROGEL_PACK;SEASHELLS;9994;5
923400;SUBMISSION;;VEV_4000;SEASHELLS;1263;3
924000;;SUBMISSION;HYDROGEL_PACK;SEASHELLS;9988;6
924300;;SUBMISSION;VEV_4000;SEASHELLS;1272;2
924300;;SUBMISSION;VEV_4000;SEASHELLS;1262;8
924300;;SUBMISSION;VEV_4000;SEASHELLS;1259;18
924900;;SUBMISSION;HYDROGEL_PACK;SEASHELLS;9996;6
924900;;SUBMISSION;VELVETFRUIT_EXTRACT;SEASHELLS;5273;30
925000;;SUBMISSION;VELVETFRUIT_EXTRACT;SEASHELLS;5274;30
925100;;SUBMISSION;VELVETFRUIT_EXTRACT;SEASHELLS;5274;17
925100;;SUBMISSION;VELVETFRUIT_EXTRACT;SEASHELLS;5273;13
925200;;SUBMISSION;VELVETFRUIT_EXTRACT;SEASHELLS;5273;30
925300;;SUBMISSION;VELVETFRUIT_EXTRACT;SEASHELLS;5274;19
925300;;SUBMISSION;VELVETFRUIT_EXTRACT;SEASHELLS;5273;11
925400;;SUBMISSION;VELVETFRUIT_EXTRACT;SEASHELLS;5273;20
925400;;SUBMISSION;VELVETFRUIT_EXTRACT;SEASHELLS;5272;10
926600;;SUBMISSION;VELVETFRUIT_EXTRACT;SEASHELLS;5272;30
926700;;SUBMISSION;VELVETFRUIT_EXTRACT;SEASHELLS;5273;3
928800;SUBMISSION;;VELVETFRUIT_EXTRACT;SEASHELLS;5277;5
930900;SUBMISSION;;VELVETFRUIT_EXTRACT;SEASHELLS;5268;6
932300;SUBMISSION;;VEV_4000;SEASHELLS;1261;2
932600;SUBMISSION;;VELVETFRUIT_EXTRACT;SEASHELLS;5264;8
932900;SUBMISSION;;HYDROGEL_PACK;SEASHELLS;9997;3
934000;SUBMISSION;;VEV_4000;SEASHELLS;1256;2
935100;SUBMISSION;;VELVETFRUIT_EXTRACT;SEASHELLS;5263;4
936200;SUBMISSION;;VELVETFRUIT_EXTRACT;SEASHELLS;5261;7
937600;SUBMISSION;;VELVETFRUIT_EXTRACT;SEASHELLS;5262;3
937800;SUBMISSION;;VEV_4000;SEASHELLS;1253;1
938300;SUBMISSION;;VELVETFRUIT_EXTRACT;SEASHELLS;5258;4
938600;SUBMISSION;;VELVETFRUIT_EXTRACT;SEASHELLS;5258;6
939100;SUBMISSION;;HYDROGEL_PACK;SEASHELLS;9997;5
941200;SUBMISSION;;VEV_5400;SEASHELLS;18;2
943300;SUBMISSION;;HYDROGEL_PACK;SEASHELLS;10000;3
944100;SUBMISSION;;HYDROGEL_PACK;SEASHELLS;10001;4
945000;SUBMISSION;;VEV_4000;SEASHELLS;1241;2
946600;SUBMISSION;;VEV_5300;SEASHELLS;46;4
947800;SUBMISSION;;VEV_5200;SEASHELLS;96;5
947800;SUBMISSION;;VEV_5400;SEASHELLS;17;5
949600;;SUBMISSION;HYDROGEL_PACK;SEASHELLS;10014;4
950000;SUBMISSION;;VEV_5300;SEASHELLS;45;4
950300;SUBMISSION;;HYDROGEL_PACK;SEASHELLS;10001;3
951600;SUBMISSION;;VELVETFRUIT_EXTRACT;SEASHELLS;5240;5
951800;SUBMISSION;;HYDROGEL_PACK;SEASHELLS;10008;5
952800;SUBMISSION;;VEV_4000;SEASHELLS;1235;1
955100;SUBMISSION;;VELVETFRUIT_EXTRACT;SEASHELLS;5230;8
957000;SUBMISSION;;HYDROGEL_PACK;SEASHELLS;10017;3
958900;SUBMISSION;;VELVETFRUIT_EXTRACT;SEASHELLS;5232;7
960600;SUBMISSION;;VELVETFRUIT_EXTRACT;SEASHELLS;5234;5
961200;SUBMISSION;;VELVETFRUIT_EXTRACT;SEASHELLS;5234;8
963500;SUBMISSION;;VELVETFRUIT_EXTRACT;SEASHELLS;5239;3
968200;SUBMISSION;;VELVETFRUIT_EXTRACT;SEASHELLS;5235;6
971600;SUBMISSION;;VELVETFRUIT_EXTRACT;SEASHELLS;5228;7
973400;;SUBMISSION;HYDROGEL_PACK;SEASHELLS;10031;4
975800;;SUBMISSION;HYDROGEL_PACK;SEASHELLS;10026;5
976600;SUBMISSION;;VELVETFRUIT_EXTRACT;SEASHELLS;5234;7
976800;;SUBMISSION;HYDROGEL_PACK;SEASHELLS;10022;6
977200;;SUBMISSION;HYDROGEL_PACK;SEASHELLS;10020;5
980400;SUBMISSION;;HYDROGEL_PACK;SEASHELLS;9999;2
980400;SUBMISSION;;VELVETFRUIT_EXTRACT;SEASHELLS;5242;8
984900;SUBMISSION;;VELVETFRUIT_EXTRACT;SEASHELLS;5242;4
985800;SUBMISSION;;VELVETFRUIT_EXTRACT;SEASHELLS;5242;5
989700;SUBMISSION;;VEV_4000;SEASHELLS;1239;2
989900;SUBMISSION;;VELVETFRUIT_EXTRACT;SEASHELLS;5243;4
990400;SUBMISSION;;HYDROGEL_PACK;SEASHELLS;9991;4
994300;SUBMISSION;;VEV_5300;SEASHELLS;47;3
997000;SUBMISSION;;HYDROGEL_PACK;SEASHELLS;9978;5
