timestamp;buyer;seller;symbol;currency;price;quantity
4500;SUBMISSION;;VEV_5400;XIREC;18.0;2
4500;SUBMISSION;;VEV_5500;XIREC;8.0;2
4500;;;VEV_6000;XIREC;0.0;2
4500;;;VEV_6500;XIREC;0.0;2
5100;;;HYDROGEL_PACK;XIREC;9960.0;4
5200;;SUBMISSION;VELVETFRUIT_EXTRACT;XIREC;5251.0;18
5300;;SUBMISSION;VEV_4000;XIREC;1259.0;2
6100;;SUBMISSION;VELVETFRUIT_EXTRACT;XIREC;5254.0;3
6200;;;HYDROGEL_PACK;XIREC;9955.0;5
6500;SUBMISSION;;HYDROGEL_PACK;XIREC;9944.0;4
6500;SUBMISSION;;HYDROGEL_PACK;XIREC;9953.0;12
6800;SUBMISSION;;HYDROGEL_PACK;XIREC;9952.0;12
6900;SUBMISSION;;HYDROGEL_PACK;XIREC;9952.0;11
7800;SUBMISSION;;HYDROGEL_PACK;XIREC;9952.0;15
8300;SUBMISSION;;HYDROGEL_PACK;XIREC;9950.0;15
8300;SUBMISSION;;HYDROGEL_PACK;XIREC;9952.0;28
8400;SUBMISSION;;HYDROGEL_PACK;XIREC;9949.0;11
8400;SUBMISSION;;HYDROGEL_PACK;XIREC;9952.0;29
8500;SUBMISSION;;HYDROGEL_PACK;XIREC;9947.0;14
8500;SUBMISSION;;HYDROGEL_PACK;XIREC;9950.0;25
8600;SUBMISSION;;HYDROGEL_PACK;XIREC;9946.0;13
8600;SUBMISSION;;HYDROGEL_PACK;XIREC;9948.0;11
9400;SUBMISSION;;VELVETFRUIT_EXTRACT;XIREC;5244.0;14
9400;SUBMISSION;;VELVETFRUIT_EXTRACT;XIREC;5244.0;8
9500;SUBMISSION;;VELVETFRUIT_EXTRACT;XIREC;5245.0;6
9600;SUBMISSION;;VEV_5400;XIREC;16.0;4
9600;SUBMISSION;;VEV_5500;XIREC;7.0;4
9600;;;VEV_6000;XIREC;0.0;4
9600;;;VEV_6500;XIREC;0.0;4
10300;SUBMISSION;;VELVETFRUIT_EXTRACT;XIREC;5242.0;13
10400;SUBMISSION;;VELVETFRUIT_EXTRACT;XIREC;5240.0;12
10400;SUBMISSION;;VELVETFRUIT_EXTRACT;XIREC;5244.0;65
10400;SUBMISSION;;VELVETFRUIT_EXTRACT;XIREC;5240.0;12
10500;SUBMISSION;;VELVETFRUIT_EXTRACT;XIREC;5244.0;21
10600;SUBMISSION;;VELVETFRUIT_EXTRACT;XIREC;5244.0;18
10700;SUBMISSION;;VELVETFRUIT_EXTRACT;XIREC;5244.0;22
11500;SUBMISSION;;VELVETFRUIT_EXTRACT;XIREC;5244.0;24
11600;SUBMISSION;;VELVETFRUIT_EXTRACT;XIREC;5244.0;6
11800;SUBMISSION;;VEV_5500;XIREC;7.0;4
11800;;;VEV_6000;XIREC;0.0;4
11800;;;VEV_6500;XIREC;0.0;4
14300;;;VELVETFRUIT_EXTRACT;XIREC;5238.0;6
14800;SUBMISSION;;VEV_5300;XIREC;42.0;4
14800;SUBMISSION;;VEV_5400;XIREC;14.0;4
14800;SUBMISSION;;VEV_5500;XIREC;6.0;4
14800;;;VELVETFRUIT_EXTRACT;XIREC;5232.0;6
14800;;;VEV_6000;XIREC;0.0;4
14800;;;VEV_6500;XIREC;0.0;4
15000;;SUBMISSION;HYDROGEL_PACK;XIREC;9965.0;4
16700;SUBMISSION;;VEV_4000;XIREC;1226.0;2
16700;SUBMISSION;;VEV_5300;XIREC;41.0;2
16700;SUBMISSION;;VEV_5400;XIREC;14.0;2
16700;SUBMISSION;;VEV_5500;XIREC;6.0;2
16700;;;VEV_6000;XIREC;0.0;2
16700;;;VEV_6500;XIREC;0.0;2
17200;SUBMISSION;;HYDROGEL_PACK;XIREC;9951.0;4
17300;SUBMISSION;;VEV_4000;XIREC;1226.0;1
17400;;;VELVETFRUIT_EXTRACT;XIREC;5230.0;8
17900;;SUBMISSION;VEV_4000;XIREC;1238.0;1
19300;;;VELVETFRUIT_EXTRACT;XIREC;5226.0;5
20200;;;VELVETFRUIT_EXTRACT;XIREC;5224.0;5
22800;;;HYDROGEL_PACK;XIREC;9946.0;6
25700;;SUBMISSION;VEV_4000;XIREC;1236.0;3
29300;;;VELVETFRUIT_EXTRACT;XIREC;5237.0;4
30800;;;HYDROGEL_PACK;XIREC;9940.0;2
31400;;;HYDROGEL_PACK;XIREC;9953.0;3
31700;;;VELVETFRUIT_EXTRACT;XIREC;5237.0;4
32000;;;HYDROGEL_PACK;XIREC;9938.0;5
32600;;;VELVETFRUIT_EXTRACT;XIREC;5240.0;5
32800;;;VELVETFRUIT_EXTRACT;XIREC;5238.0;7
33600;;;HYDROGEL_PACK;XIREC;9948.0;6
36200;;SUBMISSION;VEV_4000;XIREC;1239.0;3
36500;;;VELVETFRUIT_EXTRACT;XIREC;5232.0;7
37400;;;HYDROGEL_PACK;XIREC;9936.0;4
38500;SUBMISSION;;VEV_5500;XIREC;6.0;5
38500;;;VEV_6000;XIREC;0.0;5
38500;;;VEV_6500;XIREC;0.0;5
38700;;;VELVETFRUIT_EXTRACT;XIREC;5228.0;8
39400;;;VELVETFRUIT_EXTRACT;XIREC;5234.0;5
39400;;;VELVETFRUIT_EXTRACT;XIREC;5233.0;9
39800;;;VELVETFRUIT_EXTRACT;XIREC;5232.0;4
40400;SUBMISSION;;VEV_5300;XIREC;41.0;4
40400;SUBMISSION;;VEV_5400;XIREC;14.0;4
40400;SUBMISSION;;VEV_5500;XIREC;6.0;4
40400;;;VEV_6000;XIREC;0.0;4
40400;;;VEV_6500;XIREC;0.0;4
40900;;;HYDROGEL_PACK;XIREC;9951.0;5
41300;;;HYDROGEL_PACK;XIREC;9953.0;5
43400;SUBMISSION;;VEV_5400;XIREC;13.0;5
43400;SUBMISSION;;VEV_5500;XIREC;6.0;5
43400;;;VEV_6000;XIREC;0.0;5
43400;;;VEV_6500;XIREC;0.0;5
43600;;;VELVETFRUIT_EXTRACT;XIREC;5229.0;4
43900;;;HYDROGEL_PACK;XIREC;9952.0;6
45200;;;HYDROGEL_PACK;XIREC;9961.0;2
45400;;;VELVETFRUIT_EXTRACT;XIREC;5241.0;8
47700;;;VELVETFRUIT_EXTRACT;XIREC;5243.0;4
48300;;;HYDROGEL_PACK;XIREC;9960.0;3
48900;;;VELVETFRUIT_EXTRACT;XIREC;5241.0;6
49800;;;VELVETFRUIT_EXTRACT;XIREC;5244.0;3
50200;SUBMISSION;;VEV_4000;XIREC;1241.0;2
50300;;SUBMISSION;VEV_4000;XIREC;1252.0;3
50700;SUBMISSION;;VEV_5400;XIREC;16.0;5
50700;SUBMISSION;;VEV_5500;XIREC;7.0;5
50700;;;VEV_6000;XIREC;0.0;5
50700;;;VEV_6500;XIREC;0.0;5
51700;;;VELVETFRUIT_EXTRACT;XIREC;5243.0;4
52400;;;HYDROGEL_PACK;XIREC;9961.0;5
52800;SUBMISSION;;VEV_5400;XIREC;16.0;3
52800;SUBMISSION;;VEV_5500;XIREC;7.0;3
52800;;;VEV_6000;XIREC;0.0;3
52800;;;VEV_6500;XIREC;0.0;3
53000;;;HYDROGEL_PACK;XIREC;9961.0;4
53400;SUBMISSION;;VEV_5500;XIREC;7.0;2
53400;;;VEV_6000;XIREC;0.0;2
53400;;;VEV_6500;XIREC;0.0;2
53800;;SUBMISSION;VEV_4000;XIREC;1250.0;2
54400;SUBMISSION;;VEV_4000;XIREC;1239.0;3
57600;;SUBMISSION;VEV_4000;XIREC;1252.0;3
59300;;;HYDROGEL_PACK;XIREC;9949.0;4
59600;;;VELVETFRUIT_EXTRACT;XIREC;5244.0;4
60300;;;VELVETFRUIT_EXTRACT;XIREC;5245.0;5
61100;;SUBMISSION;HYDROGEL_PACK;XIREC;9960.0;2
61400;;SUBMISSION;HYDROGEL_PACK;XIREC;9961.0;2
62100;;;VELVETFRUIT_EXTRACT;XIREC;5243.0;6
62400;SUBMISSION;;HYDROGEL_PACK;XIREC;9948.0;4
62600;;SUBMISSION;VEV_4000;XIREC;1249.0;1
63100;;SUBMISSION;VEV_4000;XIREC;1247.0;3
63200;;;HYDROGEL_PACK;XIREC;9950.0;5
63200;;;VELVETFRUIT_EXTRACT;XIREC;5240.0;8
64200;;SUBMISSION;VELVETFRUIT_EXTRACT;XIREC;5244.0;6
64300;;;HYDROGEL_PACK;XIREC;9933.0;4
65400;;;HYDROGEL_PACK;XIREC;9930.0;4
65700;SUBMISSION;;VELVETFRUIT_EXTRACT;XIREC;5241.0;6
65700;;;VELVETFRUIT_EXTRACT;XIREC;5240.0;2
65900;;;HYDROGEL_PACK;XIREC;9935.0;2
67300;;SUBMISSION;VELVETFRUIT_EXTRACT;XIREC;5244.0;20
67700;;SUBMISSION;VELVETFRUIT_EXTRACT;XIREC;5249.0;4
68000;;SUBMISSION;VEV_4000;XIREC;1253.0;2
69500;;;HYDROGEL_PACK;XIREC;9952.0;2
70500;SUBMISSION;;VEV_4000;XIREC;1237.0;1
71600;SUBMISSION;;VELVETFRUIT_EXTRACT;XIREC;5240.0;5
71800;SUBMISSION;;VELVETFRUIT_EXTRACT;XIREC;5240.0;7
72800;SUBMISSION;;VELVETFRUIT_EXTRACT;XIREC;5240.0;12
73400;;;VELVETFRUIT_EXTRACT;XIREC;5237.0;8
73400;;;VELVETFRUIT_EXTRACT;XIREC;5236.0;6
73500;;;HYDROGEL_PACK;XIREC;9966.0;3
74100;SUBMISSION;;VEV_5300;XIREC;42.0;3
74100;SUBMISSION;;VEV_5400;XIREC;14.0;3
74100;SUBMISSION;;VEV_5500;XIREC;6.0;3
74100;;;VEV_6000;XIREC;0.0;3
74100;;;VEV_6500;XIREC;0.0;3
74300;;;VELVETFRUIT_EXTRACT;XIREC;5238.0;6
74400;;;VELVETFRUIT_EXTRACT;XIREC;5235.0;4
76600;;SUBMISSION;HYDROGEL_PACK;XIREC;9994.0;3
77300;;;VELVETFRUIT_EXTRACT;XIREC;5241.0;8
78300;SUBMISSION;;VEV_4000;XIREC;1234.0;3
78400;;;VELVETFRUIT_EXTRACT;XIREC;5238.0;7
78500;;SUBMISSION;HYDROGEL_PACK;XIREC;9999.0;4
79000;;;HYDROGEL_PACK;XIREC;9982.0;3
79800;;SUBMISSION;HYDROGEL_PACK;XIREC;9993.0;6
81300;;;HYDROGEL_PACK;XIREC;9970.0;6
81700;;SUBMISSION;HYDROGEL_PACK;XIREC;9979.0;3
81900;;SUBMISSION;HYDROGEL_PACK;XIREC;9977.0;2
82300;;SUBMISSION;HYDROGEL_PACK;XIREC;9976.0;3
82300;;;VELVETFRUIT_EXTRACT;XIREC;5235.0;3
83200;;;VELVETFRUIT_EXTRACT;XIREC;5237.0;7
84300;;SUBMISSION;VEV_4000;XIREC;1238.0;1
84600;;;VELVETFRUIT_EXTRACT;XIREC;5233.0;8
85300;SUBMISSION;;VEV_5300;XIREC;42.0;2
85300;SUBMISSION;;VEV_5400;XIREC;14.0;2
85300;SUBMISSION;;VEV_5500;XIREC;6.0;2
85300;;;VEV_6000;XIREC;0.0;2
85300;;;VEV_6500;XIREC;0.0;2
86100;SUBMISSION;;VEV_5400;XIREC;14.0;5
86100;SUBMISSION;;VEV_5500;XIREC;6.0;5
86100;;;VEV_6000;XIREC;0.0;5
86100;;;VEV_6500;XIREC;0.0;5
87900;;;VELVETFRUIT_EXTRACT;XIREC;5239.0;3
88500;;SUBMISSION;VELVETFRUIT_EXTRACT;XIREC;5241.0;6
89300;SUBMISSION;;VEV_4000;XIREC;1237.0;3
89800;SUBMISSION;;VEV_5300;XIREC;45.0;4
89800;SUBMISSION;;VEV_5400;XIREC;15.0;4
89800;;;VEV_6000;XIREC;0.0;4
89800;;;VEV_6500;XIREC;0.0;4
91100;;SUBMISSION;VELVETFRUIT_EXTRACT;XIREC;5243.0;6
92000;;SUBMISSION;VELVETFRUIT_EXTRACT;XIREC;5242.0;8
92100;SUBMISSION;;HYDROGEL_PACK;XIREC;9956.0;4
92500;;;HYDROGEL_PACK;XIREC;9956.0;2
93700;;SUBMISSION;VELVETFRUIT_EXTRACT;XIREC;5245.0;6
93800;;SUBMISSION;VELVETFRUIT_EXTRACT;XIREC;5245.0;7
94400;;SUBMISSION;HYDROGEL_PACK;XIREC;9973.0;4
97100;SUBMISSION;;HYDROGEL_PACK;XIREC;9951.0;2
98600;;SUBMISSION;HYDROGEL_PACK;XIREC;9961.0;2
99000;;;HYDROGEL_PACK;XIREC;9961.0;3
99900;SUBMISSION;;HYDROGEL_PACK;XIREC;9951.0;10
100500;;SUBMISSION;VELVETFRUIT_EXTRACT;XIREC;5247.0;4
100800;SUBMISSION;;HYDROGEL_PACK;XIREC;9952.0;11
101400;;;HYDROGEL_PACK;XIREC;9936.0;5
101500;;;HYDROGEL_PACK;XIREC;9935.0;6
102500;SUBMISSION;;VEV_4000;XIREC;1240.0;1
102800;SUBMISSION;;VEV_4000;XIREC;1241.0;1
103100;;;HYDROGEL_PACK;XIREC;9952.0;4
103500;;;HYDROGEL_PACK;XIREC;9940.0;3
104400;;SUBMISSION;VELVETFRUIT_EXTRACT;XIREC;5251.0;6
107100;;;HYDROGEL_PACK;XIREC;9952.0;5
107900;;SUBMISSION;VELVETFRUIT_EXTRACT;XIREC;5266.0;3
107900;;SUBMISSION;VEV_5100;XIREC;177.0;27
108400;;SUBMISSION;VEV_4000;XIREC;1263.0;3
108400;;SUBMISSION;VEV_4000;XIREC;1253.0;15
108400;;SUBMISSION;VEV_4000;XIREC;1251.0;12
108400;;SUBMISSION;VEV_4500;XIREC;763.0;3
108400;;SUBMISSION;VEV_4500;XIREC;756.0;8
108400;;SUBMISSION;VEV_4500;XIREC;754.0;19
108400;;SUBMISSION;VEV_5000;XIREC;268.0;3
108400;;SUBMISSION;VEV_5000;XIREC;266.0;8
108400;;SUBMISSION;VEV_5000;XIREC;265.0;19
108400;;SUBMISSION;VEV_5100;XIREC;179.0;3
108400;;SUBMISSION;VEV_5100;XIREC;177.0;27
108400;;SUBMISSION;VEV_5200;XIREC;106.0;3
108400;;SUBMISSION;VEV_5200;XIREC;105.0;27
108500;;SUBMISSION;VEV_5100;XIREC;178.0;12
108500;;SUBMISSION;VEV_5100;XIREC;177.0;18
108500;;SUBMISSION;VEV_5200;XIREC;106.0;12
108500;;SUBMISSION;VEV_5200;XIREC;105.0;18
108600;;SUBMISSION;VEV_5100;XIREC;178.0;8
108600;;SUBMISSION;VEV_5100;XIREC;177.0;18
108700;;SUBMISSION;VEV_5100;XIREC;178.0;7
108700;;SUBMISSION;VEV_5100;XIREC;177.0;21
108800;;SUBMISSION;VEV_4000;XIREC;1256.0;11
108800;;SUBMISSION;VEV_4000;XIREC;1253.0;16
108800;;SUBMISSION;VEV_4500;XIREC;758.0;12
108800;;SUBMISSION;VEV_4500;XIREC;756.0;16
108800;;SUBMISSION;VEV_5000;XIREC;268.0;12
108800;;SUBMISSION;VEV_5000;XIREC;267.0;16
108800;;SUBMISSION;VEV_5100;XIREC;179.0;28
108800;;SUBMISSION;VEV_5200;XIREC;107.0;12
108800;;SUBMISSION;VEV_5200;XIREC;106.0;16
108900;;SUBMISSION;VEV_4000;XIREC;1256.0;7
108900;;SUBMISSION;VEV_4000;XIREC;1253.0;20
108900;;SUBMISSION;VEV_5000;XIREC;268.0;8
108900;;SUBMISSION;VEV_5000;XIREC;267.0;12
108900;;SUBMISSION;VEV_5100;XIREC;179.0;20
108900;;SUBMISSION;VEV_5200;XIREC;106.0;20
109000;;SUBMISSION;VELVETFRUIT_EXTRACT;XIREC;5264.0;23
109000;;SUBMISSION;VELVETFRUIT_EXTRACT;XIREC;5264.0;7
109000;;SUBMISSION;VEV_4000;XIREC;1256.0;15
109000;;SUBMISSION;VEV_4000;XIREC;1253.0;15
109000;;SUBMISSION;VEV_4500;XIREC;758.0;11
109000;;SUBMISSION;VEV_4500;XIREC;756.0;16
109000;;SUBMISSION;VEV_5000;XIREC;268.0;11
109000;;SUBMISSION;VEV_5000;XIREC;267.0;16
109000;;SUBMISSION;VEV_5100;XIREC;179.0;27
109000;;SUBMISSION;VEV_5200;XIREC;107.0;11
109000;;SUBMISSION;VEV_5200;XIREC;106.0;16
109000;;;VELVETFRUIT_EXTRACT;XIREC;5265.0;5
109100;;SUBMISSION;VEV_4000;XIREC;1256.0;11
109100;;SUBMISSION;VEV_4000;XIREC;1254.0;19
109100;;SUBMISSION;VEV_4500;XIREC;759.0;7
109100;;SUBMISSION;VEV_4500;XIREC;757.0;15
109100;;SUBMISSION;VEV_5000;XIREC;268.0;22
109100;;SUBMISSION;VEV_5100;XIREC;180.0;7
109100;;SUBMISSION;VEV_5100;XIREC;179.0;15
109100;;SUBMISSION;VEV_5200;XIREC;107.0;22
109100;;SUBMISSION;VEV_5400;XIREC;20.0;25
109100;;;HYDROGEL_PACK;XIREC;9957.0;2
109200;;SUBMISSION;VEV_5000;XIREC;267.0;12
109200;;SUBMISSION;VEV_5000;XIREC;266.0;18
109200;;SUBMISSION;VEV_5100;XIREC;179.0;12
109200;;SUBMISSION;VEV_5100;XIREC;178.0;18
109200;;SUBMISSION;VEV_5200;XIREC;106.0;30
109300;;SUBMISSION;VEV_4000;XIREC;1256.0;12
109300;;SUBMISSION;VEV_4000;XIREC;1254.0;18
109300;;SUBMISSION;VEV_4500;XIREC;759.0;11
109300;;SUBMISSION;VEV_4500;XIREC;757.0;12
109300;;SUBMISSION;VEV_5000;XIREC;268.0;23
109300;;SUBMISSION;VEV_5100;XIREC;180.0;11
109300;;SUBMISSION;VEV_5100;XIREC;179.0;12
109300;;SUBMISSION;VEV_5200;XIREC;107.0;23
109300;;SUBMISSION;VEV_5400;XIREC;20.0;18
109400;;SUBMISSION;VEV_4000;XIREC;1258.0;8
109400;;SUBMISSION;VEV_4000;XIREC;1256.0;22
109400;;SUBMISSION;VEV_4500;XIREC;761.0;6
109400;;SUBMISSION;VEV_4500;XIREC;759.0;15
109400;;SUBMISSION;VEV_5000;XIREC;270.0;6
109400;;SUBMISSION;VEV_5000;XIREC;269.0;15
109400;;SUBMISSION;VEV_5100;XIREC;181.0;4
109400;;SUBMISSION;VEV_5200;XIREC;108.0;21
109400;;SUBMISSION;VEV_5300;XIREC;55.0;9
109400;;SUBMISSION;VEV_5300;XIREC;54.0;18
109400;;SUBMISSION;VEV_5400;XIREC;21.0;9
109400;;SUBMISSION;VEV_5400;XIREC;20.0;18
109500;;SUBMISSION;VEV_4000;XIREC;1258.0;11
109500;;SUBMISSION;VEV_4000;XIREC;1255.0;19
109500;;SUBMISSION;VEV_4500;XIREC;760.0;12
109500;;SUBMISSION;VEV_4500;XIREC;759.0;18
109500;;SUBMISSION;VEV_5000;XIREC;270.0;12
109500;;SUBMISSION;VEV_5000;XIREC;269.0;18
109500;;SUBMISSION;VEV_5200;XIREC;108.0;30
109500;;SUBMISSION;VEV_5300;XIREC;54.0;24
109500;;SUBMISSION;VEV_5400;XIREC;21.0;10
109500;;SUBMISSION;VEV_5400;XIREC;20.0;14
109600;;SUBMISSION;VEV_4000;XIREC;1259.0;8
109600;;SUBMISSION;VEV_4000;XIREC;1257.0;16
109600;;SUBMISSION;VEV_4500;XIREC;762.0;10
109600;;SUBMISSION;VEV_4500;XIREC;760.0;20
109600;;SUBMISSION;VEV_5000;XIREC;271.0;30
109600;;SUBMISSION;VEV_5200;XIREC;109.0;30
109600;;SUBMISSION;VEV_5300;XIREC;55.0;26
109600;;SUBMISSION;VEV_5400;XIREC;21.0;26
109700;;SUBMISSION;VEV_4000;XIREC;1260.0;8
109700;;SUBMISSION;VEV_4000;XIREC;1257.0;19
109700;;SUBMISSION;VEV_4500;XIREC;762.0;12
109700;;SUBMISSION;VEV_4500;XIREC;760.0;18
109700;;SUBMISSION;VEV_5000;XIREC;272.0;12
109700;;SUBMISSION;VEV_5000;XIREC;271.0;18
109700;;SUBMISSION;VEV_5200;XIREC;109.0;4
109700;;SUBMISSION;VEV_5300;XIREC;55.0;16
109700;;SUBMISSION;VEV_5400;XIREC;21.0;16
109800;;SUBMISSION;VEV_4000;XIREC;1261.0;3
109800;;SUBMISSION;VEV_4500;XIREC;763.0;8
109800;;SUBMISSION;VEV_4500;XIREC;761.0;15
109800;;SUBMISSION;VEV_5000;XIREC;272.0;4
109800;;SUBMISSION;VEV_5300;XIREC;56.0;10
109800;;SUBMISSION;VEV_5300;XIREC;55.0;10
109800;;SUBMISSION;VEV_5400;XIREC;21.0;20
109900;;SUBMISSION;VEV_4500;XIREC;762.0;10
109900;;SUBMISSION;VEV_4500;XIREC;760.0;20
109900;;SUBMISSION;VEV_5300;XIREC;55.0;22
109900;;SUBMISSION;VEV_5400;XIREC;21.0;22
110000;;SUBMISSION;VEV_4500;XIREC;762.0;1
110000;;SUBMISSION;VEV_5300;XIREC;55.0;26
110000;;SUBMISSION;VEV_5400;XIREC;21.0;26
110100;;SUBMISSION;VEV_5400;XIREC;20.0;26
110100;;;VELVETFRUIT_EXTRACT;XIREC;5265.0;4
110200;;SUBMISSION;VEV_5400;XIREC;20.0;23
110300;;SUBMISSION;VEV_5400;XIREC;20.0;24
110400;;SUBMISSION;VEV_5300;XIREC;54.0;22
110400;;SUBMISSION;VEV_5400;XIREC;20.0;22
110500;;SUBMISSION;VEV_5400;XIREC;20.0;22
110600;;SUBMISSION;VEV_5400;XIREC;20.0;17
112000;;;VELVETFRUIT_EXTRACT;XIREC;5260.0;3
112700;;;HYDROGEL_PACK;XIREC;9948.0;2
113900;;;HYDROGEL_PACK;XIREC;9956.0;2
115500;;;HYDROGEL_PACK;XIREC;9937.0;3
118800;;;VELVETFRUIT_EXTRACT;XIREC;5257.0;3
119400;;SUBMISSION;HYDROGEL_PACK;XIREC;9961.0;3
120300;SUBMISSION;;VEV_5400;XIREC;18.0;4
120300;SUBMISSION;;VEV_5500;XIREC;8.0;4
120300;;;VEV_6000;XIREC;0.0;4
120300;;;VEV_6500;XIREC;0.0;4
120700;;;HYDROGEL_PACK;XIREC;9958.0;2
123300;;;VELVETFRUIT_EXTRACT;XIREC;5262.0;7
125600;;SUBMISSION;VELVETFRUIT_EXTRACT;XIREC;5264.0;3
126000;;;HYDROGEL_PACK;XIREC;9953.0;4
127200;SUBMISSION;;VEV_5500;XIREC;8.0;3
127200;;;VEV_6000;XIREC;0.0;3
127200;;;VEV_6500;XIREC;0.0;3
129100;;SUBMISSION;VEV_4000;XIREC;1270.0;3
129500;;SUBMISSION;HYDROGEL_PACK;XIREC;9966.0;6
129800;SUBMISSION;;HYDROGEL_PACK;XIREC;9952.0;4
130800;SUBMISSION;;HYDROGEL_PACK;XIREC;9947.0;5
131300;;;VELVETFRUIT_EXTRACT;XIREC;5265.0;5
131800;;;VELVETFRUIT_EXTRACT;XIREC;5261.0;5
132600;;SUBMISSION;VELVETFRUIT_EXTRACT;XIREC;5262.0;10
133100;SUBMISSION;;VEV_4000;XIREC;1258.0;3
133700;;;HYDROGEL_PACK;XIREC;9948.0;4
134000;;;VELVETFRUIT_EXTRACT;XIREC;5264.0;8
134500;;;HYDROGEL_PACK;XIREC;9944.0;6
135200;;SUBMISSION;VELVETFRUIT_EXTRACT;XIREC;5263.0;8
135500;;;VELVETFRUIT_EXTRACT;XIREC;5257.0;7
135900;SUBMISSION;;VEV_5300;XIREC;52.0;3
135900;SUBMISSION;;VEV_5400;XIREC;19.0;3
135900;SUBMISSION;;VEV_5500;XIREC;8.0;3
135900;;;VEV_6000;XIREC;0.0;3
135900;;;VEV_6500;XIREC;0.0;3
137000;SUBMISSION;;VEV_4000;XIREC;1257.0;3
137300;SUBMISSION;;VEV_4000;XIREC;1256.0;3
137600;;SUBMISSION;VEV_4000;XIREC;1264.0;3
137800;;;HYDROGEL_PACK;XIREC;9942.0;3
138000;;;VELVETFRUIT_EXTRACT;XIREC;5254.0;7
138100;;SUBMISSION;HYDROGEL_PACK;XIREC;9958.0;2
139700;;SUBMISSION;VELVETFRUIT_EXTRACT;XIREC;5256.0;8
140000;;SUBMISSION;VELVETFRUIT_EXTRACT;XIREC;5260.0;5
140100;;SUBMISSION;VELVETFRUIT_EXTRACT;XIREC;5259.0;4
141000;;SUBMISSION;VELVETFRUIT_EXTRACT;XIREC;5259.0;4
142000;;SUBMISSION;VELVETFRUIT_EXTRACT;XIREC;5261.0;6
144500;;;VELVETFRUIT_EXTRACT;XIREC;5258.0;5
145500;SUBMISSION;;VEV_5400;XIREC;19.0;2
145500;SUBMISSION;;VEV_5500;XIREC;8.0;2
145500;;;VEV_6000;XIREC;0.0;2
145500;;;VEV_6500;XIREC;0.0;2
145600;;SUBMISSION;HYDROGEL_PACK;XIREC;9961.0;5
146500;;SUBMISSION;HYDROGEL_PACK;XIREC;9962.0;6
146700;;;VELVETFRUIT_EXTRACT;XIREC;5260.0;7
147900;SUBMISSION;;VEV_4000;XIREC;1261.0;1
148000;;SUBMISSION;HYDROGEL_PACK;XIREC;9971.0;3
148300;;;VELVETFRUIT_EXTRACT;XIREC;5265.0;4
148800;;SUBMISSION;VELVETFRUIT_EXTRACT;XIREC;5262.0;21
150600;SUBMISSION;;VEV_5300;XIREC;53.0;2
150600;SUBMISSION;;VEV_5400;XIREC;20.0;2
150600;SUBMISSION;;VEV_5500;XIREC;8.0;2
150600;;;VEV_6000;XIREC;0.0;2
150600;;;VEV_6500;XIREC;0.0;2
150700;;SUBMISSION;VELVETFRUIT_EXTRACT;XIREC;5267.0;7
151100;SUBMISSION;;HYDROGEL_PACK;XIREC;9946.0;4
151200;SUBMISSION;;HYDROGEL_PACK;XIREC;9945.0;6
151400;;;VELVETFRUIT_EXTRACT;XIREC;5261.0;7
152700;SUBMISSION;;HYDROGEL_PACK;XIREC;9945.0;5
153000;SUBMISSION;;VEV_5400;XIREC;18.0;4
153000;SUBMISSION;;VEV_5500;XIREC;7.0;4
153000;;;VEV_6000;XIREC;0.0;4
153000;;;VEV_6500;XIREC;0.0;4
154100;SUBMISSION;;VEV_4000;XIREC;1247.0;3
155900;;SUBMISSION;HYDROGEL_PACK;XIREC;9965.0;4
156000;SUBMISSION;;VELVETFRUIT_EXTRACT;XIREC;5250.0;15
156200;SUBMISSION;;VELVETFRUIT_EXTRACT;XIREC;5250.0;15
156200;SUBMISSION;;VEV_4000;XIREC;1242.0;1
156300;SUBMISSION;;VELVETFRUIT_EXTRACT;XIREC;5250.0;56
156400;SUBMISSION;;HYDROGEL_PACK;XIREC;9950.0;5
156400;SUBMISSION;;VELVETFRUIT_EXTRACT;XIREC;5249.0;19
156400;SUBMISSION;;VELVETFRUIT_EXTRACT;XIREC;5250.0;34
156400;;;HYDROGEL_PACK;XIREC;9949.0;1
156600;SUBMISSION;;VELVETFRUIT_EXTRACT;XIREC;5250.0;13
159900;;;HYDROGEL_PACK;XIREC;9961.0;3
161200;;;HYDROGEL_PACK;XIREC;9956.0;6
163300;;SUBMISSION;VELVETFRUIT_EXTRACT;XIREC;5253.0;10
164000;SUBMISSION;;VELVETFRUIT_EXTRACT;XIREC;5252.0;5
164300;;SUBMISSION;HYDROGEL_PACK;XIREC;9972.0;5
165500;SUBMISSION;;VELVETFRUIT_EXTRACT;XIREC;5251.0;4
167300;;;HYDROGEL_PACK;XIREC;9957.0;3
167600;SUBMISSION;;VELVETFRUIT_EXTRACT;XIREC;5250.0;1
167600;SUBMISSION;;VEV_4000;XIREC;1247.0;2
167600;;;VELVETFRUIT_EXTRACT;XIREC;5249.0;5
168400;;;VELVETFRUIT_EXTRACT;XIREC;5248.0;3
168500;;SUBMISSION;VEV_4000;XIREC;1256.0;2
168700;;SUBMISSION;VEV_4000;XIREC;1255.0;1
170400;SUBMISSION;;VEV_5400;XIREC;17.0;5
170400;SUBMISSION;;VEV_5500;XIREC;7.0;5
170400;;;VEV_6000;XIREC;0.0;5
170400;;;VEV_6500;XIREC;0.0;5
170500;SUBMISSION;;VEV_5300;XIREC;46.0;3
170500;SUBMISSION;;VEV_5500;XIREC;7.0;3
170500;;;VEV_6000;XIREC;0.0;3
170500;;;VEV_6500;XIREC;0.0;3
170900;;SUBMISSION;VEV_4000;XIREC;1255.0;3
171400;;SUBMISSION;HYDROGEL_PACK;XIREC;9991.0;6
171700;;;VELVETFRUIT_EXTRACT;XIREC;5248.0;7
172400;SUBMISSION;;VEV_4000;XIREC;1243.0;1
172500;SUBMISSION;;VEV_5300;XIREC;46.0;5
172500;SUBMISSION;;VEV_5400;XIREC;17.0;5
172500;SUBMISSION;;VEV_5500;XIREC;7.0;5
172500;;;VEV_6000;XIREC;0.0;5
172500;;;VEV_6500;XIREC;0.0;5
174200;;SUBMISSION;HYDROGEL_PACK;XIREC;9987.0;5
174400;;SUBMISSION;HYDROGEL_PACK;XIREC;9990.0;6
178000;;;HYDROGEL_PACK;XIREC;9988.0;3
179200;;;VELVETFRUIT_EXTRACT;XIREC;5243.0;4
180100;;;VELVETFRUIT_EXTRACT;XIREC;5248.0;3
182100;;;HYDROGEL_PACK;XIREC;10012.0;3
182800;;;HYDROGEL_PACK;XIREC;10010.0;5
184200;;SUBMISSION;VEV_4000;XIREC;1246.0;3
185600;;SUBMISSION;HYDROGEL_PACK;XIREC;10023.0;12
185600;;SUBMISSION;HYDROGEL_PACK;XIREC;10020.0;23
185700;;SUBMISSION;HYDROGEL_PACK;XIREC;10023.0;14
185700;;SUBMISSION;HYDROGEL_PACK;XIREC;10021.0;29
185800;;SUBMISSION;HYDROGEL_PACK;XIREC;10024.0;13
185800;;SUBMISSION;HYDROGEL_PACK;XIREC;10022.0;24
185800;;SUBMISSION;HYDROGEL_PACK;XIREC;10039.0;4
185900;;SUBMISSION;HYDROGEL_PACK;XIREC;10024.0;12
185900;;SUBMISSION;HYDROGEL_PACK;XIREC;10021.0;23
186000;;SUBMISSION;HYDROGEL_PACK;XIREC;10023.0;15
186000;;SUBMISSION;HYDROGEL_PACK;XIREC;10020.0;27
187400;;;VELVETFRUIT_EXTRACT;XIREC;5235.0;8
187600;;;VELVETFRUIT_EXTRACT;XIREC;5235.0;5
188200;;SUBMISSION;HYDROGEL_PACK;XIREC;10022.0;12
188400;;;HYDROGEL_PACK;XIREC;10021.0;4
188700;;SUBMISSION;HYDROGEL_PACK;XIREC;10023.0;10
188700;;SUBMISSION;HYDROGEL_PACK;XIREC;10021.0;19
188800;;;VELVETFRUIT_EXTRACT;XIREC;5232.0;6
189300;;SUBMISSION;HYDROGEL_PACK;XIREC;10025.0;14
189300;;SUBMISSION;HYDROGEL_PACK;XIREC;10022.0;29
189400;;SUBMISSION;HYDROGEL_PACK;XIREC;10026.0;14
189400;;SUBMISSION;HYDROGEL_PACK;XIREC;10023.0;24
189600;;SUBMISSION;HYDROGEL_PACK;XIREC;10026.0;10
189600;;SUBMISSION;HYDROGEL_PACK;XIREC;10023.0;28
190100;SUBMISSION;;VEV_5300;XIREC;42.0;3
190100;SUBMISSION;;VEV_5400;XIREC;15.0;3
190100;SUBMISSION;;VEV_5500;XIREC;6.0;3
190100;;;VEV_6000;XIREC;0.0;3
190100;;;VEV_6500;XIREC;0.0;3
190600;;;VELVETFRUIT_EXTRACT;XIREC;5234.0;6
190700;;;VELVETFRUIT_EXTRACT;XIREC;5239.0;3
191100;;;VELVETFRUIT_EXTRACT;XIREC;5237.0;8
192600;;;VELVETFRUIT_EXTRACT;XIREC;5231.0;3
192800;;;HYDROGEL_PACK;XIREC;10007.0;5
193400;;SUBMISSION;HYDROGEL_PACK;XIREC;10025.0;4
194200;;SUBMISSION;VEV_4000;XIREC;1242.0;2
194400;;;VELVETFRUIT_EXTRACT;XIREC;5234.0;5
195200;;;VELVETFRUIT_EXTRACT;XIREC;5236.0;3
195600;SUBMISSION;;VEV_5300;XIREC;41.0;3
195600;SUBMISSION;;VEV_5400;XIREC;14.0;3
195600;SUBMISSION;;VEV_5500;XIREC;6.0;3
195600;;;VEV_6000;XIREC;0.0;3
195600;;;VEV_6500;XIREC;0.0;3
196100;;;VELVETFRUIT_EXTRACT;XIREC;5236.0;5
196700;SUBMISSION;;VEV_4000;XIREC;1230.0;1
197600;;;VELVETFRUIT_EXTRACT;XIREC;5237.0;9
198900;;;VELVETFRUIT_EXTRACT;XIREC;5243.0;5
199200;;;VELVETFRUIT_EXTRACT;XIREC;5243.0;5
199400;;SUBMISSION;HYDROGEL_PACK;XIREC;10028.0;3
202300;;SUBMISSION;VEV_4000;XIREC;1247.0;3
202700;;SUBMISSION;HYDROGEL_PACK;XIREC;10032.0;5
203200;;;HYDROGEL_PACK;XIREC;10014.0;6
203700;;;VELVETFRUIT_EXTRACT;XIREC;5241.0;3
206200;SUBMISSION;;VEV_5400;XIREC;16.0;3
206200;;;VEV_6000;XIREC;0.0;3
206200;;;VEV_6500;XIREC;0.0;3
206600;;SUBMISSION;VEV_4000;XIREC;1250.0;1
206800;;;VELVETFRUIT_EXTRACT;XIREC;5241.0;6
207600;;SUBMISSION;VELVETFRUIT_EXTRACT;XIREC;5250.0;4
210300;;;VELVETFRUIT_EXTRACT;XIREC;5250.0;5
210600;;;HYDROGEL_PACK;XIREC;9990.0;5
211100;;;HYDROGEL_PACK;XIREC;9996.0;6
213700;;SUBMISSION;VELVETFRUIT_EXTRACT;XIREC;5258.0;5
214400;;;VELVETFRUIT_EXTRACT;XIREC;5250.0;3
215000;;;VELVETFRUIT_EXTRACT;XIREC;5249.0;4
215600;;SUBMISSION;VELVETFRUIT_EXTRACT;XIREC;5250.0;17
216000;;SUBMISSION;VEV_4000;XIREC;1258.0;1
217100;;SUBMISSION;VELVETFRUIT_EXTRACT;XIREC;5256.0;4
217500;;SUBMISSION;HYDROGEL_PACK;XIREC;10010.0;4
217800;;SUBMISSION;VEV_4000;XIREC;1258.0;1
218500;;SUBMISSION;HYDROGEL_PACK;XIREC;10016.0;5
218900;;SUBMISSION;HYDROGEL_PACK;XIREC;10013.0;1
218900;;;HYDROGEL_PACK;XIREC;10014.0;2
218900;;;VELVETFRUIT_EXTRACT;XIREC;5249.0;8
221200;;;HYDROGEL_PACK;XIREC;10011.0;5
221600;SUBMISSION;;VELVETFRUIT_EXTRACT;XIREC;5245.0;30
221800;;;VELVETFRUIT_EXTRACT;XIREC;5241.0;7
222900;SUBMISSION;;VEV_4000;XIREC;1241.0;3
223300;;SUBMISSION;VEV_4000;XIREC;1252.0;2
224100;;SUBMISSION;VEV_4000;XIREC;1253.0;1
224100;;;VEV_4000;XIREC;1258.0;1
225100;;SUBMISSION;VELVETFRUIT_EXTRACT;XIREC;5253.0;5
226100;;;HYDROGEL_PACK;XIREC;9974.0;5
229000;SUBMISSION;;VELVETFRUIT_EXTRACT;XIREC;5245.0;5
229100;;;VEV_4000;XIREC;1258.0;1
230000;;;HYDROGEL_PACK;XIREC;9998.0;4
230800;;;HYDROGEL_PACK;XIREC;10007.0;3
235300;SUBMISSION;;VEV_5400;XIREC;16.0;3
235300;SUBMISSION;;VEV_5500;XIREC;7.0;3
235300;;;VEV_6000;XIREC;0.0;3
235300;;;VEV_6500;XIREC;0.0;3
235900;;;HYDROGEL_PACK;XIREC;9998.0;3
237900;;SUBMISSION;VELVETFRUIT_EXTRACT;XIREC;5253.0;6
238200;;;HYDROGEL_PACK;XIREC;10025.0;2
238600;;SUBMISSION;VELVETFRUIT_EXTRACT;XIREC;5248.0;19
239400;;;VELVETFRUIT_EXTRACT;XIREC;5251.0;6
239600;;SUBMISSION;VELVETFRUIT_EXTRACT;XIREC;5254.0;5
239600;;;HYDROGEL_PACK;XIREC;10006.0;4
239700;;;HYDROGEL_PACK;XIREC;10021.0;6
240200;;SUBMISSION;VELVETFRUIT_EXTRACT;XIREC;5257.0;3
240600;;;HYDROGEL_PACK;XIREC;10013.0;3
241900;;;HYDROGEL_PACK;XIREC;10005.0;2
242900;;SUBMISSION;VELVETFRUIT_EXTRACT;XIREC;5253.0;5
245600;;SUBMISSION;VELVETFRUIT_EXTRACT;XIREC;5255.0;6
248200;;;HYDROGEL_PACK;XIREC;10025.0;5
248300;;;VELVETFRUIT_EXTRACT;XIREC;5257.0;5
250500;;;VELVETFRUIT_EXTRACT;XIREC;5260.0;4
250600;SUBMISSION;;VEV_4000;XIREC;1257.0;2
251200;;;VELVETFRUIT_EXTRACT;XIREC;5262.0;8
251600;;SUBMISSION;VEV_4000;XIREC;1270.0;2
251600;;;VEV_4000;XIREC;1275.0;1
251900;;SUBMISSION;VELVETFRUIT_EXTRACT;XIREC;5262.0;14
252400;;SUBMISSION;VELVETFRUIT_EXTRACT;XIREC;5266.0;6
252500;SUBMISSION;;VEV_5300;XIREC;53.0;2
252500;SUBMISSION;;VEV_5400;XIREC;19.0;2
252500;SUBMISSION;;VEV_5500;XIREC;8.0;2
252500;;;HYDROGEL_PACK;XIREC;9988.0;3
252500;;;VEV_6000;XIREC;0.0;2
252500;;;VEV_6500;XIREC;0.0;2
253900;;SUBMISSION;VELVETFRUIT_EXTRACT;XIREC;5265.0;3
254700;;;HYDROGEL_PACK;XIREC;9997.0;5
255000;;;HYDROGEL_PACK;XIREC;9980.0;4
255300;SUBMISSION;;HYDROGEL_PACK;XIREC;9974.0;2
255400;SUBMISSION;;HYDROGEL_PACK;XIREC;9974.0;3
258400;;SUBMISSION;VELVETFRUIT_EXTRACT;XIREC;5256.0;8
262200;SUBMISSION;;VELVETFRUIT_EXTRACT;XIREC;5251.0;4
262300;;SUBMISSION;HYDROGEL_PACK;XIREC;10004.0;4
262800;;SUBMISSION;HYDROGEL_PACK;XIREC;10007.0;1
262800;;;HYDROGEL_PACK;XIREC;10008.0;1
263100;;;VEV_4000;XIREC;1268.0;3
263900;;SUBMISSION;VELVETFRUIT_EXTRACT;XIREC;5256.0;7
265400;SUBMISSION;;VELVETFRUIT_EXTRACT;XIREC;5250.0;9
265400;;;VELVETFRUIT_EXTRACT;XIREC;5250.0;9
265600;SUBMISSION;;VELVETFRUIT_EXTRACT;XIREC;5249.0;5
265700;SUBMISSION;;VELVETFRUIT_EXTRACT;XIREC;5247.0;14
265800;;;VELVETFRUIT_EXTRACT;XIREC;5252.0;7
265900;SUBMISSION;;VEV_4000;XIREC;1245.0;1
266300;;;HYDROGEL_PACK;XIREC;9999.0;4
266500;;;VELVETFRUIT_EXTRACT;XIREC;5253.0;5
266600;;;HYDROGEL_PACK;XIREC;9997.0;4
267400;;SUBMISSION;VELVETFRUIT_EXTRACT;XIREC;5253.0;3
267800;SUBMISSION;;VELVETFRUIT_EXTRACT;XIREC;5250.0;23
267900;SUBMISSION;;VELVETFRUIT_EXTRACT;XIREC;5249.0;22
267900;SUBMISSION;;VELVETFRUIT_EXTRACT;XIREC;5250.0;8
268300;;SUBMISSION;VEV_4000;XIREC;1252.0;1
268300;;;VEV_4000;XIREC;1257.0;1
268700;;;VELVETFRUIT_EXTRACT;XIREC;5251.0;5
269300;SUBMISSION;;HYDROGEL_PACK;XIREC;9974.0;3
269300;;;VELVETFRUIT_EXTRACT;XIREC;5247.0;5
271600;SUBMISSION;;VEV_4000;XIREC;1253.0;1
272600;;SUBMISSION;VELVETFRUIT_EXTRACT;XIREC;5260.0;7
274600;;SUBMISSION;HYDROGEL_PACK;XIREC;9988.0;2
274900;;SUBMISSION;VELVETFRUIT_EXTRACT;XIREC;5255.0;20
275300;;SUBMISSION;VELVETFRUIT_EXTRACT;XIREC;5258.0;8
275700;;SUBMISSION;HYDROGEL_PACK;XIREC;9995.0;1
275700;;;HYDROGEL_PACK;XIREC;9996.0;1
276500;;SUBMISSION;VELVETFRUIT_EXTRACT;XIREC;5254.0;7
277400;;SUBMISSION;VELVETFRUIT_EXTRACT;XIREC;5254.0;4
278300;;SUBMISSION;VELVETFRUIT_EXTRACT;XIREC;5257.0;5
279600;;SUBMISSION;VELVETFRUIT_EXTRACT;XIREC;5259.0;4
280000;SUBMISSION;;HYDROGEL_PACK;XIREC;9967.0;7
280500;;;HYDROGEL_PACK;XIREC;9973.0;2
280600;SUBMISSION;;HYDROGEL_PACK;XIREC;9970.0;11
280700;SUBMISSION;;HYDROGEL_PACK;XIREC;9972.0;11
280800;SUBMISSION;;HYDROGEL_PACK;XIREC;9972.0;14
280900;SUBMISSION;;HYDROGEL_PACK;XIREC;9971.0;10
281000;SUBMISSION;;HYDROGEL_PACK;XIREC;9968.0;14
281000;SUBMISSION;;HYDROGEL_PACK;XIREC;9971.0;27
281100;SUBMISSION;;HYDROGEL_PACK;XIREC;9968.0;11
281100;SUBMISSION;;HYDROGEL_PACK;XIREC;9971.0;30
281100;SUBMISSION;;HYDROGEL_PACK;XIREC;9953.0;3
281200;SUBMISSION;;HYDROGEL_PACK;XIREC;9966.0;12
281200;SUBMISSION;;HYDROGEL_PACK;XIREC;9969.0;30
281300;SUBMISSION;;HYDROGEL_PACK;XIREC;9970.0;10
281400;SUBMISSION;;HYDROGEL_PACK;XIREC;9971.0;10
281400;SUBMISSION;;VELVETFRUIT_EXTRACT;XIREC;5253.0;15
281400;SUBMISSION;;VELVETFRUIT_EXTRACT;XIREC;5253.0;15
281500;SUBMISSION;;HYDROGEL_PACK;XIREC;9972.0;15
281500;;SUBMISSION;VEV_4000;XIREC;1262.0;1
281600;SUBMISSION;;HYDROGEL_PACK;XIREC;9972.0;11
282000;;SUBMISSION;VELVETFRUIT_EXTRACT;XIREC;5255.0;16
282200;;;HYDROGEL_PACK;XIREC;9979.0;2
282200;;;VELVETFRUIT_EXTRACT;XIREC;5260.0;7
283400;;SUBMISSION;VELVETFRUIT_EXTRACT;XIREC;5258.0;7
285400;SUBMISSION;;HYDROGEL_PACK;XIREC;9966.0;5
286300;;SUBMISSION;VELVETFRUIT_EXTRACT;XIREC;5265.0;6
286600;;;VEV_4000;XIREC;1277.0;2
287200;SUBMISSION;;HYDROGEL_PACK;XIREC;9971.0;15
287600;SUBMISSION;;HYDROGEL_PACK;XIREC;9971.0;13
287700;SUBMISSION;;HYDROGEL_PACK;XIREC;9970.0;14
287800;SUBMISSION;;HYDROGEL_PACK;XIREC;9968.0;13
287800;SUBMISSION;;HYDROGEL_PACK;XIREC;9970.0;23
287900;SUBMISSION;;HYDROGEL_PACK;XIREC;9970.0;11
288000;SUBMISSION;;HYDROGEL_PACK;XIREC;9971.0;13
288100;SUBMISSION;;HYDROGEL_PACK;XIREC;9969.0;10
288100;SUBMISSION;;HYDROGEL_PACK;XIREC;9971.0;24
288200;SUBMISSION;;HYDROGEL_PACK;XIREC;9966.0;13
288200;SUBMISSION;;HYDROGEL_PACK;XIREC;9968.0;20
288800;;;VEV_4000;XIREC;1278.0;1
289100;;SUBMISSION;VELVETFRUIT_EXTRACT;XIREC;5270.0;5
289200;;SUBMISSION;VELVETFRUIT_EXTRACT;XIREC;5265.0;18
289200;;SUBMISSION;VELVETFRUIT_EXTRACT;XIREC;5265.0;11
290200;;SUBMISSION;VEV_5300;XIREC;57.0;28
290400;;SUBMISSION;VEV_5300;XIREC;57.0;9
290400;;SUBMISSION;VEV_5300;XIREC;56.0;19
290800;;SUBMISSION;VEV_5300;XIREC;57.0;20
290900;;SUBMISSION;VEV_5300;XIREC;57.0;8
290900;;SUBMISSION;VEV_5300;XIREC;56.0;17
290900;;;HYDROGEL_PACK;XIREC;9965.0;3
291200;;SUBMISSION;VEV_5300;XIREC;57.0;20
291300;;SUBMISSION;VEV_5300;XIREC;57.0;19
291400;;SUBMISSION;VELVETFRUIT_EXTRACT;XIREC;5273.0;5
291400;;SUBMISSION;VEV_5300;XIREC;57.0;12
291800;;SUBMISSION;VELVETFRUIT_EXTRACT;XIREC;5269.0;5
292400;;SUBMISSION;VELVETFRUIT_EXTRACT;XIREC;5274.0;8
292800;;;HYDROGEL_PACK;XIREC;9951.0;6
294400;;SUBMISSION;VELVETFRUIT_EXTRACT;XIREC;5272.0;70
294500;;SUBMISSION;VELVETFRUIT_EXTRACT;XIREC;5275.0;25
294500;;SUBMISSION;VELVETFRUIT_EXTRACT;XIREC;5274.0;42
294500;;SUBMISSION;VEV_5400;XIREC;22.0;26
294600;;SUBMISSION;VELVETFRUIT_EXTRACT;XIREC;5275.0;18
294600;;SUBMISSION;VELVETFRUIT_EXTRACT;XIREC;5274.0;45
294600;;SUBMISSION;VEV_5400;XIREC;22.0;13
294700;;SUBMISSION;VELVETFRUIT_EXTRACT;XIREC;5275.0;59
294800;;SUBMISSION;VELVETFRUIT_EXTRACT;XIREC;5275.0;21
294800;;SUBMISSION;VELVETFRUIT_EXTRACT;XIREC;5274.0;14
295000;;;HYDROGEL_PACK;XIREC;9959.0;5
296900;;;VELVETFRUIT_EXTRACT;XIREC;5270.0;5
297100;;;HYDROGEL_PACK;XIREC;9958.0;3
297400;;;VELVETFRUIT_EXTRACT;XIREC;5275.0;4
297500;SUBMISSION;;VEV_4000;XIREC;1267.0;1
301100;;;HYDROGEL_PACK;XIREC;9966.0;3
301300;;;HYDROGEL_PACK;XIREC;9967.0;2
302400;;;HYDROGEL_PACK;XIREC;9936.0;6
304000;SUBMISSION;;VEV_5400;XIREC;19.0;3
304000;SUBMISSION;;VEV_5500;XIREC;8.0;3
304000;;;VEV_6000;XIREC;0.0;3
304000;;;VEV_6500;XIREC;0.0;3
304200;;;HYDROGEL_PACK;XIREC;9944.0;2
306500;;;HYDROGEL_PACK;XIREC;9967.0;5
307100;;SUBMISSION;VEV_4000;XIREC;1274.0;1
307500;;;VELVETFRUIT_EXTRACT;XIREC;5275.0;8
308000;;;HYDROGEL_PACK;XIREC;9943.0;3
308100;;;HYDROGEL_PACK;XIREC;9945.0;4
308100;;;VELVETFRUIT_EXTRACT;XIREC;5271.0;6
309500;;;VELVETFRUIT_EXTRACT;XIREC;5268.0;4
310100;SUBMISSION;;VEV_5400;XIREC;20.0;5
310100;SUBMISSION;;VEV_5500;XIREC;8.0;5
310100;;;VEV_6000;XIREC;0.0;5
310100;;;VEV_6500;XIREC;0.0;5
310500;;;VELVETFRUIT_EXTRACT;XIREC;5266.0;11
310600;;;VELVETFRUIT_EXTRACT;XIREC;5264.0;3
313000;;;VELVETFRUIT_EXTRACT;XIREC;5267.0;5
314300;SUBMISSION;;VELVETFRUIT_EXTRACT;XIREC;5257.0;49
314400;SUBMISSION;;VELVETFRUIT_EXTRACT;XIREC;5256.0;63
314500;SUBMISSION;;VELVETFRUIT_EXTRACT;XIREC;5256.0;54
314500;SUBMISSION;;VELVETFRUIT_EXTRACT;XIREC;5252.0;4
314600;SUBMISSION;;VELVETFRUIT_EXTRACT;XIREC;5255.0;22
314600;SUBMISSION;;VELVETFRUIT_EXTRACT;XIREC;5256.0;35
314700;SUBMISSION;;VELVETFRUIT_EXTRACT;XIREC;5254.0;67
314800;SUBMISSION;;VELVETFRUIT_EXTRACT;XIREC;5253.0;54
314900;SUBMISSION;;VELVETFRUIT_EXTRACT;XIREC;5254.0;18
314900;SUBMISSION;;VELVETFRUIT_EXTRACT;XIREC;5255.0;33
315000;SUBMISSION;;VELVETFRUIT_EXTRACT;XIREC;5253.0;1
316200;;;HYDROGEL_PACK;XIREC;9939.0;5
317100;;;HYDROGEL_PACK;XIREC;9929.0;4
318300;;;HYDROGEL_PACK;XIREC;9950.0;4
318900;;;VELVETFRUIT_EXTRACT;XIREC;5250.0;4
321900;;;VELVETFRUIT_EXTRACT;XIREC;5253.0;7
322000;SUBMISSION;;VEV_5400;XIREC;16.0;2
322000;SUBMISSION;;VEV_5500;XIREC;7.0;2
322000;;;VEV_6000;XIREC;0.0;2
322000;;;VEV_6500;XIREC;0.0;2
322600;SUBMISSION;;VEV_5200;XIREC;98.0;4
322600;SUBMISSION;;VEV_5500;XIREC;7.0;4
322600;;;VEV_6000;XIREC;0.0;4
322600;;;VEV_6500;XIREC;0.0;4
323300;;;HYDROGEL_PACK;XIREC;9956.0;5
323300;;;VEV_4000;XIREC;1262.0;3
324100;;;VELVETFRUIT_EXTRACT;XIREC;5254.0;7
324600;;;HYDROGEL_PACK;XIREC;9946.0;6
325300;SUBMISSION;;VEV_4000;XIREC;1242.0;2
326300;;SUBMISSION;VEV_4000;XIREC;1256.0;1
327600;;;HYDROGEL_PACK;XIREC;9928.0;5
327700;;;HYDROGEL_PACK;XIREC;9946.0;6
328000;SUBMISSION;;VEV_4000;XIREC;1248.0;1
328400;SUBMISSION;;VEV_4000;XIREC;1245.0;1
328500;;;VELVETFRUIT_EXTRACT;XIREC;5249.0;4
331400;SUBMISSION;;VEV_4000;XIREC;1237.0;1
333100;;;VELVETFRUIT_EXTRACT;XIREC;5236.0;4
334900;SUBMISSION;;VEV_4000;XIREC;1242.0;1
335300;;;HYDROGEL_PACK;XIREC;9943.0;5
335300;;;VELVETFRUIT_EXTRACT;XIREC;5245.0;3
335500;;;HYDROGEL_PACK;XIREC;9961.0;4
338100;;;HYDROGEL_PACK;XIREC;9931.0;3
339500;;;HYDROGEL_PACK;XIREC;9932.0;3
340100;;SUBMISSION;VEV_4000;XIREC;1255.0;2
340500;;;VELVETFRUIT_EXTRACT;XIREC;5249.0;9
342000;;;VELVETFRUIT_EXTRACT;XIREC;5249.0;6
342400;;;HYDROGEL_PACK;XIREC;9944.0;5
343100;;;HYDROGEL_PACK;XIREC;9966.0;2
343400;;;VELVETFRUIT_EXTRACT;XIREC;5251.0;13
344000;;;HYDROGEL_PACK;XIREC;9953.0;5
344200;;;VELVETFRUIT_EXTRACT;XIREC;5253.0;4
345700;;;HYDROGEL_PACK;XIREC;9957.0;6
345700;;;VELVETFRUIT_EXTRACT;XIREC;5245.0;7
345900;;;HYDROGEL_PACK;XIREC;9958.0;3
348500;;;HYDROGEL_PACK;XIREC;9964.0;5
350300;SUBMISSION;;VEV_5400;XIREC;15.0;4
350300;SUBMISSION;;VEV_5500;XIREC;6.0;4
350300;;;VEV_6000;XIREC;0.0;4
350300;;;VEV_6500;XIREC;0.0;4
350900;;SUBMISSION;VEV_4000;XIREC;1251.0;3
351000;;SUBMISSION;HYDROGEL_PACK;XIREC;9972.0;3
353700;SUBMISSION;;HYDROGEL_PACK;XIREC;9959.0;3
356800;SUBMISSION;;VEV_4000;XIREC;1239.0;2
357100;;;HYDROGEL_PACK;XIREC;9963.0;6
358100;;;VELVETFRUIT_EXTRACT;XIREC;5245.0;6
358300;SUBMISSION;;VEV_4000;XIREC;1242.0;3
358500;;;HYDROGEL_PACK;XIREC;9960.0;6
360600;;;HYDROGEL_PACK;XIREC;9951.0;2
362700;;;HYDROGEL_PACK;XIREC;9961.0;3
363100;;SUBMISSION;HYDROGEL_PACK;XIREC;9982.0;4
364000;;SUBMISSION;VELVETFRUIT_EXTRACT;XIREC;5252.0;22
364800;;SUBMISSION;HYDROGEL_PACK;XIREC;9977.0;5
364900;SUBMISSION;;VELVETFRUIT_EXTRACT;XIREC;5251.0;7
365000;SUBMISSION;;VEV_4000;XIREC;1247.0;2
365600;SUBMISSION;;VELVETFRUIT_EXTRACT;XIREC;5251.0;8
367900;SUBMISSION;;VELVETFRUIT_EXTRACT;XIREC;5248.0;5
367900;;;VELVETFRUIT_EXTRACT;XIREC;5248.0;5
368500;;SUBMISSION;HYDROGEL_PACK;XIREC;9982.0;6
371400;SUBMISSION;;HYDROGEL_PACK;XIREC;9954.0;2
373400;;SUBMISSION;HYDROGEL_PACK;XIREC;9969.0;3
373700;SUBMISSION;;HYDROGEL_PACK;XIREC;9955.0;5
374100;;;VELVETFRUIT_EXTRACT;XIREC;5253.0;6
374400;;;VELVETFRUIT_EXTRACT;XIREC;5253.0;4
374800;SUBMISSION;;VEV_4000;XIREC;1247.0;3
375100;SUBMISSION;;HYDROGEL_PACK;XIREC;9948.0;2
376200;SUBMISSION;;VELVETFRUIT_EXTRACT;XIREC;5249.0;2
376300;SUBMISSION;;VEV_4000;XIREC;1241.0;2
376600;SUBMISSION;;VEV_5300;XIREC;46.0;5
376600;SUBMISSION;;VEV_5400;XIREC;15.0;5
376600;SUBMISSION;;VEV_5500;XIREC;6.0;5
376600;;;VEV_6000;XIREC;0.0;5
376600;;;VEV_6500;XIREC;0.0;5
377900;SUBMISSION;;VEV_5300;XIREC;47.0;2
377900;SUBMISSION;;VEV_5500;XIREC;6.0;2
377900;;;VEV_6000;XIREC;0.0;2
377900;;;VEV_6500;XIREC;0.0;2
380100;SUBMISSION;;HYDROGEL_PACK;XIREC;9957.0;9
380100;;;HYDROGEL_PACK;XIREC;9957.0;6
380700;;;HYDROGEL_PACK;XIREC;9948.0;4
380900;;;VELVETFRUIT_EXTRACT;XIREC;5250.0;8
381700;;SUBMISSION;VELVETFRUIT_EXTRACT;XIREC;5254.0;8
383300;;;HYDROGEL_PACK;XIREC;9945.0;5
383600;;;HYDROGEL_PACK;XIREC;9948.0;4
383700;SUBMISSION;;VELVETFRUIT_EXTRACT;XIREC;5247.0;7
384200;SUBMISSION;;VEV_4000;XIREC;1244.0;1
384500;SUBMISSION;;VEV_4000;XIREC;1243.0;3
385800;;;HYDROGEL_PACK;XIREC;9943.0;6
385900;SUBMISSION;;VELVETFRUIT_EXTRACT;XIREC;5246.0;1
385900;;;VELVETFRUIT_EXTRACT;XIREC;5245.0;2
386000;;;VELVETFRUIT_EXTRACT;XIREC;5244.0;8
386800;;SUBMISSION;VEV_4000;XIREC;1252.0;2
390100;;;VELVETFRUIT_EXTRACT;XIREC;5244.0;10
390800;SUBMISSION;;VEV_4000;XIREC;1238.0;3
392300;;;VELVETFRUIT_EXTRACT;XIREC;5242.0;5
393000;;;VELVETFRUIT_EXTRACT;XIREC;5242.0;4
393900;;;VELVETFRUIT_EXTRACT;XIREC;5241.0;6
394700;;;VELVETFRUIT_EXTRACT;XIREC;5237.0;8
394800;;;HYDROGEL_PACK;XIREC;9941.0;5
396000;;;VELVETFRUIT_EXTRACT;XIREC;5246.0;8
396200;;;VELVETFRUIT_EXTRACT;XIREC;5240.0;7
396300;;;HYDROGEL_PACK;XIREC;9956.0;4
397800;;;HYDROGEL_PACK;XIREC;9950.0;4
398400;;;VELVETFRUIT_EXTRACT;XIREC;5235.0;6
399700;SUBMISSION;;VEV_5400;XIREC;14.0;5
399700;SUBMISSION;;VEV_5500;XIREC;6.0;5
399700;;;VEV_6000;XIREC;0.0;5
399700;;;VEV_6500;XIREC;0.0;5
399900;SUBMISSION;;VEV_4000;XIREC;1236.0;1
400100;;;VELVETFRUIT_EXTRACT;XIREC;5240.0;8
401900;;;VELVETFRUIT_EXTRACT;XIREC;5242.0;8
402400;;;VELVETFRUIT_EXTRACT;XIREC;5240.0;6
403500;;;VELVETFRUIT_EXTRACT;XIREC;5239.0;8
403600;;;HYDROGEL_PACK;XIREC;9922.0;6
404200;;;VELVETFRUIT_EXTRACT;XIREC;5247.0;4
406400;;;VELVETFRUIT_EXTRACT;XIREC;5246.0;5
409300;;;HYDROGEL_PACK;XIREC;9929.0;6
410400;SUBMISSION;;VEV_5400;XIREC;13.0;3
410400;SUBMISSION;;VEV_5500;XIREC;5.0;3
410400;;;VEV_6000;XIREC;0.0;3
410400;;;VEV_6500;XIREC;0.0;3
410600;;;VELVETFRUIT_EXTRACT;XIREC;5239.0;6
411000;;;HYDROGEL_PACK;XIREC;9951.0;4
411200;;;VELVETFRUIT_EXTRACT;XIREC;5236.0;7
411300;;;VELVETFRUIT_EXTRACT;XIREC;5236.0;7
411400;;;HYDROGEL_PACK;XIREC;9952.0;3
412300;;;HYDROGEL_PACK;XIREC;9953.0;2
414000;;SUBMISSION;HYDROGEL_PACK;XIREC;9961.0;2
414400;SUBMISSION;;HYDROGEL_PACK;XIREC;9946.0;2
414400;;;HYDROGEL_PACK;XIREC;9945.0;1
414800;;;HYDROGEL_PACK;XIREC;9940.0;3
415700;;;VELVETFRUIT_EXTRACT;XIREC;5234.0;3
419700;;SUBMISSION;VEV_4000;XIREC;1236.0;1
419800;SUBMISSION;;VEV_5100;XIREC;150.0;7
419800;SUBMISSION;;VEV_5100;XIREC;151.0;19
419900;SUBMISSION;;VEV_5100;XIREC;151.0;30
419900;;;VELVETFRUIT_EXTRACT;XIREC;5231.0;6
420000;SUBMISSION;;VEV_5100;XIREC;150.0;12
420000;SUBMISSION;;VEV_5100;XIREC;151.0;18
420100;SUBMISSION;;VEV_5000;XIREC;235.0;11
420100;SUBMISSION;;VEV_5000;XIREC;236.0;12
420100;SUBMISSION;;VEV_5100;XIREC;149.0;11
420100;SUBMISSION;;VEV_5100;XIREC;150.0;12
420200;SUBMISSION;;VEV_5100;XIREC;150.0;26
420300;SUBMISSION;;VEV_5100;XIREC;150.0;28
420400;SUBMISSION;;VEV_5100;XIREC;150.0;30
420500;SUBMISSION;;VEV_5100;XIREC;149.0;7
420500;SUBMISSION;;VEV_5100;XIREC;150.0;22
420600;SUBMISSION;;VEV_5000;XIREC;235.0;27
420600;SUBMISSION;;VEV_5100;XIREC;149.0;27
420600;SUBMISSION;;VEV_5200;XIREC;84.0;27
420700;SUBMISSION;;VEV_5000;XIREC;235.0;18
420700;SUBMISSION;;VEV_5100;XIREC;149.0;18
420700;SUBMISSION;;VEV_5200;XIREC;84.0;18
420800;SUBMISSION;;VEV_5000;XIREC;235.0;28
420800;SUBMISSION;;VEV_5100;XIREC;149.0;28
420800;SUBMISSION;;VEV_5200;XIREC;84.0;8
420800;SUBMISSION;;VEV_5200;XIREC;85.0;20
420900;SUBMISSION;;VEV_5000;XIREC;235.0;7
420900;SUBMISSION;;VEV_5000;XIREC;236.0;23
420900;SUBMISSION;;VEV_5100;XIREC;149.0;7
420900;SUBMISSION;;VEV_5100;XIREC;150.0;23
421000;SUBMISSION;;VEV_5100;XIREC;151.0;11
421000;SUBMISSION;;VEV_5100;XIREC;152.0;19
421100;SUBMISSION;;VEV_5100;XIREC;151.0;30
421200;SUBMISSION;;VEV_5100;XIREC;150.0;20
421300;SUBMISSION;;VEV_5100;XIREC;151.0;11
421300;SUBMISSION;;VEV_5100;XIREC;152.0;19
421400;SUBMISSION;;VEV_5100;XIREC;151.0;28
421500;SUBMISSION;;VEV_5100;XIREC;150.0;12
421500;SUBMISSION;;VEV_5100;XIREC;151.0;16
421500;;;HYDROGEL_PACK;XIREC;9946.0;3
421600;SUBMISSION;;VEV_5100;XIREC;151.0;25
421700;SUBMISSION;;VEV_5100;XIREC;151.0;24
421800;SUBMISSION;;VEV_5100;XIREC;151.0;29
421900;SUBMISSION;;VEV_5100;XIREC;151.0;9
421900;SUBMISSION;;VEV_5100;XIREC;152.0;12
424500;;;VELVETFRUIT_EXTRACT;XIREC;5235.0;7
425400;;SUBMISSION;VEV_4000;XIREC;1241.0;1
426800;;;VELVETFRUIT_EXTRACT;XIREC;5232.0;8
427000;;;HYDROGEL_PACK;XIREC;9950.0;2
427600;;;VELVETFRUIT_EXTRACT;XIREC;5237.0;8
428000;SUBMISSION;;VEV_5400;XIREC;13.0;2
428000;SUBMISSION;;VEV_5500;XIREC;5.0;2
428000;;;VEV_6000;XIREC;0.0;2
428000;;;VEV_6500;XIREC;0.0;2
430200;;;VELVETFRUIT_EXTRACT;XIREC;5230.0;3
431000;;;VELVETFRUIT_EXTRACT;XIREC;5233.0;5
431700;;;VELVETFRUIT_EXTRACT;XIREC;5233.0;4
432100;;;VELVETFRUIT_EXTRACT;XIREC;5234.0;3
435300;;;VELVETFRUIT_EXTRACT;XIREC;5225.0;8
436200;;;HYDROGEL_PACK;XIREC;9935.0;5
437100;;SUBMISSION;VEV_4000;XIREC;1233.0;1
437100;;SUBMISSION;VEV_4500;XIREC;733.0;1
437100;;SUBMISSION;VEV_5200;XIREC;87.0;1
437100;;SUBMISSION;VEV_5300;XIREC;41.0;1
437100;SUBMISSION;;VEV_5400;XIREC;13.0;4
437100;SUBMISSION;;VEV_5500;XIREC;5.0;4
437100;;;VEV_5000;XIREC;238.0;1
437100;;;VEV_5100;XIREC;152.0;1
437100;;;VEV_6000;XIREC;0.0;4
437100;;;VEV_6500;XIREC;0.0;4
438000;;;VELVETFRUIT_EXTRACT;XIREC;5230.0;7
440300;;;HYDROGEL_PACK;XIREC;9922.0;2
441300;;;HYDROGEL_PACK;XIREC;9902.0;2
443600;;;HYDROGEL_PACK;XIREC;9908.0;2
444000;SUBMISSION;;VEV_4000;XIREC;1235.0;3
444300;;;VELVETFRUIT_EXTRACT;XIREC;5238.0;7
445900;;SUBMISSION;VELVETFRUIT_EXTRACT;XIREC;5248.0;4
448100;;SUBMISSION;VELVETFRUIT_EXTRACT;XIREC;5253.0;3
448700;SUBMISSION;;VEV_4000;XIREC;1243.0;3
450000;;;HYDROGEL_PACK;XIREC;9932.0;5
453500;;;VELVETFRUIT_EXTRACT;XIREC;5245.0;8
453600;;SUBMISSION;VELVETFRUIT_EXTRACT;XIREC;5251.0;4
454800;;;VELVETFRUIT_EXTRACT;XIREC;5245.0;3
455200;;;VELVETFRUIT_EXTRACT;XIREC;5244.0;6
455400;;SUBMISSION;VEV_4000;XIREC;1252.0;1
455700;SUBMISSION;;VEV_5400;XIREC;15.0;4
455700;SUBMISSION;;VEV_5500;XIREC;6.0;4
455700;;;VEV_6000;XIREC;0.0;4
455700;;;VEV_6500;XIREC;0.0;4
456900;SUBMISSION;;VELVETFRUIT_EXTRACT;XIREC;5240.0;10
457700;;;HYDROGEL_PACK;XIREC;9914.0;4
458400;;SUBMISSION;VELVETFRUIT_EXTRACT;XIREC;5247.0;3
459900;;SUBMISSION;VELVETFRUIT_EXTRACT;XIREC;5251.0;8
459900;SUBMISSION;;VEV_4000;XIREC;1244.0;2
460400;SUBMISSION;;VEV_5300;XIREC;47.0;3
460400;SUBMISSION;;VEV_5400;XIREC;16.0;3
460400;SUBMISSION;;VEV_5500;XIREC;6.0;3
460400;;;VEV_6000;XIREC;0.0;3
460400;;;VEV_6500;XIREC;0.0;3
460700;;SUBMISSION;VELVETFRUIT_EXTRACT;XIREC;5253.0;6
462300;;SUBMISSION;VELVETFRUIT_EXTRACT;XIREC;5258.0;8
462500;;;HYDROGEL_PACK;XIREC;9932.0;2
464200;SUBMISSION;;VEV_4000;XIREC;1246.0;1
465300;;SUBMISSION;VELVETFRUIT_EXTRACT;XIREC;5254.0;8
468000;;;VELVETFRUIT_EXTRACT;XIREC;5247.0;3
469300;;;VELVETFRUIT_EXTRACT;XIREC;5252.0;6
469600;;;VELVETFRUIT_EXTRACT;XIREC;5252.0;7
470400;;SUBMISSION;VELVETFRUIT_EXTRACT;XIREC;5256.0;4
472600;;;VELVETFRUIT_EXTRACT;XIREC;5249.0;3
475400;;SUBMISSION;VELVETFRUIT_EXTRACT;XIREC;5253.0;7
475500;SUBMISSION;;VEV_4000;XIREC;1249.0;1
476200;;SUBMISSION;HYDROGEL_PACK;XIREC;9958.0;3
476500;SUBMISSION;;VEV_5400;XIREC;17.0;2
476500;SUBMISSION;;VEV_5500;XIREC;7.0;2
476500;;;VEV_6000;XIREC;0.0;2
476500;;;VEV_6500;XIREC;0.0;2
477600;SUBMISSION;;HYDROGEL_PACK;XIREC;9942.0;3
477600;;;HYDROGEL_PACK;XIREC;9941.0;2
477900;;SUBMISSION;VELVETFRUIT_EXTRACT;XIREC;5257.0;5
478900;;;VELVETFRUIT_EXTRACT;XIREC;5250.0;4
479100;;SUBMISSION;HYDROGEL_PACK;XIREC;9972.0;5
480100;;SUBMISSION;VELVETFRUIT_EXTRACT;XIREC;5249.0;10
480700;;SUBMISSION;VEV_4000;XIREC;1254.0;2
480900;SUBMISSION;;VEV_4000;XIREC;1244.0;2
481300;;SUBMISSION;VEV_4000;XIREC;1252.0;3
483100;;;VELVETFRUIT_EXTRACT;XIREC;5245.0;8
483200;SUBMISSION;;VELVETFRUIT_EXTRACT;XIREC;5244.0;20
483200;;SUBMISSION;VEV_4000;XIREC;1247.0;3
483300;SUBMISSION;;VELVETFRUIT_EXTRACT;XIREC;5243.0;40
483800;;;VELVETFRUIT_EXTRACT;XIREC;5238.0;7
485300;;;HYDROGEL_PACK;XIREC;9952.0;3
486400;;;VELVETFRUIT_EXTRACT;XIREC;5239.0;7
489600;;;HYDROGEL_PACK;XIREC;9948.0;4
489700;SUBMISSION;;VEV_5300;XIREC;43.0;4
489700;SUBMISSION;;VEV_5400;XIREC;14.0;4
489700;SUBMISSION;;VEV_5500;XIREC;5.0;4
489700;;;VELVETFRUIT_EXTRACT;XIREC;5237.0;6
489700;;;VEV_6000;XIREC;0.0;4
489700;;;VEV_6500;XIREC;0.0;4
490900;;SUBMISSION;VELVETFRUIT_EXTRACT;XIREC;5246.0;5
491100;SUBMISSION;;VEV_4000;XIREC;1238.0;3
492100;SUBMISSION;;VELVETFRUIT_EXTRACT;XIREC;5242.0;5
493900;;;VELVETFRUIT_EXTRACT;XIREC;5237.0;3
494500;;SUBMISSION;HYDROGEL_PACK;XIREC;9974.0;4
494700;SUBMISSION;;VEV_4000;XIREC;1233.0;2
495300;;;HYDROGEL_PACK;XIREC;9964.0;5
496200;;;VELVETFRUIT_EXTRACT;XIREC;5239.0;5
496300;SUBMISSION;;VEV_4000;XIREC;1235.0;2
498200;;;VELVETFRUIT_EXTRACT;XIREC;5241.0;5
498400;;;VELVETFRUIT_EXTRACT;XIREC;5238.0;7
499900;;;HYDROGEL_PACK;XIREC;9990.0;6
500800;;;HYDROGEL_PACK;XIREC;9987.0;4
501400;;;HYDROGEL_PACK;XIREC;9987.0;6
502000;;;HYDROGEL_PACK;XIREC;9985.0;3
502700;SUBMISSION;;VEV_5500;XIREC;6.0;2
502700;;;VEV_6000;XIREC;0.0;2
502700;;;VEV_6500;XIREC;0.0;2
503500;SUBMISSION;;VEV_4000;XIREC;1245.0;3
503500;;;HYDROGEL_PACK;XIREC;9994.0;6
505300;;SUBMISSION;VELVETFRUIT_EXTRACT;XIREC;5255.0;3
506200;;;VELVETFRUIT_EXTRACT;XIREC;5254.0;5
507200;;SUBMISSION;HYDROGEL_PACK;XIREC;10011.0;4
507800;;;HYDROGEL_PACK;XIREC;9992.0;6
509100;SUBMISSION;;VEV_4000;XIREC;1255.0;3
509700;;SUBMISSION;VELVETFRUIT_EXTRACT;XIREC;5259.0;22
509700;;SUBMISSION;VELVETFRUIT_EXTRACT;XIREC;5259.0;8
509700;;;VELVETFRUIT_EXTRACT;XIREC;5260.0;5
509900;;;HYDROGEL_PACK;XIREC;10005.0;5
510100;;;HYDROGEL_PACK;XIREC;10003.0;3
513200;;SUBMISSION;HYDROGEL_PACK;XIREC;10009.0;5
514100;;;VELVETFRUIT_EXTRACT;XIREC;5263.0;7
514500;;;VELVETFRUIT_EXTRACT;XIREC;5265.0;6
515200;;;HYDROGEL_PACK;XIREC;10000.0;4
516800;;;VELVETFRUIT_EXTRACT;XIREC;5261.0;5
517900;SUBMISSION;;VEV_4000;XIREC;1254.0;1
518800;;SUBMISSION;VEV_4000;XIREC;1266.0;1
519000;;;HYDROGEL_PACK;XIREC;10002.0;5
519100;SUBMISSION;;VEV_4000;XIREC;1251.0;2
519400;;SUBMISSION;HYDROGEL_PACK;XIREC;10016.0;2
519500;SUBMISSION;;VEV_5300;XIREC;50.0;4
519500;SUBMISSION;;VEV_5400;XIREC;17.0;4
519500;SUBMISSION;;VEV_5500;XIREC;6.0;4
519500;;;VEV_6000;XIREC;0.0;4
519500;;;VEV_6500;XIREC;0.0;4
520400;;SUBMISSION;HYDROGEL_PACK;XIREC;10018.0;2
520500;;;VELVETFRUIT_EXTRACT;XIREC;5256.0;4
521100;SUBMISSION;;VEV_4000;XIREC;1253.0;2
521800;;SUBMISSION;VELVETFRUIT_EXTRACT;XIREC;5264.0;3
523300;;SUBMISSION;VELVETFRUIT_EXTRACT;XIREC;5261.0;3
524000;SUBMISSION;;VEV_5400;XIREC;17.0;4
524000;SUBMISSION;;VEV_5500;XIREC;7.0;4
524000;;;VEV_6000;XIREC;0.0;4
524000;;;VEV_6500;XIREC;0.0;4
524500;;SUBMISSION;VELVETFRUIT_EXTRACT;XIREC;5258.0;7
525500;SUBMISSION;;VEV_4000;XIREC;1252.0;1
526200;;;VELVETFRUIT_EXTRACT;XIREC;5250.0;8
526600;;SUBMISSION;HYDROGEL_PACK;XIREC;10020.0;4
527700;;SUBMISSION;HYDROGEL_PACK;XIREC;10020.0;6
527700;;SUBMISSION;VELVETFRUIT_EXTRACT;XIREC;5254.0;6
528600;;SUBMISSION;VELVETFRUIT_EXTRACT;XIREC;5253.0;4
529400;;SUBMISSION;HYDROGEL_PACK;XIREC;10018.0;5
529400;;SUBMISSION;VELVETFRUIT_EXTRACT;XIREC;5255.0;4
529500;;SUBMISSION;HYDROGEL_PACK;XIREC;10026.0;9
529500;;SUBMISSION;HYDROGEL_PACK;XIREC;10019.0;12
529500;;SUBMISSION;HYDROGEL_PACK;XIREC;10016.0;24
530000;;;VELVETFRUIT_EXTRACT;XIREC;5249.0;6
530300;;;HYDROGEL_PACK;XIREC;10010.0;3
530600;;;HYDROGEL_PACK;XIREC;10010.0;5
532000;;SUBMISSION;HYDROGEL_PACK;XIREC;10026.0;4
532000;;SUBMISSION;HYDROGEL_PACK;XIREC;10018.0;12
532000;;SUBMISSION;HYDROGEL_PACK;XIREC;10016.0;30
533100;;SUBMISSION;HYDROGEL_PACK;XIREC;10028.0;2
533300;SUBMISSION;;VELVETFRUIT_EXTRACT;XIREC;5247.0;8
533400;;SUBMISSION;HYDROGEL_PACK;XIREC;10029.0;5
534100;SUBMISSION;;VELVETFRUIT_EXTRACT;XIREC;5245.0;3
534300;SUBMISSION;;VELVETFRUIT_EXTRACT;XIREC;5246.0;7
534800;;SUBMISSION;HYDROGEL_PACK;XIREC;10017.0;3
534800;SUBMISSION;;VELVETFRUIT_EXTRACT;XIREC;5246.0;16
534800;SUBMISSION;;VELVETFRUIT_EXTRACT;XIREC;5247.0;26
537500;;;HYDROGEL_PACK;XIREC;10014.0;2
537500;;;VELVETFRUIT_EXTRACT;XIREC;5241.0;4
537900;;;VELVETFRUIT_EXTRACT;XIREC;5239.0;6
538000;;SUBMISSION;HYDROGEL_PACK;XIREC;10023.0;2
538900;;SUBMISSION;HYDROGEL_PACK;XIREC;10021.0;6
540700;;;VELVETFRUIT_EXTRACT;XIREC;5238.0;7
542600;;SUBMISSION;HYDROGEL_PACK;XIREC;10011.0;6
544300;;;VELVETFRUIT_EXTRACT;XIREC;5236.0;4
544400;;;VELVETFRUIT_EXTRACT;XIREC;5240.0;6
544500;;SUBMISSION;VEV_4000;XIREC;1241.0;2
545000;;;VELVETFRUIT_EXTRACT;XIREC;5235.0;4
547600;SUBMISSION;;VEV_5400;XIREC;12.0;4
547600;;;VEV_6000;XIREC;0.0;4
547600;;;VEV_6500;XIREC;0.0;4
547800;;;VELVETFRUIT_EXTRACT;XIREC;5232.0;3
548400;SUBMISSION;;VEV_5400;XIREC;12.0;5
548400;;;VEV_6000;XIREC;0.0;5
548400;;;VEV_6500;XIREC;0.0;5
549800;;;VELVETFRUIT_EXTRACT;XIREC;5236.0;5
550300;;SUBMISSION;VEV_4000;XIREC;1237.0;1
550400;;;HYDROGEL_PACK;XIREC;9998.0;2
550900;SUBMISSION;;VEV_4000;XIREC;1226.0;2
551600;;;VELVETFRUIT_EXTRACT;XIREC;5234.0;8
552600;;SUBMISSION;VEV_4000;XIREC;1239.0;3
553100;SUBMISSION;;VEV_5300;XIREC;39.0;4
553100;SUBMISSION;;VEV_5400;XIREC;12.0;4
553100;SUBMISSION;;VEV_5400;XIREC;13.0;23
553100;SUBMISSION;;VEV_5500;XIREC;4.0;4
553100;;;VEV_6000;XIREC;0.0;4
553100;;;VEV_6500;XIREC;0.0;4
553300;;SUBMISSION;HYDROGEL_PACK;XIREC;10031.0;6
553600;SUBMISSION;;VEV_5400;XIREC;12.0;24
553800;SUBMISSION;;VEV_5200;XIREC;83.0;8
553800;SUBMISSION;;VEV_5200;XIREC;84.0;15
553800;SUBMISSION;;VEV_5400;XIREC;12.0;27
555900;SUBMISSION;;VEV_5200;XIREC;83.0;30
555900;SUBMISSION;;VEV_5400;XIREC;12.0;23
556000;SUBMISSION;;VEV_5200;XIREC;83.0;6
556000;SUBMISSION;;VEV_5200;XIREC;84.0;13
556000;SUBMISSION;;VEV_5400;XIREC;12.0;22
556100;SUBMISSION;;VEV_5200;XIREC;83.0;26
556100;SUBMISSION;;VEV_5400;XIREC;12.0;20
556200;SUBMISSION;;VEV_5200;XIREC;83.0;26
556200;SUBMISSION;;VEV_5400;XIREC;12.0;24
556300;SUBMISSION;;VEV_5200;XIREC;83.0;30
556300;SUBMISSION;;VEV_5400;XIREC;12.0;26
556400;SUBMISSION;;VEV_5000;XIREC;234.0;7
556400;SUBMISSION;;VEV_5000;XIREC;235.0;15
556400;SUBMISSION;;VEV_5200;XIREC;82.0;7
556400;SUBMISSION;;VEV_5200;XIREC;83.0;15
556400;SUBMISSION;;VEV_5400;XIREC;12.0;21
556400;;;VELVETFRUIT_EXTRACT;XIREC;5228.0;8
556500;SUBMISSION;;VEV_5200;XIREC;83.0;27
556500;SUBMISSION;;VEV_5400;XIREC;12.0;28
556600;SUBMISSION;;VEV_5200;XIREC;83.0;30
556600;SUBMISSION;;VEV_5400;XIREC;12.0;28
556700;SUBMISSION;;VEV_5400;XIREC;12.0;9
556700;SUBMISSION;;VEV_5400;XIREC;13.0;11
556900;SUBMISSION;;VEV_4000;XIREC;1224.0;3
557200;;;VELVETFRUIT_EXTRACT;XIREC;5225.0;4
557600;SUBMISSION;;VEV_5200;XIREC;83.0;28
557600;SUBMISSION;;VEV_5400;XIREC;12.0;25
557700;SUBMISSION;;VEV_5000;XIREC;234.0;30
557700;SUBMISSION;;VEV_5200;XIREC;82.0;30
557700;SUBMISSION;;VEV_5400;XIREC;12.0;24
557800;SUBMISSION;;VEV_5000;XIREC;234.0;12
557800;SUBMISSION;;VEV_5000;XIREC;235.0;18
557800;SUBMISSION;;VEV_5200;XIREC;82.0;12
557800;SUBMISSION;;VEV_5200;XIREC;83.0;18
557800;SUBMISSION;;VEV_5400;XIREC;12.0;28
557900;SUBMISSION;;VEV_5000;XIREC;233.0;29
557900;SUBMISSION;;VEV_5200;XIREC;81.0;10
557900;SUBMISSION;;VEV_5200;XIREC;82.0;19
557900;SUBMISSION;;VEV_5400;XIREC;12.0;29
558000;SUBMISSION;;VEV_4000;XIREC;1233.0;14
558000;SUBMISSION;;VEV_4000;XIREC;1236.0;16
558000;SUBMISSION;;VEV_4500;XIREC;731.0;7
558000;SUBMISSION;;VEV_4500;XIREC;733.0;16
558000;SUBMISSION;;VEV_5000;XIREC;232.0;7
558000;SUBMISSION;;VEV_5000;XIREC;233.0;16
558000;SUBMISSION;;VEV_5200;XIREC;81.0;23
558000;SUBMISSION;;VEV_5400;XIREC;12.0;24
558100;SUBMISSION;;VEV_5000;XIREC;234.0;6
558100;SUBMISSION;;VEV_5000;XIREC;235.0;17
558100;SUBMISSION;;VEV_5200;XIREC;82.0;6
558100;SUBMISSION;;VEV_5200;XIREC;83.0;17
558100;SUBMISSION;;VEV_5400;XIREC;12.0;28
558200;SUBMISSION;;VEV_5000;XIREC;234.0;28
558200;SUBMISSION;;VEV_5200;XIREC;82.0;28
558200;SUBMISSION;;VEV_5400;XIREC;12.0;28
558300;SUBMISSION;;VEV_4000;XIREC;1233.0;13
558300;SUBMISSION;;VEV_4000;XIREC;1236.0;17
558300;SUBMISSION;;VEV_4500;XIREC;731.0;6
558300;SUBMISSION;;VEV_4500;XIREC;733.0;13
558300;SUBMISSION;;VEV_5000;XIREC;232.0;6
558300;SUBMISSION;;VEV_5000;XIREC;233.0;13
558300;SUBMISSION;;VEV_5200;XIREC;81.0;19
558300;SUBMISSION;;VEV_5400;XIREC;12.0;22
558400;SUBMISSION;;VEV_5000;XIREC;233.0;24
558400;SUBMISSION;;VEV_5200;XIREC;81.0;10
558400;SUBMISSION;;VEV_5200;XIREC;82.0;14
558400;SUBMISSION;;VEV_5400;XIREC;12.0;20
558500;SUBMISSION;;VEV_5000;XIREC;234.0;6
558500;SUBMISSION;;VEV_5000;XIREC;235.0;18
558500;SUBMISSION;;VEV_5200;XIREC;82.0;6
558500;SUBMISSION;;VEV_5200;XIREC;83.0;18
558500;SUBMISSION;;VEV_5400;XIREC;12.0;9
558600;SUBMISSION;;VEV_5000;XIREC;234.0;24
558600;SUBMISSION;;VEV_5200;XIREC;82.0;23
563500;;;VELVETFRUIT_EXTRACT;XIREC;5226.0;8
563600;;;HYDROGEL_PACK;XIREC;9991.0;2
564000;;;VELVETFRUIT_EXTRACT;XIREC;5231.0;12
564300;SUBMISSION;;VEV_5200;XIREC;84.0;2
564300;SUBMISSION;;VEV_5300;XIREC;40.0;2
564300;SUBMISSION;;VEV_5400;XIREC;12.0;2
564300;SUBMISSION;;VEV_5500;XIREC;4.0;2
564300;;;VEV_6000;XIREC;0.0;2
564300;;;VEV_6500;XIREC;0.0;2
564900;;;VELVETFRUIT_EXTRACT;XIREC;5236.0;6
565500;;;VELVETFRUIT_EXTRACT;XIREC;5239.0;7
566100;;;HYDROGEL_PACK;XIREC;10011.0;4
567200;SUBMISSION;;VEV_5400;XIREC;13.0;2
567200;SUBMISSION;;VEV_5500;XIREC;5.0;2
567200;;;VEV_6000;XIREC;0.0;2
567200;;;VEV_6500;XIREC;0.0;2
567700;;SUBMISSION;VEV_4000;XIREC;1241.0;1
568200;;;VELVETFRUIT_EXTRACT;XIREC;5237.0;7
568700;;;HYDROGEL_PACK;XIREC;10000.0;5
568800;;SUBMISSION;VEV_4000;XIREC;1245.0;2
568900;SUBMISSION;;VEV_5300;XIREC;43.0;4
568900;SUBMISSION;;VEV_5400;XIREC;13.0;1
568900;SUBMISSION;;VEV_5500;XIREC;5.0;4
568900;;;VEV_5400;XIREC;13.0;3
568900;;;VEV_6000;XIREC;0.0;4
568900;;;VEV_6500;XIREC;0.0;4
569900;SUBMISSION;;VEV_4000;XIREC;1232.0;1
570200;;;VELVETFRUIT_EXTRACT;XIREC;5236.0;7
571600;;;VELVETFRUIT_EXTRACT;XIREC;5235.0;7
574000;;;VELVETFRUIT_EXTRACT;XIREC;5238.0;3
574800;SUBMISSION;;VEV_5500;XIREC;4.0;2
574800;;;VEV_5400;XIREC;12.0;2
574800;;;VEV_6000;XIREC;0.0;2
574800;;;VEV_6500;XIREC;0.0;2
575800;SUBMISSION;;VEV_5500;XIREC;5.0;5
575800;;;VELVETFRUIT_EXTRACT;XIREC;5235.0;8
575800;;;VEV_6000;XIREC;0.0;5
575800;;;VEV_6500;XIREC;0.0;5
576400;;;VELVETFRUIT_EXTRACT;XIREC;5233.0;3
576700;;SUBMISSION;VEV_4000;XIREC;1240.0;2
578400;;;VELVETFRUIT_EXTRACT;XIREC;5237.0;5
578600;;SUBMISSION;HYDROGEL_PACK;XIREC;10013.0;3
578800;;;HYDROGEL_PACK;XIREC;9998.0;6
580600;;;HYDROGEL_PACK;XIREC;10001.0;4
581100;;;VELVETFRUIT_EXTRACT;XIREC;5240.0;7
581700;;;VELVETFRUIT_EXTRACT;XIREC;5237.0;3
582900;;;VELVETFRUIT_EXTRACT;XIREC;5236.0;9
584800;;;VELVETFRUIT_EXTRACT;XIREC;5234.0;7
584900;;;VELVETFRUIT_EXTRACT;XIREC;5234.0;7
587200;;;VELVETFRUIT_EXTRACT;XIREC;5242.0;3
588200;SUBMISSION;;VEV_5300;XIREC;45.0;4
588200;SUBMISSION;;VEV_5500;XIREC;5.0;4
588200;;;VEV_5400;XIREC;14.0;4
588200;;;VEV_6000;XIREC;0.0;4
588200;;;VEV_6500;XIREC;0.0;4
588600;;;VELVETFRUIT_EXTRACT;XIREC;5245.0;5
589100;SUBMISSION;;VEV_4000;XIREC;1239.0;3
590100;;;HYDROGEL_PACK;XIREC;9989.0;2
594900;;;VELVETFRUIT_EXTRACT;XIREC;5239.0;4
595300;;;VELVETFRUIT_EXTRACT;XIREC;5238.0;8
596300;;SUBMISSION;HYDROGEL_PACK;XIREC;10026.0;2
597200;;;VELVETFRUIT_EXTRACT;XIREC;5237.0;7
597400;;;VELVETFRUIT_EXTRACT;XIREC;5237.0;4
598100;;SUBMISSION;HYDROGEL_PACK;XIREC;10023.0;11
598100;;SUBMISSION;HYDROGEL_PACK;XIREC;10020.0;24
598200;;SUBMISSION;HYDROGEL_PACK;XIREC;10024.0;12
598200;;SUBMISSION;HYDROGEL_PACK;XIREC;10021.0;26
598400;;SUBMISSION;HYDROGEL_PACK;XIREC;10024.0;13
598400;;SUBMISSION;HYDROGEL_PACK;XIREC;10022.0;22
598500;;SUBMISSION;HYDROGEL_PACK;XIREC;10026.0;14
598500;;SUBMISSION;HYDROGEL_PACK;XIREC;10024.0;22
598600;;SUBMISSION;HYDROGEL_PACK;XIREC;10027.0;11
598600;;SUBMISSION;HYDROGEL_PACK;XIREC;10025.0;24
599600;SUBMISSION;;VEV_4000;XIREC;1231.0;1
600000;;;VELVETFRUIT_EXTRACT;XIREC;5237.0;7
600100;SUBMISSION;;VEV_4000;XIREC;1228.0;2
600400;;SUBMISSION;HYDROGEL_PACK;XIREC;10034.0;4
601200;SUBMISSION;;VEV_4000;XIREC;1228.0;1
601700;;;HYDROGEL_PACK;XIREC;10013.0;2
603000;;;VELVETFRUIT_EXTRACT;XIREC;5234.0;6
604600;SUBMISSION;;VEV_5300;XIREC;39.0;5
604600;SUBMISSION;;VEV_5500;XIREC;4.0;5
604600;;;VEV_5400;XIREC;11.0;5
604600;;;VEV_6000;XIREC;0.0;5
604600;;;VEV_6500;XIREC;0.0;5
604700;;;HYDROGEL_PACK;XIREC;10017.0;5
605700;;;VELVETFRUIT_EXTRACT;XIREC;5226.0;7
606400;;;HYDROGEL_PACK;XIREC;10020.0;5
606600;SUBMISSION;;VEV_5000;XIREC;233.0;11
606600;SUBMISSION;;VEV_5000;XIREC;234.0;19
606800;SUBMISSION;;VEV_5000;XIREC;233.0;12
606800;SUBMISSION;;VEV_5000;XIREC;234.0;12
606900;SUBMISSION;;VEV_5000;XIREC;233.0;6
606900;SUBMISSION;;VEV_5000;XIREC;234.0;13
607000;SUBMISSION;;VEV_5000;XIREC;232.0;26
607100;SUBMISSION;;VEV_5000;XIREC;232.0;30
607200;SUBMISSION;;VEV_5000;XIREC;232.0;26
607300;SUBMISSION;;VEV_5000;XIREC;233.0;21
607700;SUBMISSION;;VEV_5000;XIREC;233.0;9
607700;SUBMISSION;;VEV_5000;XIREC;234.0;3
607900;SUBMISSION;;VEV_4000;XIREC;1232.0;13
607900;SUBMISSION;;VEV_4000;XIREC;1234.0;17
607900;SUBMISSION;;VEV_4500;XIREC;729.0;11
607900;SUBMISSION;;VEV_4500;XIREC;731.0;15
608000;SUBMISSION;;VEV_4000;XIREC;1231.0;15
608000;SUBMISSION;;VEV_4000;XIREC;1234.0;15
608000;SUBMISSION;;VEV_4500;XIREC;729.0;12
608000;SUBMISSION;;VEV_4500;XIREC;730.0;18
608100;SUBMISSION;;VEV_4000;XIREC;1230.0;7
608100;SUBMISSION;;VEV_4000;XIREC;1232.0;20
608100;;SUBMISSION;VEV_4000;XIREC;1225.0;2
608100;SUBMISSION;;VEV_4500;XIREC;727.0;9
608100;SUBMISSION;;VEV_4500;XIREC;729.0;13
608100;SUBMISSION;;VEV_5300;XIREC;37.0;6
608100;SUBMISSION;;VEV_5300;XIREC;38.0;10
608200;SUBMISSION;;VEV_4000;XIREC;1230.0;15
608200;SUBMISSION;;VEV_4000;XIREC;1233.0;15
608200;SUBMISSION;;VEV_4500;XIREC;728.0;12
608200;SUBMISSION;;VEV_4500;XIREC;730.0;18
608300;SUBMISSION;;VEV_4000;XIREC;1230.0;8
608300;SUBMISSION;;VEV_4000;XIREC;1233.0;22
608300;SUBMISSION;;VEV_4500;XIREC;728.0;7
608300;SUBMISSION;;VEV_4500;XIREC;730.0;20
608400;SUBMISSION;;VEV_4000;XIREC;1230.0;8
608400;SUBMISSION;;VEV_4000;XIREC;1232.0;18
608400;SUBMISSION;;VEV_4500;XIREC;727.0;8
608400;SUBMISSION;;VEV_4500;XIREC;729.0;19
608400;SUBMISSION;;VEV_5300;XIREC;37.0;29
608500;SUBMISSION;;VEV_4000;XIREC;1229.0;12
608500;SUBMISSION;;VEV_4000;XIREC;1232.0;17
608500;SUBMISSION;;VEV_4500;XIREC;727.0;7
608500;SUBMISSION;;VEV_4500;XIREC;728.0;16
608500;SUBMISSION;;VEV_5300;XIREC;37.0;22
608500;;;VELVETFRUIT_EXTRACT;XIREC;5218.0;10
608600;SUBMISSION;;VEV_4000;XIREC;1228.0;15
608600;SUBMISSION;;VEV_4000;XIREC;1230.0;15
608600;SUBMISSION;;VEV_4500;XIREC;725.0;9
608600;SUBMISSION;;VEV_4500;XIREC;727.0;21
608600;SUBMISSION;;VEV_5300;XIREC;37.0;21
608700;SUBMISSION;;VEV_4000;XIREC;1229.0;15
608700;SUBMISSION;;VEV_4000;XIREC;1232.0;15
608700;SUBMISSION;;VEV_4500;XIREC;727.0;6
608700;SUBMISSION;;VEV_4500;XIREC;729.0;12
608700;SUBMISSION;;VEV_5300;XIREC;37.0;24
608800;SUBMISSION;;VEV_4000;XIREC;1230.0;13
608800;SUBMISSION;;VEV_4000;XIREC;1233.0;17
608800;SUBMISSION;;VEV_4500;XIREC;728.0;9
608800;SUBMISSION;;VEV_4500;XIREC;729.0;21
608900;SUBMISSION;;VEV_4000;XIREC;1231.0;13
608900;SUBMISSION;;VEV_4000;XIREC;1233.0;17
608900;SUBMISSION;;VEV_4500;XIREC;728.0;8
608900;SUBMISSION;;VEV_4500;XIREC;730.0;12
609000;SUBMISSION;;VEV_4000;XIREC;1232.0;12
609000;SUBMISSION;;VEV_4000;XIREC;1235.0;18
609000;SUBMISSION;;VEV_4500;XIREC;730.0;6
609000;SUBMISSION;;VEV_4500;XIREC;731.0;24
609100;SUBMISSION;;VEV_4000;XIREC;1232.0;10
609100;SUBMISSION;;VEV_4000;XIREC;1234.0;19
609100;SUBMISSION;;VEV_4500;XIREC;729.0;6
609100;SUBMISSION;;VEV_4500;XIREC;731.0;18
609900;;;VELVETFRUIT_EXTRACT;XIREC;5222.0;6
610700;SUBMISSION;;VEV_4000;XIREC;1232.0;10
610700;SUBMISSION;;VEV_4000;XIREC;1235.0;20
610700;SUBMISSION;;VEV_4500;XIREC;730.0;6
610700;SUBMISSION;;VEV_4500;XIREC;732.0;16
610800;SUBMISSION;;VEV_4000;XIREC;1232.0;8
610800;SUBMISSION;;VEV_4000;XIREC;1235.0;22
610800;SUBMISSION;;VEV_4500;XIREC;730.0;8
610800;SUBMISSION;;VEV_4500;XIREC;732.0;14
611700;SUBMISSION;;VEV_4000;XIREC;1232.0;13
611700;SUBMISSION;;VEV_4000;XIREC;1235.0;16
611700;SUBMISSION;;VEV_4500;XIREC;730.0;7
611700;SUBMISSION;;VEV_4500;XIREC;731.0;15
611800;SUBMISSION;;VEV_4000;XIREC;1232.0;8
611800;SUBMISSION;;VEV_4000;XIREC;1235.0;21
611800;SUBMISSION;;VEV_4500;XIREC;730.0;11
611800;SUBMISSION;;VEV_4500;XIREC;731.0;19
611900;SUBMISSION;;VEV_4500;XIREC;730.0;8
611900;SUBMISSION;;VEV_4500;XIREC;731.0;22
612200;SUBMISSION;;VEV_4500;XIREC;729.0;6
612200;SUBMISSION;;VEV_4500;XIREC;731.0;16
612400;SUBMISSION;;VEV_4500;XIREC;730.0;7
612400;SUBMISSION;;VEV_4500;XIREC;731.0;18
612500;SUBMISSION;;VEV_4500;XIREC;729.0;6
612500;SUBMISSION;;VEV_4500;XIREC;731.0;15
612500;;;VELVETFRUIT_EXTRACT;XIREC;5219.0;5
612900;;;VELVETFRUIT_EXTRACT;XIREC;5225.0;10
612900;;;VELVETFRUIT_EXTRACT;XIREC;5223.0;8
614100;;;HYDROGEL_PACK;XIREC;9998.0;4
616300;;;VELVETFRUIT_EXTRACT;XIREC;5228.0;5
617400;;;VELVETFRUIT_EXTRACT;XIREC;5231.0;7
617900;SUBMISSION;;VEV_5300;XIREC;40.0;2
617900;SUBMISSION;;VEV_5500;XIREC;4.0;2
617900;;;VEV_5400;XIREC;12.0;2
617900;;;VEV_6000;XIREC;0.0;2
617900;;;VEV_6500;XIREC;0.0;2
618300;SUBMISSION;;VEV_5300;XIREC;40.0;2
618300;SUBMISSION;;VEV_5500;XIREC;4.0;2
618300;;;VEV_5400;XIREC;12.0;2
618300;;;VEV_6000;XIREC;0.0;2
618300;;;VEV_6500;XIREC;0.0;2
618900;;;VELVETFRUIT_EXTRACT;XIREC;5231.0;3
619800;;;VELVETFRUIT_EXTRACT;XIREC;5236.0;7
620500;;;VELVETFRUIT_EXTRACT;XIREC;5235.0;3
621700;;SUBMISSION;VEV_4000;XIREC;1240.0;3
621800;;;HYDROGEL_PACK;XIREC;9993.0;2
621900;;;VELVETFRUIT_EXTRACT;XIREC;5236.0;6
622400;;;VELVETFRUIT_EXTRACT;XIREC;5235.0;13
622800;SUBMISSION;;VEV_4000;XIREC;1232.0;1
624400;SUBMISSION;;VEV_5200;XIREC;88.0;2
624400;SUBMISSION;;VEV_5300;XIREC;42.0;2
624400;SUBMISSION;;VEV_5500;XIREC;5.0;2
624400;;;VEV_5400;XIREC;13.0;2
624400;;;VEV_6000;XIREC;0.0;2
624400;;;VEV_6500;XIREC;0.0;2
624700;;SUBMISSION;VELVETFRUIT_EXTRACT;XIREC;5241.0;5
625100;;;HYDROGEL_PACK;XIREC;10004.0;2
626000;SUBMISSION;;VELVETFRUIT_EXTRACT;XIREC;5234.0;5
626000;;;VELVETFRUIT_EXTRACT;XIREC;5232.0;4
628100;;;VELVETFRUIT_EXTRACT;XIREC;5231.0;6
628300;;;VELVETFRUIT_EXTRACT;XIREC;5225.0;7
629000;SUBMISSION;;VEV_4000;XIREC;1232.0;2
629000;SUBMISSION;;VEV_4500;XIREC;729.0;10
629000;SUBMISSION;;VEV_4500;XIREC;731.0;8
629100;SUBMISSION;;VEV_5300;XIREC;37.0;25
629200;SUBMISSION;;VEV_5300;XIREC;37.0;26
629300;SUBMISSION;;VEV_5300;XIREC;37.0;25
629400;SUBMISSION;;VEV_5300;XIREC;36.0;10
629400;SUBMISSION;;VEV_5300;XIREC;37.0;20
629400;SUBMISSION;;VEV_5500;XIREC;4.0;10
629400;SUBMISSION;;VEV_5500;XIREC;5.0;20
629500;SUBMISSION;;VEV_5300;XIREC;37.0;23
629600;SUBMISSION;;VEV_5300;XIREC;37.0;21
629700;SUBMISSION;;VEV_5300;XIREC;36.0;10
629700;SUBMISSION;;VEV_5300;XIREC;37.0;15
629700;SUBMISSION;;VEV_5500;XIREC;4.0;10
629700;SUBMISSION;;VEV_5500;XIREC;5.0;15
629800;SUBMISSION;;VEV_5300;XIREC;37.0;29
629900;SUBMISSION;;VEV_5300;XIREC;37.0;26
630000;SUBMISSION;;VEV_5300;XIREC;37.0;19
630100;SUBMISSION;;VEV_5300;XIREC;37.0;7
630100;SUBMISSION;;VEV_5300;XIREC;38.0;18
630200;SUBMISSION;;VEV_5300;XIREC;37.0;21
630400;;SUBMISSION;HYDROGEL_PACK;XIREC;10018.0;5
630700;SUBMISSION;;VEV_5300;XIREC;37.0;25
631400;SUBMISSION;;VEV_5300;XIREC;37.0;5
631400;SUBMISSION;;VEV_5300;XIREC;38.0;17
631500;;SUBMISSION;VEV_4000;XIREC;1225.0;3
631500;SUBMISSION;;VEV_5300;XIREC;37.0;25
631600;SUBMISSION;;VEV_4000;XIREC;1231.0;3
631600;SUBMISSION;;VEV_5300;XIREC;37.0;18
631700;SUBMISSION;;VEV_5300;XIREC;36.0;3
631700;SUBMISSION;;VEV_5300;XIREC;37.0;25
631700;SUBMISSION;;VEV_5500;XIREC;4.0;3
631700;SUBMISSION;;VEV_5500;XIREC;5.0;25
631700;;;VEV_5400;XIREC;10.0;3
631700;;;VEV_6000;XIREC;0.0;3
631700;;;VEV_6500;XIREC;0.0;3
631800;SUBMISSION;;VEV_5300;XIREC;37.0;23
632200;SUBMISSION;;VEV_5500;XIREC;4.0;24
632800;;;VELVETFRUIT_EXTRACT;XIREC;5216.0;7
634500;;;VELVETFRUIT_EXTRACT;XIREC;5218.0;5
634800;;;VELVETFRUIT_EXTRACT;XIREC;5214.0;6
634800;;;VELVETFRUIT_EXTRACT;XIREC;5216.0;8
634900;;;HYDROGEL_PACK;XIREC;10010.0;2
635700;;SUBMISSION;HYDROGEL_PACK;XIREC;10033.0;3
636100;SUBMISSION;;VEV_5200;XIREC;79.0;1
636100;SUBMISSION;;VEV_5300;XIREC;37.0;4
636100;SUBMISSION;;VEV_5500;XIREC;4.0;4
636100;;;VEV_5200;XIREC;79.0;3
636100;;;VEV_6000;XIREC;0.0;4
636100;;;VEV_6500;XIREC;0.0;4
637500;;;HYDROGEL_PACK;XIREC;10018.0;4
639000;;SUBMISSION;HYDROGEL_PACK;XIREC;10027.0;10
639000;;SUBMISSION;HYDROGEL_PACK;XIREC;10024.0;8
640300;;;HYDROGEL_PACK;XIREC;10029.0;3
640500;;;VELVETFRUIT_EXTRACT;XIREC;5212.0;3
640700;;SUBMISSION;HYDROGEL_PACK;XIREC;10041.0;4
642100;SUBMISSION;;VEV_5300;XIREC;34.0;1
642100;SUBMISSION;;VEV_5500;XIREC;3.0;1
642100;;;VEV_5200;XIREC;74.0;4
642100;;;VEV_5300;XIREC;34.0;3
642100;;;VEV_5400;XIREC;9.0;4
642100;;;VEV_5500;XIREC;3.0;3
642100;;;VEV_6000;XIREC;0.0;4
642100;;;VEV_6500;XIREC;0.0;4
644900;;;VELVETFRUIT_EXTRACT;XIREC;5210.0;6
645000;;SUBMISSION;VEV_4000;XIREC;1214.0;3
645100;SUBMISSION;;VEV_4000;XIREC;1218.0;3
646100;;;VELVETFRUIT_EXTRACT;XIREC;5211.0;3
647000;;SUBMISSION;HYDROGEL_PACK;XIREC;10002.0;3
647200;SUBMISSION;;VEV_4000;XIREC;1201.0;3
647400;;;HYDROGEL_PACK;XIREC;9993.0;2
647600;;;HYDROGEL_PACK;XIREC;9991.0;4
647900;;;HYDROGEL_PACK;XIREC;9989.0;6
648200;;;VELVETFRUIT_EXTRACT;XIREC;5208.0;6
648400;;SUBMISSION;HYDROGEL_PACK;XIREC;10000.0;2
650300;;;VELVETFRUIT_EXTRACT;XIREC;5198.0;6
652100;;;VELVETFRUIT_EXTRACT;XIREC;5198.0;6
652800;;;HYDROGEL_PACK;XIREC;9979.0;2
653200;SUBMISSION;;HYDROGEL_PACK;XIREC;9976.0;6
653300;SUBMISSION;;HYDROGEL_PACK;XIREC;9975.0;5
654200;;;VEV_5400;XIREC;8.0;2
654200;;;VEV_5500;XIREC;3.0;2
654200;;;VEV_6000;XIREC;0.0;2
654200;;;VEV_6500;XIREC;0.0;2
654300;;;VELVETFRUIT_EXTRACT;XIREC;5205.0;8
655100;;;VELVETFRUIT_EXTRACT;XIREC;5210.0;8
657800;;;VELVETFRUIT_EXTRACT;XIREC;5213.0;5
659200;;;VELVETFRUIT_EXTRACT;XIREC;5215.0;7
661300;;SUBMISSION;HYDROGEL_PACK;XIREC;10010.0;6
666100;;SUBMISSION;HYDROGEL_PACK;XIREC;10027.0;3
666500;;;VELVETFRUIT_EXTRACT;XIREC;5220.0;7
667400;;;VELVETFRUIT_EXTRACT;XIREC;5227.0;6
669200;;SUBMISSION;HYDROGEL_PACK;XIREC;10026.0;4
669900;;;VELVETFRUIT_EXTRACT;XIREC;5216.0;7
671200;SUBMISSION;;VEV_4000;XIREC;1214.0;2
671200;;;VEV_4000;XIREC;1209.0;1
673800;;;HYDROGEL_PACK;XIREC;10000.0;4
674000;;;VEV_5300;XIREC;37.0;3
674000;;;VEV_5400;XIREC;10.0;3
674000;;;VEV_5500;XIREC;4.0;3
674000;;;VEV_6000;XIREC;0.0;3
674000;;;VEV_6500;XIREC;0.0;3
675700;;;VEV_4000;XIREC;1218.0;1
679600;;SUBMISSION;VELVETFRUIT_EXTRACT;XIREC;5227.0;6
680300;SUBMISSION;;VELVETFRUIT_EXTRACT;XIREC;5224.0;6
680600;;;VEV_4000;XIREC;1212.0;3
680800;;;HYDROGEL_PACK;XIREC;9994.0;2
681500;;SUBMISSION;HYDROGEL_PACK;XIREC;10004.0;5
682600;;;VEV_4000;XIREC;1214.0;1
684000;;;VEV_5400;XIREC;11.0;5
684000;;;VEV_5500;XIREC;4.0;5
684000;;;VEV_6000;XIREC;0.0;5
684000;;;VEV_6500;XIREC;0.0;5
684500;;;HYDROGEL_PACK;XIREC;9989.0;2
685200;;SUBMISSION;VELVETFRUIT_EXTRACT;XIREC;5230.0;6
688400;;SUBMISSION;VELVETFRUIT_EXTRACT;XIREC;5235.0;6
688600;;SUBMISSION;VELVETFRUIT_EXTRACT;XIREC;5236.0;5
688900;;;VEV_4000;XIREC;1226.0;2
690500;;SUBMISSION;HYDROGEL_PACK;XIREC;10012.0;5
693000;;;VELVETFRUIT_EXTRACT;XIREC;5230.0;8
693600;;SUBMISSION;VELVETFRUIT_EXTRACT;XIREC;5234.0;5
694600;;;VELVETFRUIT_EXTRACT;XIREC;5237.0;3
694900;;;HYDROGEL_PACK;XIREC;10011.0;3
695200;;;HYDROGEL_PACK;XIREC;10010.0;6
695900;;SUBMISSION;HYDROGEL_PACK;XIREC;10033.0;6
696000;;;VEV_4000;XIREC;1227.0;3
696500;;SUBMISSION;VELVETFRUIT_EXTRACT;XIREC;5236.0;24
697900;;SUBMISSION;HYDROGEL_PACK;XIREC;10028.0;1
698300;;;HYDROGEL_PACK;XIREC;10048.0;5
699100;;;HYDROGEL_PACK;XIREC;10035.0;5
700400;;;HYDROGEL_PACK;XIREC;10052.0;5
701200;;;HYDROGEL_PACK;XIREC;10052.0;5
701200;;;VEV_5400;XIREC;13.0;2
701200;;;VEV_5500;XIREC;5.0;2
701200;;;VEV_6000;XIREC;0.0;2
701200;;;VEV_6500;XIREC;0.0;2
701500;;;HYDROGEL_PACK;XIREC;10054.0;3
702500;;SUBMISSION;VELVETFRUIT_EXTRACT;XIREC;5247.0;4
702700;;SUBMISSION;VELVETFRUIT_EXTRACT;XIREC;5248.0;8
703000;;;HYDROGEL_PACK;XIREC;10027.0;3
703100;;SUBMISSION;VELVETFRUIT_EXTRACT;XIREC;5248.0;7
703200;;;VEV_5400;XIREC;14.0;5
703200;;;VEV_5500;XIREC;6.0;5
703200;;;VEV_6000;XIREC;0.0;5
703200;;;VEV_6500;XIREC;0.0;5
704700;;SUBMISSION;VELVETFRUIT_EXTRACT;XIREC;5256.0;8
707100;;;HYDROGEL_PACK;XIREC;10056.0;3
710500;;;VEV_5300;XIREC;49.0;5
710500;;;VEV_5400;XIREC;15.0;5
710500;;;VEV_5500;XIREC;6.0;5
710500;;;VEV_6000;XIREC;0.0;5
710500;;;VEV_6500;XIREC;0.0;5
713200;;SUBMISSION;VEV_5000;XIREC;269.0;9
713200;;SUBMISSION;VEV_5000;XIREC;268.0;21
713200;;SUBMISSION;VEV_5100;XIREC;179.0;9
713200;;SUBMISSION;VEV_5100;XIREC;178.0;21
713300;;SUBMISSION;VEV_4000;XIREC;1259.0;12
713300;;SUBMISSION;VEV_4000;XIREC;1257.0;18
713300;;SUBMISSION;VEV_4500;XIREC;762.0;8
713300;;SUBMISSION;VEV_4500;XIREC;760.0;18
713300;;SUBMISSION;VEV_5000;XIREC;270.0;8
713300;;SUBMISSION;VEV_5000;XIREC;269.0;18
713300;;SUBMISSION;VEV_5100;XIREC;180.0;8
713300;;SUBMISSION;VEV_5100;XIREC;179.0;18
713300;;SUBMISSION;VEV_5200;XIREC;106.0;26
713400;;SUBMISSION;VELVETFRUIT_EXTRACT;XIREC;5268.0;17
713400;;SUBMISSION;VELVETFRUIT_EXTRACT;XIREC;5268.0;13
713400;;SUBMISSION;VEV_4000;XIREC;1260.0;13
713400;;SUBMISSION;VEV_4000;XIREC;1257.0;17
713400;;SUBMISSION;VEV_4500;XIREC;762.0;10
713400;;SUBMISSION;VEV_4500;XIREC;760.0;18
713400;;SUBMISSION;VEV_5000;XIREC;270.0;28
713400;;SUBMISSION;VEV_5100;XIREC;180.0;28
713400;;SUBMISSION;VEV_5200;XIREC;106.0;28
713500;;SUBMISSION;VEV_4000;XIREC;1260.0;10
713500;;SUBMISSION;VEV_4000;XIREC;1258.0;16
713500;;SUBMISSION;VEV_4500;XIREC;763.0;12
713500;;SUBMISSION;VEV_4500;XIREC;761.0;15
713500;;SUBMISSION;VEV_5000;XIREC;271.0;12
713500;;SUBMISSION;VEV_5000;XIREC;270.0;15
713500;;SUBMISSION;VEV_5100;XIREC;181.0;12
713500;;SUBMISSION;VEV_5100;XIREC;180.0;15
713500;;SUBMISSION;VEV_5200;XIREC;107.0;12
713500;;SUBMISSION;VEV_5200;XIREC;106.0;15
713500;;SUBMISSION;VEV_5300;XIREC;55.0;9
713500;;SUBMISSION;VEV_5300;XIREC;54.0;15
713600;;SUBMISSION;VELVETFRUIT_EXTRACT;XIREC;5271.0;15
713600;;SUBMISSION;VEV_4000;XIREC;1263.0;14
713600;;SUBMISSION;VEV_4000;XIREC;1260.0;15
713600;;SUBMISSION;VEV_4500;XIREC;765.0;7
713600;;SUBMISSION;VEV_4500;XIREC;763.0;12
713600;;SUBMISSION;VEV_5000;XIREC;273.0;7
713600;;SUBMISSION;VEV_5000;XIREC;272.0;12
713600;;SUBMISSION;VEV_5100;XIREC;183.0;7
713600;;SUBMISSION;VEV_5100;XIREC;182.0;12
713600;;SUBMISSION;VEV_5200;XIREC;108.0;19
713600;;SUBMISSION;VEV_5300;XIREC;56.0;10
713600;;SUBMISSION;VEV_5300;XIREC;55.0;12
713700;;SUBMISSION;VELVETFRUIT_EXTRACT;XIREC;5270.0;6
713700;;SUBMISSION;VEV_4000;XIREC;1262.0;13
713700;;SUBMISSION;VEV_4000;XIREC;1260.0;17
713700;;SUBMISSION;VEV_4500;XIREC;765.0;11
713700;;SUBMISSION;VEV_4500;XIREC;763.0;14
713700;;SUBMISSION;VEV_5000;XIREC;273.0;11
713700;;SUBMISSION;VEV_5000;XIREC;272.0;14
713700;;SUBMISSION;VEV_5100;XIREC;182.0;25
713700;;SUBMISSION;VEV_5200;XIREC;108.0;11
713700;;SUBMISSION;VEV_5200;XIREC;107.0;14
713700;;SUBMISSION;VEV_5300;XIREC;55.0;18
713800;;SUBMISSION;VEV_4000;XIREC;1262.0;11
713800;;SUBMISSION;VEV_4000;XIREC;1259.0;16
713800;;SUBMISSION;VEV_4500;XIREC;764.0;8
713800;;SUBMISSION;VEV_4500;XIREC;762.0;22
713800;;SUBMISSION;VEV_5000;XIREC;272.0;30
713800;;SUBMISSION;VEV_5100;XIREC;182.0;8
713800;;SUBMISSION;VEV_5100;XIREC;181.0;22
713800;;SUBMISSION;VEV_5200;XIREC;108.0;8
713800;;SUBMISSION;VEV_5200;XIREC;107.0;22
713800;;SUBMISSION;VEV_5300;XIREC;55.0;22
713900;;SUBMISSION;VELVETFRUIT_EXTRACT;XIREC;5274.0;6
713900;;SUBMISSION;VEV_4000;XIREC;1262.0;13
713900;;SUBMISSION;VEV_4000;XIREC;1259.0;17
713900;;SUBMISSION;VEV_4500;XIREC;764.0;10
713900;;SUBMISSION;VEV_4500;XIREC;763.0;20
713900;;SUBMISSION;VEV_5000;XIREC;272.0;30
713900;;SUBMISSION;VEV_5100;XIREC;182.0;30
713900;;SUBMISSION;VEV_5200;XIREC;108.0;10
713900;;SUBMISSION;VEV_5200;XIREC;107.0;20
713900;;SUBMISSION;VEV_5300;XIREC;55.0;22
714000;;SUBMISSION;VEV_4000;XIREC;1262.0;12
714000;;SUBMISSION;VEV_4000;XIREC;1259.0;17
714000;;SUBMISSION;VEV_4500;XIREC;764.0;12
714000;;SUBMISSION;VEV_4500;XIREC;763.0;12
714000;;SUBMISSION;VEV_5000;XIREC;272.0;24
714000;;SUBMISSION;VEV_5100;XIREC;182.0;24
714000;;SUBMISSION;VEV_5200;XIREC;108.0;12
714000;;SUBMISSION;VEV_5200;XIREC;107.0;12
714000;;SUBMISSION;VEV_5300;XIREC;55.0;24
714100;;SUBMISSION;VEV_4000;XIREC;1261.0;15
714100;;SUBMISSION;VEV_4000;XIREC;1259.0;15
714100;;SUBMISSION;VEV_4500;XIREC;764.0;11
714100;;SUBMISSION;VEV_4500;XIREC;762.0;19
714100;;SUBMISSION;VEV_5000;XIREC;272.0;11
714100;;SUBMISSION;VEV_5000;XIREC;271.0;19
714100;;SUBMISSION;VEV_5100;XIREC;181.0;30
714100;;SUBMISSION;VEV_5200;XIREC;107.0;30
714100;;SUBMISSION;VEV_5300;XIREC;55.0;28
714200;;SUBMISSION;VEV_4000;XIREC;1261.0;10
714200;;SUBMISSION;VEV_4000;XIREC;1258.0;20
714200;;SUBMISSION;VEV_4500;XIREC;763.0;7
714200;;SUBMISSION;VEV_4500;XIREC;761.0;19
714200;;SUBMISSION;VEV_5000;XIREC;271.0;26
714200;;SUBMISSION;VEV_5100;XIREC;181.0;26
714200;;SUBMISSION;VEV_5200;XIREC;107.0;26
714200;;SUBMISSION;VEV_5300;XIREC;55.0;27
714300;;SUBMISSION;VEV_4000;XIREC;1261.0;10
714300;;SUBMISSION;VEV_4000;XIREC;1258.0;20
714300;;SUBMISSION;VEV_4500;XIREC;763.0;7
714300;;SUBMISSION;VEV_4500;XIREC;761.0;14
714300;;SUBMISSION;VEV_5000;XIREC;271.0;21
714300;;SUBMISSION;VEV_5100;XIREC;181.0;21
714300;;SUBMISSION;VEV_5200;XIREC;107.0;21
714300;;SUBMISSION;VEV_5300;XIREC;55.0;21
714400;;SUBMISSION;VEV_4000;XIREC;1261.0;12
714400;;SUBMISSION;VEV_4000;XIREC;1259.0;18
714400;;SUBMISSION;VEV_4500;XIREC;764.0;10
714400;;SUBMISSION;VEV_4500;XIREC;762.0;15
714400;;SUBMISSION;VEV_5000;XIREC;272.0;10
714400;;SUBMISSION;VEV_5000;XIREC;271.0;15
714400;;SUBMISSION;VEV_5100;XIREC;181.0;25
714400;;SUBMISSION;VEV_5200;XIREC;107.0;25
714400;;SUBMISSION;VEV_5300;XIREC;55.0;28
714500;;SUBMISSION;VEV_4000;XIREC;1261.0;7
714500;;SUBMISSION;VEV_4000;XIREC;1258.0;23
714500;;SUBMISSION;VEV_4500;XIREC;763.0;8
714500;;SUBMISSION;VEV_4500;XIREC;761.0;12
714500;;SUBMISSION;VEV_5000;XIREC;271.0;8
714500;;SUBMISSION;VEV_5000;XIREC;270.0;12
714500;;SUBMISSION;VEV_5100;XIREC;181.0;8
714500;;SUBMISSION;VEV_5100;XIREC;180.0;12
714500;;SUBMISSION;VEV_5200;XIREC;107.0;8
714500;;SUBMISSION;VEV_5200;XIREC;106.0;12
714500;;SUBMISSION;VEV_5300;XIREC;55.0;19
714600;;SUBMISSION;VEV_4000;XIREC;1260.0;13
714600;;SUBMISSION;VEV_4000;XIREC;1257.0;17
714600;;SUBMISSION;VEV_4500;XIREC;762.0;12
714600;;SUBMISSION;VEV_4500;XIREC;760.0;12
714600;;SUBMISSION;VEV_5000;XIREC;270.0;24
714600;;SUBMISSION;VEV_5100;XIREC;180.0;24
714600;;SUBMISSION;VEV_5200;XIREC;106.0;24
714700;;SUBMISSION;VEV_5000;XIREC;269.0;8
714700;;SUBMISSION;VEV_5000;XIREC;268.0;22
714700;;SUBMISSION;VEV_5100;XIREC;179.0;30
714800;;SUBMISSION;VEV_4000;XIREC;1259.0;8
714800;;SUBMISSION;VEV_4000;XIREC;1256.0;22
714800;;SUBMISSION;VEV_5000;XIREC;269.0;25
714800;;SUBMISSION;VEV_5100;XIREC;179.0;25
714900;;SUBMISSION;VEV_5000;XIREC;269.0;6
714900;;SUBMISSION;VEV_5000;XIREC;268.0;24
714900;;SUBMISSION;VEV_5100;XIREC;179.0;6
714900;;SUBMISSION;VEV_5100;XIREC;178.0;24
715000;;;VEV_5400;XIREC;18.0;5
715000;;;VEV_5500;XIREC;7.0;5
715000;;;VEV_6000;XIREC;0.0;5
715000;;;VEV_6500;XIREC;0.0;5
715100;;SUBMISSION;VEV_4000;XIREC;1259.0;11
715100;;SUBMISSION;VEV_4000;XIREC;1256.0;19
715100;;SUBMISSION;VEV_4500;XIREC;761.0;12
715100;;SUBMISSION;VEV_4500;XIREC;759.0;18
715100;;SUBMISSION;VEV_5000;XIREC;269.0;30
715100;;SUBMISSION;VEV_5100;XIREC;179.0;30
715200;;SUBMISSION;VEV_4000;XIREC;1259.0;10
715200;;SUBMISSION;VEV_4000;XIREC;1256.0;19
715200;;SUBMISSION;VEV_4500;XIREC;761.0;7
715200;;SUBMISSION;VEV_4500;XIREC;759.0;22
715200;;SUBMISSION;VEV_5000;XIREC;270.0;7
715200;;SUBMISSION;VEV_5000;XIREC;269.0;22
715200;;SUBMISSION;VEV_5100;XIREC;179.0;29
715200;;SUBMISSION;VEV_5200;XIREC;106.0;7
715200;;SUBMISSION;VEV_5200;XIREC;105.0;22
715300;;SUBMISSION;VEV_4000;XIREC;1259.0;9
715300;;SUBMISSION;VEV_4000;XIREC;1257.0;21
715300;;SUBMISSION;VEV_4500;XIREC;762.0;8
715300;;SUBMISSION;VEV_4500;XIREC;760.0;15
715300;;SUBMISSION;VEV_5000;XIREC;270.0;8
715300;;SUBMISSION;VEV_5000;XIREC;269.0;15
715300;;SUBMISSION;VEV_5100;XIREC;180.0;8
715300;;SUBMISSION;VEV_5100;XIREC;179.0;15
715300;;SUBMISSION;VEV_5200;XIREC;106.0;23
715400;;SUBMISSION;VEV_4000;XIREC;1260.0;15
715400;;SUBMISSION;VEV_4000;XIREC;1258.0;15
715400;;SUBMISSION;VEV_4500;XIREC;763.0;11
715400;;SUBMISSION;VEV_4500;XIREC;761.0;17
715400;;SUBMISSION;VEV_5000;XIREC;271.0;11
715400;;SUBMISSION;VEV_5000;XIREC;270.0;17
715400;;SUBMISSION;VEV_5100;XIREC;181.0;11
715400;;SUBMISSION;VEV_5100;XIREC;180.0;17
715400;;SUBMISSION;VEV_5200;XIREC;106.0;28
715400;;SUBMISSION;VEV_5300;XIREC;55.0;26
715500;;SUBMISSION;VEV_4000;XIREC;1261.0;14
715500;;SUBMISSION;VEV_4000;XIREC;1259.0;16
715500;;SUBMISSION;VEV_4500;XIREC;764.0;6
715500;;SUBMISSION;VEV_4500;XIREC;762.0;24
715500;;SUBMISSION;VEV_5000;XIREC;272.0;6
715500;;SUBMISSION;VEV_5000;XIREC;271.0;4
715500;;SUBMISSION;VEV_5100;XIREC;181.0;10
715500;;SUBMISSION;VEV_5200;XIREC;107.0;30
715500;;SUBMISSION;VEV_5300;XIREC;55.0;21
715600;;SUBMISSION;VEV_4000;XIREC;1262.0;5
715600;;SUBMISSION;VEV_4500;XIREC;764.0;6
715600;;SUBMISSION;VEV_4500;XIREC;763.0;22
715600;;SUBMISSION;VEV_5200;XIREC;108.0;6
715600;;SUBMISSION;VEV_5200;XIREC;107.0;22
715600;;SUBMISSION;VEV_5300;XIREC;55.0;17
715700;;SUBMISSION;VELVETFRUIT_EXTRACT;XIREC;5270.0;65
715700;;SUBMISSION;VEV_4500;XIREC;765.0;10
715700;;SUBMISSION;VEV_4500;XIREC;763.0;16
715700;;SUBMISSION;VEV_5200;XIREC;108.0;10
715700;;SUBMISSION;VEV_5200;XIREC;107.0;16
715700;;SUBMISSION;VEV_5300;XIREC;56.0;10
715700;;SUBMISSION;VEV_5300;XIREC;55.0;15
715800;;SUBMISSION;VEV_4500;XIREC;764.0;9
715800;;SUBMISSION;VEV_4500;XIREC;762.0;21
715800;;SUBMISSION;VEV_5200;XIREC;107.0;30
715800;;SUBMISSION;VEV_5300;XIREC;55.0;19
715900;;SUBMISSION;VEV_4500;XIREC;763.0;7
715900;;SUBMISSION;VEV_4500;XIREC;761.0;4
715900;;SUBMISSION;VEV_5200;XIREC;107.0;7
715900;;SUBMISSION;VEV_5200;XIREC;106.0;12
715900;;SUBMISSION;VEV_5300;XIREC;55.0;26
716000;;SUBMISSION;VEV_5200;XIREC;107.0;27
716000;;SUBMISSION;VEV_5300;XIREC;55.0;24
716000;;;VELVETFRUIT_EXTRACT;XIREC;5270.0;7
716100;;SUBMISSION;VEV_5300;XIREC;55.0;24
716200;;SUBMISSION;VELVETFRUIT_EXTRACT;XIREC;5271.0;21
716200;;SUBMISSION;VELVETFRUIT_EXTRACT;XIREC;5270.0;44
716200;;SUBMISSION;VEV_5300;XIREC;56.0;24
716300;;SUBMISSION;VELVETFRUIT_EXTRACT;XIREC;5271.0;24
716300;;SUBMISSION;VELVETFRUIT_EXTRACT;XIREC;5270.0;24
716300;;SUBMISSION;VEV_5300;XIREC;56.0;25
716400;;SUBMISSION;VELVETFRUIT_EXTRACT;XIREC;5272.0;18
716400;;SUBMISSION;VELVETFRUIT_EXTRACT;XIREC;5271.0;44
716400;;SUBMISSION;VEV_5300;XIREC;56.0;20
716500;;SUBMISSION;VEV_5300;XIREC;55.0;19
716600;;SUBMISSION;VEV_5300;XIREC;55.0;24
716700;;SUBMISSION;VEV_5300;XIREC;55.0;20
716700;;;HYDROGEL_PACK;XIREC;10059.0;3
716800;;SUBMISSION;VEV_5300;XIREC;55.0;24
716900;;SUBMISSION;VEV_5300;XIREC;55.0;2
719600;SUBMISSION;;VEV_4000;XIREC;1259.0;2
720500;SUBMISSION;;VEV_5300;XIREC;53.0;2
720500;;;VELVETFRUIT_EXTRACT;XIREC;5264.0;6
720500;;;VEV_5400;XIREC;17.0;2
720500;;;VEV_5500;XIREC;7.0;2
720500;;;VEV_6000;XIREC;0.0;2
720500;;;VEV_6500;XIREC;0.0;2
721200;;;VELVETFRUIT_EXTRACT;XIREC;5263.0;4
721900;SUBMISSION;;VEV_4000;XIREC;1258.0;3
722300;;SUBMISSION;VELVETFRUIT_EXTRACT;XIREC;5264.0;6
723900;;SUBMISSION;VEV_4000;XIREC;1259.0;5
724400;;;HYDROGEL_PACK;XIREC;10065.0;5
725000;SUBMISSION;;VEV_5300;XIREC;53.0;4
725000;;;VEV_5400;XIREC;17.0;4
725000;;;VEV_5500;XIREC;7.0;4
725000;;;VEV_6000;XIREC;0.0;4
725000;;;VEV_6500;XIREC;0.0;4
725400;;SUBMISSION;VELVETFRUIT_EXTRACT;XIREC;5266.0;5
725800;;SUBMISSION;VELVETFRUIT_EXTRACT;XIREC;5264.0;8
725800;;;HYDROGEL_PACK;XIREC;10068.0;6
726600;;SUBMISSION;VELVETFRUIT_EXTRACT;XIREC;5263.0;7
726700;;;HYDROGEL_PACK;XIREC;10075.0;3
727900;;;HYDROGEL_PACK;XIREC;10075.0;4
728300;;SUBMISSION;VELVETFRUIT_EXTRACT;XIREC;5260.0;4
728300;;;VELVETFRUIT_EXTRACT;XIREC;5261.0;1
729700;;;HYDROGEL_PACK;XIREC;10072.0;3
730700;;SUBMISSION;VEV_5300;XIREC;55.0;6
730800;;;HYDROGEL_PACK;XIREC;10057.0;6
731000;;;HYDROGEL_PACK;XIREC;10074.0;4
731200;;;VELVETFRUIT_EXTRACT;XIREC;5276.0;4
731900;;SUBMISSION;VEV_5400;XIREC;20.0;20
732000;;SUBMISSION;VEV_5400;XIREC;20.0;17
732100;;SUBMISSION;VEV_5400;XIREC;20.0;20
732200;;SUBMISSION;VEV_5400;XIREC;20.0;28
732300;;SUBMISSION;VEV_5400;XIREC;20.0;16
732400;;SUBMISSION;VEV_5400;XIREC;20.0;20
732500;;SUBMISSION;VEV_5400;XIREC;20.0;18
732600;;SUBMISSION;VEV_5400;XIREC;20.0;19
732700;;;HYDROGEL_PACK;XIREC;10035.0;2
733200;;SUBMISSION;VEV_5400;XIREC;20.0;22
733300;;SUBMISSION;VEV_5400;XIREC;20.0;15
733400;;SUBMISSION;VEV_5400;XIREC;20.0;21
733500;;SUBMISSION;VEV_5400;XIREC;20.0;27
733600;;SUBMISSION;VEV_5400;XIREC;20.0;24
733700;;SUBMISSION;VEV_5400;XIREC;20.0;26
733800;;SUBMISSION;VEV_5400;XIREC;20.0;16
733900;;SUBMISSION;VEV_5400;XIREC;21.0;24
734000;;SUBMISSION;VEV_5400;XIREC;21.0;9
734000;;SUBMISSION;VEV_5400;XIREC;20.0;10
734100;;SUBMISSION;VEV_5400;XIREC;21.0;25
734200;;SUBMISSION;VEV_5400;XIREC;21.0;16
734300;;SUBMISSION;VEV_5400;XIREC;20.0;15
734400;;SUBMISSION;VEV_5400;XIREC;20.0;21
734500;;SUBMISSION;VEV_5400;XIREC;20.0;20
734600;;SUBMISSION;VEV_5400;XIREC;21.0;7
734600;;SUBMISSION;VEV_5400;XIREC;20.0;10
734700;;SUBMISSION;VEV_5400;XIREC;20.0;26
734800;;SUBMISSION;VEV_5400;XIREC;21.0;7
734800;;SUBMISSION;VEV_5400;XIREC;20.0;13
734900;;SUBMISSION;VEV_5400;XIREC;20.0;25
735000;;SUBMISSION;VEV_5400;XIREC;21.0;29
735100;;SUBMISSION;VEV_5400;XIREC;21.0;5
735100;;SUBMISSION;VEV_5400;XIREC;20.0;11
735100;SUBMISSION;;VEV_5400;XIREC;21.0;4
735100;;;VEV_5500;XIREC;9.0;4
735100;;;VEV_6000;XIREC;0.0;4
735100;;;VEV_6500;XIREC;0.0;4
735200;;SUBMISSION;VEV_5400;XIREC;20.0;17
738100;;SUBMISSION;VEV_4000;XIREC;1277.0;2
741200;;;HYDROGEL_PACK;XIREC;10052.0;2
741600;;;VELVETFRUIT_EXTRACT;XIREC;5263.0;5
741900;SUBMISSION;;VEV_5400;XIREC;17.0;4
741900;;;VEV_5500;XIREC;7.0;4
741900;;;VEV_6000;XIREC;0.0;4
741900;;;VEV_6500;XIREC;0.0;4
742700;;;HYDROGEL_PACK;XIREC;10052.0;2
743600;SUBMISSION;;VEV_4000;XIREC;1264.0;3
743800;;SUBMISSION;VEV_4000;XIREC;1274.0;3
745000;;;HYDROGEL_PACK;XIREC;10036.0;6
746300;SUBMISSION;;VEV_5400;XIREC;20.0;4
746300;;;VEV_5500;XIREC;8.0;4
746300;;;VEV_6000;XIREC;0.0;4
746300;;;VEV_6500;XIREC;0.0;4
747400;SUBMISSION;;VEV_4000;XIREC;1269.0;3
747500;;SUBMISSION;VEV_4000;XIREC;1263.0;1
747700;SUBMISSION;;VEV_4000;XIREC;1266.0;3
747800;;SUBMISSION;VEV_4000;XIREC;1260.0;3
749700;;;VELVETFRUIT_EXTRACT;XIREC;5277.0;5
749800;;;HYDROGEL_PACK;XIREC;10044.0;2
750500;;;VELVETFRUIT_EXTRACT;XIREC;5273.0;7
752500;;;VELVETFRUIT_EXTRACT;XIREC;5272.0;3
753400;SUBMISSION;;VEV_4000;XIREC;1258.0;3
754200;SUBMISSION;;VEV_5400;XIREC;16.0;3
754200;;;VEV_5500;XIREC;6.0;3
754200;;;VEV_6000;XIREC;0.0;3
754200;;;VEV_6500;XIREC;0.0;3
755800;;;VELVETFRUIT_EXTRACT;XIREC;5260.0;4
756300;;SUBMISSION;VEV_4000;XIREC;1271.0;2
756600;;;HYDROGEL_PACK;XIREC;10062.0;6
758000;;SUBMISSION;VEV_4000;XIREC;1260.0;1
759100;;;HYDROGEL_PACK;XIREC;10073.0;5
760000;SUBMISSION;;VEV_5400;XIREC;19.0;2
760000;;;VEV_5500;XIREC;8.0;2
760000;;;VEV_6000;XIREC;0.0;2
760000;;;VEV_6500;XIREC;0.0;2
760200;;;VELVETFRUIT_EXTRACT;XIREC;5277.0;5
760900;;;HYDROGEL_PACK;XIREC;10055.0;2
762400;;;VELVETFRUIT_EXTRACT;XIREC;5268.0;3
762700;SUBMISSION;;VEV_4000;XIREC;1266.0;2
762800;;SUBMISSION;VEV_4000;XIREC;1261.0;2
764300;SUBMISSION;;VEV_4000;XIREC;1263.0;2
765100;;;VELVETFRUIT_EXTRACT;XIREC;5265.0;4
765700;;SUBMISSION;VEV_4000;XIREC;1269.0;2
765800;;;HYDROGEL_PACK;XIREC;10048.0;3
767100;;;HYDROGEL_PACK;XIREC;10063.0;4
767200;;;VELVETFRUIT_EXTRACT;XIREC;5276.0;3
768100;;;HYDROGEL_PACK;XIREC;10056.0;4
768200;;;HYDROGEL_PACK;XIREC;10056.0;3
768700;;;VELVETFRUIT_EXTRACT;XIREC;5270.0;5
768800;;;HYDROGEL_PACK;XIREC;10071.0;5
771700;;;VELVETFRUIT_EXTRACT;XIREC;5264.0;7
772000;;SUBMISSION;VEV_4000;XIREC;1268.0;3
772000;;;HYDROGEL_PACK;XIREC;10082.0;6
772500;;;VELVETFRUIT_EXTRACT;XIREC;5260.0;7
772600;;;VELVETFRUIT_EXTRACT;XIREC;5265.0;8
775000;;;VELVETFRUIT_EXTRACT;XIREC;5266.0;4
775100;;;HYDROGEL_PACK;XIREC;10056.0;5
775300;SUBMISSION;;VEV_4000;XIREC;1255.0;1
777000;;;VELVETFRUIT_EXTRACT;XIREC;5270.0;6
782100;;;HYDROGEL_PACK;XIREC;10078.0;6
782500;;;HYDROGEL_PACK;XIREC;10072.0;6
782700;;;HYDROGEL_PACK;XIREC;10075.0;6
783300;SUBMISSION;;VEV_4000;XIREC;1254.0;3
784400;;;HYDROGEL_PACK;XIREC;10072.0;6
785200;;;HYDROGEL_PACK;XIREC;10056.0;3
785800;SUBMISSION;;VEV_5400;XIREC;15.0;3
785800;;;HYDROGEL_PACK;XIREC;10056.0;3
785800;;;VEV_5500;XIREC;6.0;3
785800;;;VEV_6000;XIREC;0.0;3
785800;;;VEV_6500;XIREC;0.0;3
786700;;;HYDROGEL_PACK;XIREC;10054.0;4
786900;SUBMISSION;;VEV_4000;XIREC;1255.0;1
787700;;;VELVETFRUIT_EXTRACT;XIREC;5260.0;6
787800;;;VELVETFRUIT_EXTRACT;XIREC;5261.0;4
789200;SUBMISSION;;VEV_4000;XIREC;1255.0;3
790700;;;HYDROGEL_PACK;XIREC;10063.0;2
792200;;;HYDROGEL_PACK;XIREC;10052.0;4
792200;;;VELVETFRUIT_EXTRACT;XIREC;5259.0;6
794800;;;VELVETFRUIT_EXTRACT;XIREC;5258.0;8
794900;;;VELVETFRUIT_EXTRACT;XIREC;5251.0;6
796600;;;VELVETFRUIT_EXTRACT;XIREC;5251.0;8
797600;;;HYDROGEL_PACK;XIREC;10024.0;4
798100;SUBMISSION;;VEV_5400;XIREC;15.0;4
798100;;;VEV_5500;XIREC;6.0;4
798100;;;VEV_6000;XIREC;0.0;4
798100;;;VEV_6500;XIREC;0.0;4
799500;;;HYDROGEL_PACK;XIREC;10029.0;3
799900;;;VELVETFRUIT_EXTRACT;XIREC;5249.0;8
800100;;;HYDROGEL_PACK;XIREC;10012.0;5
800400;SUBMISSION;;VEV_5300;XIREC;45.0;3
800400;;;VEV_5500;XIREC;5.0;3
800400;;;VEV_6000;XIREC;0.0;3
800400;;;VEV_6500;XIREC;0.0;3
800600;;;HYDROGEL_PACK;XIREC;10024.0;5
801000;;SUBMISSION;VEV_4000;XIREC;1254.0;2
801800;SUBMISSION;;VEV_5400;XIREC;13.0;2
801800;;;VEV_5500;XIREC;5.0;2
801800;;;VEV_6000;XIREC;0.0;2
801800;;;VEV_6500;XIREC;0.0;2
802000;SUBMISSION;;VELVETFRUIT_EXTRACT;XIREC;5246.0;8
802500;SUBMISSION;;VELVETFRUIT_EXTRACT;XIREC;5244.0;17
802500;SUBMISSION;;VELVETFRUIT_EXTRACT;XIREC;5245.0;45
802600;SUBMISSION;;VELVETFRUIT_EXTRACT;XIREC;5243.0;15
802600;SUBMISSION;;VELVETFRUIT_EXTRACT;XIREC;5244.0;35
802700;SUBMISSION;;VELVETFRUIT_EXTRACT;XIREC;5242.0;65
802800;SUBMISSION;;VELVETFRUIT_EXTRACT;XIREC;5243.0;15
802800;SUBMISSION;;VELVETFRUIT_EXTRACT;XIREC;5244.0;36
802800;;;VELVETFRUIT_EXTRACT;XIREC;5243.0;3
802900;SUBMISSION;;VELVETFRUIT_EXTRACT;XIREC;5241.0;23
802900;SUBMISSION;;VELVETFRUIT_EXTRACT;XIREC;5242.0;49
803000;SUBMISSION;;VELVETFRUIT_EXTRACT;XIREC;5241.0;22
803000;SUBMISSION;;VELVETFRUIT_EXTRACT;XIREC;5242.0;40
803000;;;HYDROGEL_PACK;XIREC;10019.0;2
803100;SUBMISSION;;VELVETFRUIT_EXTRACT;XIREC;5241.0;30
803400;;;VELVETFRUIT_EXTRACT;XIREC;5240.0;5
804900;SUBMISSION;;VEV_4000;XIREC;1235.0;1
805300;SUBMISSION;;HYDROGEL_PACK;XIREC;9999.0;4
807400;;SUBMISSION;VELVETFRUIT_EXTRACT;XIREC;5252.0;4
807800;SUBMISSION;;VEV_5300;XIREC;45.0;3
807800;SUBMISSION;;VEV_5400;XIREC;13.0;3
807800;;;VEV_5500;XIREC;5.0;3
807800;;;VEV_6000;XIREC;0.0;3
807800;;;VEV_6500;XIREC;0.0;3
809700;;SUBMISSION;HYDROGEL_PACK;XIREC;10017.0;2
810100;SUBMISSION;;VELVETFRUIT_EXTRACT;XIREC;5245.0;4
810100;;;VELVETFRUIT_EXTRACT;XIREC;5245.0;4
810600;;SUBMISSION;HYDROGEL_PACK;XIREC;10014.0;2
812400;;;VELVETFRUIT_EXTRACT;XIREC;5233.0;8
812600;SUBMISSION;;VEV_5300;XIREC;40.0;4
812600;SUBMISSION;;VEV_5400;XIREC;11.0;4
812600;;;VEV_5500;XIREC;4.0;4
812600;;;VEV_6000;XIREC;0.0;4
812600;;;VEV_6500;XIREC;0.0;4
812900;;;VELVETFRUIT_EXTRACT;XIREC;5233.0;7
813000;SUBMISSION;;VEV_5400;XIREC;11.0;3
813000;SUBMISSION;;VEV_5400;XIREC;12.0;21
813000;;;VEV_5500;XIREC;4.0;3
813000;;;VEV_6000;XIREC;0.0;3
813000;;;VEV_6500;XIREC;0.0;3
813200;SUBMISSION;;HYDROGEL_PACK;XIREC;9999.0;4
813500;SUBMISSION;;HYDROGEL_PACK;XIREC;10003.0;15
813600;SUBMISSION;;HYDROGEL_PACK;XIREC;10001.0;10
813700;SUBMISSION;;HYDROGEL_PACK;XIREC;10001.0;15
813800;SUBMISSION;;HYDROGEL_PACK;XIREC;10001.0;10
813900;SUBMISSION;;HYDROGEL_PACK;XIREC;9999.0;10
813900;SUBMISSION;;HYDROGEL_PACK;XIREC;10002.0;29
813900;SUBMISSION;;VEV_5400;XIREC;11.0;30
814000;SUBMISSION;;HYDROGEL_PACK;XIREC;9999.0;12
814000;SUBMISSION;;HYDROGEL_PACK;XIREC;10001.0;24
814000;SUBMISSION;;VEV_5200;XIREC;82.0;23
814000;SUBMISSION;;VEV_5400;XIREC;11.0;26
814100;SUBMISSION;;HYDROGEL_PACK;XIREC;9999.0;13
814100;SUBMISSION;;HYDROGEL_PACK;XIREC;10001.0;25
814100;SUBMISSION;;VEV_5400;XIREC;11.0;26
814200;SUBMISSION;;HYDROGEL_PACK;XIREC;9999.0;10
814200;SUBMISSION;;HYDROGEL_PACK;XIREC;10002.0;21
814200;SUBMISSION;;VEV_5400;XIREC;11.0;21
814400;SUBMISSION;;VEV_5400;XIREC;11.0;19
814500;SUBMISSION;;HYDROGEL_PACK;XIREC;9990.0;3
814500;SUBMISSION;;VEV_5400;XIREC;11.0;21
814600;SUBMISSION;;VEV_5400;XIREC;11.0;22
814700;SUBMISSION;;HYDROGEL_PACK;XIREC;10001.0;10
814800;SUBMISSION;;HYDROGEL_PACK;XIREC;10001.0;15
814800;SUBMISSION;;VEV_5200;XIREC;82.0;30
814800;SUBMISSION;;VEV_5400;XIREC;11.0;19
814900;SUBMISSION;;HYDROGEL_PACK;XIREC;10000.0;10
814900;SUBMISSION;;VEV_5400;XIREC;11.0;22
815000;SUBMISSION;;VEV_5200;XIREC;82.0;30
815000;SUBMISSION;;VEV_5400;XIREC;11.0;27
815000;;;HYDROGEL_PACK;XIREC;10004.0;3
815000;;;VELVETFRUIT_EXTRACT;XIREC;5230.0;5
815100;SUBMISSION;;VEV_5200;XIREC;81.0;8
815100;SUBMISSION;;VEV_5200;XIREC;82.0;22
815100;SUBMISSION;;VEV_5400;XIREC;11.0;28
815200;SUBMISSION;;VEV_5200;XIREC;82.0;28
815200;SUBMISSION;;VEV_5400;XIREC;11.0;20
815300;SUBMISSION;;VEV_5200;XIREC;82.0;20
815300;SUBMISSION;;VEV_5400;XIREC;11.0;23
815400;SUBMISSION;;VEV_5400;XIREC;11.0;25
815500;SUBMISSION;;VEV_5400;XIREC;11.0;28
816200;SUBMISSION;;VEV_5400;XIREC;11.0;26
816300;SUBMISSION;;VEV_5400;XIREC;11.0;20
816400;SUBMISSION;;VEV_5400;XIREC;11.0;18
816500;SUBMISSION;;VEV_5400;XIREC;11.0;22
816800;SUBMISSION;;HYDROGEL_PACK;XIREC;10000.0;4
817900;;;VELVETFRUIT_EXTRACT;XIREC;5228.0;5
818100;;;VELVETFRUIT_EXTRACT;XIREC;5234.0;7
818500;;;VELVETFRUIT_EXTRACT;XIREC;5231.0;7
819000;SUBMISSION;;VEV_5400;XIREC;11.0;30
820600;;;HYDROGEL_PACK;XIREC;10011.0;2
821100;SUBMISSION;;HYDROGEL_PACK;XIREC;9994.0;4
821300;SUBMISSION;;VEV_4000;XIREC;1238.0;2
822000;;;VELVETFRUIT_EXTRACT;XIREC;5245.0;8
822200;;;VELVETFRUIT_EXTRACT;XIREC;5241.0;7
824200;;SUBMISSION;VELVETFRUIT_EXTRACT;XIREC;5250.0;4
824800;;;VEV_5500;XIREC;5.0;5
824800;;;VEV_6000;XIREC;0.0;5
824800;;;VEV_6500;XIREC;0.0;5
827000;;SUBMISSION;VELVETFRUIT_EXTRACT;XIREC;5246.0;7
827500;;SUBMISSION;VELVETFRUIT_EXTRACT;XIREC;5246.0;8
828000;SUBMISSION;;VELVETFRUIT_EXTRACT;XIREC;5243.0;19
832000;;;VELVETFRUIT_EXTRACT;XIREC;5244.0;6
832100;;;VELVETFRUIT_EXTRACT;XIREC;5239.0;8
832700;;;VELVETFRUIT_EXTRACT;XIREC;5242.0;3
833500;;SUBMISSION;HYDROGEL_PACK;XIREC;10021.0;11
833500;;SUBMISSION;HYDROGEL_PACK;XIREC;10019.0;3
833600;;SUBMISSION;HYDROGEL_PACK;XIREC;10025.0;13
833600;;SUBMISSION;HYDROGEL_PACK;XIREC;10023.0;27
833600;;;HYDROGEL_PACK;XIREC;10025.0;2
833700;;SUBMISSION;HYDROGEL_PACK;XIREC;10027.0;12
833700;;SUBMISSION;HYDROGEL_PACK;XIREC;10025.0;30
833800;;SUBMISSION;HYDROGEL_PACK;XIREC;10028.0;11
833800;;SUBMISSION;HYDROGEL_PACK;XIREC;10025.0;24
833900;;SUBMISSION;HYDROGEL_PACK;XIREC;10027.0;14
833900;;SUBMISSION;HYDROGEL_PACK;XIREC;10025.0;21
834100;;SUBMISSION;HYDROGEL_PACK;XIREC;10030.0;13
834100;;SUBMISSION;HYDROGEL_PACK;XIREC;10028.0;30
834200;;SUBMISSION;HYDROGEL_PACK;XIREC;10032.0;13
834200;;SUBMISSION;HYDROGEL_PACK;XIREC;10029.0;22
834900;;;VELVETFRUIT_EXTRACT;XIREC;5243.0;7
836000;;;VELVETFRUIT_EXTRACT;XIREC;5244.0;6
837000;;;HYDROGEL_PACK;XIREC;10047.0;6
838700;;SUBMISSION;VELVETFRUIT_EXTRACT;XIREC;5251.0;20
838700;;SUBMISSION;VELVETFRUIT_EXTRACT;XIREC;5251.0;10
838700;;;VELVETFRUIT_EXTRACT;XIREC;5252.0;1
839600;;SUBMISSION;VELVETFRUIT_EXTRACT;XIREC;5252.0;8
840400;;;VELVETFRUIT_EXTRACT;XIREC;5253.0;3
843100;;;VELVETFRUIT_EXTRACT;XIREC;5255.0;4
844200;;;HYDROGEL_PACK;XIREC;10033.0;6
844800;;;HYDROGEL_PACK;XIREC;10034.0;3
845400;;SUBMISSION;VELVETFRUIT_EXTRACT;XIREC;5255.0;18
845400;;SUBMISSION;VELVETFRUIT_EXTRACT;XIREC;5255.0;8
845500;;;HYDROGEL_PACK;XIREC;10013.0;6
847200;;;HYDROGEL_PACK;XIREC;10022.0;5
848200;;SUBMISSION;VEV_4000;XIREC;1267.0;2
848400;;;HYDROGEL_PACK;XIREC;10040.0;3
848900;SUBMISSION;;VEV_5300;XIREC;51.0;5
848900;;;VEV_5500;XIREC;7.0;5
848900;;;VEV_6000;XIREC;0.0;5
848900;;;VEV_6500;XIREC;0.0;5
849200;SUBMISSION;;VEV_4000;XIREC;1261.0;2
849300;;SUBMISSION;VELVETFRUIT_EXTRACT;XIREC;5269.0;8
850300;;;VELVETFRUIT_EXTRACT;XIREC;5260.0;7
850600;;SUBMISSION;VELVETFRUIT_EXTRACT;XIREC;5260.0;5
851200;SUBMISSION;;VEV_5400;XIREC;16.0;3
851200;;;VEV_5500;XIREC;6.0;3
851200;;;VEV_6000;XIREC;0.0;3
851200;;;VEV_6500;XIREC;0.0;3
851700;;;VELVETFRUIT_EXTRACT;XIREC;5260.0;6
852200;;SUBMISSION;VELVETFRUIT_EXTRACT;XIREC;5269.0;4
852900;;;VELVETFRUIT_EXTRACT;XIREC;5265.0;7
853500;;;HYDROGEL_PACK;XIREC;10032.0;4
853700;;SUBMISSION;VEV_4000;XIREC;1262.0;6
853700;;SUBMISSION;VEV_5200;XIREC;107.0;30
853900;;SUBMISSION;VEV_5200;XIREC;107.0;6
853900;;SUBMISSION;VEV_5200;XIREC;106.0;12
853900;;;HYDROGEL_PACK;XIREC;10047.0;6
854000;;SUBMISSION;VELVETFRUIT_EXTRACT;XIREC;5272.0;17
854000;;SUBMISSION;VELVETFRUIT_EXTRACT;XIREC;5271.0;31
854000;;SUBMISSION;VEV_5200;XIREC;108.0;30
854100;;SUBMISSION;VELVETFRUIT_EXTRACT;XIREC;5272.0;18
854100;;SUBMISSION;VEV_5200;XIREC;108.0;22
854200;;SUBMISSION;VEV_5200;XIREC;108.0;29
854300;;SUBMISSION;VELVETFRUIT_EXTRACT;XIREC;5272.0;67
854300;;SUBMISSION;VEV_5200;XIREC;108.0;25
854300;;SUBMISSION;VEV_5300;XIREC;55.0;15
854400;;SUBMISSION;VELVETFRUIT_EXTRACT;XIREC;5273.0;49
854400;;SUBMISSION;VEV_5200;XIREC;109.0;7
854600;;SUBMISSION;VELVETFRUIT_EXTRACT;XIREC;5273.0;24
854600;;SUBMISSION;VELVETFRUIT_EXTRACT;XIREC;5272.0;16
854800;;SUBMISSION;VELVETFRUIT_EXTRACT;XIREC;5272.0;22
854900;;;HYDROGEL_PACK;XIREC;10052.0;2
855500;SUBMISSION;;VEV_4000;XIREC;1269.0;3
855600;;SUBMISSION;VEV_4000;XIREC;1263.0;3
856600;;;VELVETFRUIT_EXTRACT;XIREC;5269.0;3
860100;;;HYDROGEL_PACK;XIREC;10086.0;2
862900;;;HYDROGEL_PACK;XIREC;10038.0;6
863300;;SUBMISSION;VELVETFRUIT_EXTRACT;XIREC;5253.0;24
863300;;SUBMISSION;VELVETFRUIT_EXTRACT;XIREC;5253.0;6
863300;;;VELVETFRUIT_EXTRACT;XIREC;5254.0;6
865400;SUBMISSION;;VEV_5400;XIREC;14.0;5
865400;;;VEV_5500;XIREC;6.0;5
865400;;;VEV_6000;XIREC;0.0;5
865400;;;VEV_6500;XIREC;0.0;5
866300;;;HYDROGEL_PACK;XIREC;10060.0;6
867100;;;HYDROGEL_PACK;XIREC;10039.0;5
867800;;SUBMISSION;VEV_4000;XIREC;1256.0;2
868700;SUBMISSION;;VELVETFRUIT_EXTRACT;XIREC;5247.0;4
868800;;;VEV_5500;XIREC;5.0;2
868800;;;VEV_6000;XIREC;0.0;2
868800;;;VEV_6500;XIREC;0.0;2
869000;SUBMISSION;;VELVETFRUIT_EXTRACT;XIREC;5248.0;64
869100;SUBMISSION;;VELVETFRUIT_EXTRACT;XIREC;5248.0;20
869200;SUBMISSION;;VELVETFRUIT_EXTRACT;XIREC;5247.0;55
869300;SUBMISSION;;VELVETFRUIT_EXTRACT;XIREC;5248.0;58
869400;SUBMISSION;;VELVETFRUIT_EXTRACT;XIREC;5248.0;22
869500;SUBMISSION;;VELVETFRUIT_EXTRACT;XIREC;5247.0;52
869600;SUBMISSION;;VELVETFRUIT_EXTRACT;XIREC;5246.0;25
869600;SUBMISSION;;VELVETFRUIT_EXTRACT;XIREC;5247.0;48
869600;SUBMISSION;;VELVETFRUIT_EXTRACT;XIREC;5242.0;5
869800;SUBMISSION;;VELVETFRUIT_EXTRACT;XIREC;5248.0;2
870000;;;HYDROGEL_PACK;XIREC;10058.0;3
870100;SUBMISSION;;VEV_4000;XIREC;1241.0;3
870200;;SUBMISSION;VEV_4000;XIREC;1252.0;3
871500;;;VELVETFRUIT_EXTRACT;XIREC;5241.0;8
871700;;;HYDROGEL_PACK;XIREC;10027.0;5
873600;;;VELVETFRUIT_EXTRACT;XIREC;5238.0;7
874400;;;VELVETFRUIT_EXTRACT;XIREC;5246.0;3
876000;;;HYDROGEL_PACK;XIREC;10025.0;4
876400;;;HYDROGEL_PACK;XIREC;10020.0;3
876500;;;VELVETFRUIT_EXTRACT;XIREC;5242.0;6
876800;;;VELVETFRUIT_EXTRACT;XIREC;5240.0;8
877600;;;VELVETFRUIT_EXTRACT;XIREC;5239.0;5
878400;SUBMISSION;;HYDROGEL_PACK;XIREC;10010.0;12
878500;;;VELVETFRUIT_EXTRACT;XIREC;5239.0;4
878900;SUBMISSION;;HYDROGEL_PACK;XIREC;10010.0;15
879000;SUBMISSION;;HYDROGEL_PACK;XIREC;10009.0;11
879100;SUBMISSION;;HYDROGEL_PACK;XIREC;10010.0;14
879200;SUBMISSION;;HYDROGEL_PACK;XIREC;10010.0;15
879300;SUBMISSION;;HYDROGEL_PACK;XIREC;10010.0;11
879400;SUBMISSION;;HYDROGEL_PACK;XIREC;10010.0;12
879500;SUBMISSION;;HYDROGEL_PACK;XIREC;10011.0;10
879600;SUBMISSION;;HYDROGEL_PACK;XIREC;10009.0;14
879700;SUBMISSION;;HYDROGEL_PACK;XIREC;10009.0;11
879700;;;VELVETFRUIT_EXTRACT;XIREC;5238.0;11
879800;SUBMISSION;;HYDROGEL_PACK;XIREC;10009.0;10
879800;SUBMISSION;;HYDROGEL_PACK;XIREC;10011.0;28
879900;SUBMISSION;;HYDROGEL_PACK;XIREC;10005.0;10
879900;SUBMISSION;;HYDROGEL_PACK;XIREC;10008.0;22
880000;SUBMISSION;;HYDROGEL_PACK;XIREC;10002.0;10
880000;SUBMISSION;;HYDROGEL_PACK;XIREC;10004.0;28
880100;SUBMISSION;;HYDROGEL_PACK;XIREC;10001.0;15
880100;SUBMISSION;;HYDROGEL_PACK;XIREC;10003.0;22
880200;SUBMISSION;;HYDROGEL_PACK;XIREC;9996.0;11
880200;SUBMISSION;;HYDROGEL_PACK;XIREC;9999.0;28
880300;SUBMISSION;;HYDROGEL_PACK;XIREC;9997.0;10
880300;SUBMISSION;;HYDROGEL_PACK;XIREC;10000.0;28
880400;SUBMISSION;;HYDROGEL_PACK;XIREC;9999.0;15
880400;SUBMISSION;;HYDROGEL_PACK;XIREC;10001.0;29
880500;SUBMISSION;;HYDROGEL_PACK;XIREC;10000.0;9
881400;SUBMISSION;;VEV_4000;XIREC;1234.0;1
881800;;;VELVETFRUIT_EXTRACT;XIREC;5244.0;4
882600;;;VELVETFRUIT_EXTRACT;XIREC;5248.0;10
883800;;;VELVETFRUIT_EXTRACT;XIREC;5251.0;8
883900;;;VELVETFRUIT_EXTRACT;XIREC;5251.0;3
884200;;;VELVETFRUIT_EXTRACT;XIREC;5253.0;4
884600;;;VELVETFRUIT_EXTRACT;XIREC;5254.0;7
886300;SUBMISSION;;VEV_4000;XIREC;1251.0;3
886600;;SUBMISSION;VELVETFRUIT_EXTRACT;XIREC;5258.0;5
887200;;;HYDROGEL_PACK;XIREC;10007.0;2
887800;;;VELVETFRUIT_EXTRACT;XIREC;5252.0;8
888300;;SUBMISSION;VEV_4000;XIREC;1256.0;2
890200;SUBMISSION;;VELVETFRUIT_EXTRACT;XIREC;5245.0;5
890200;;;VELVETFRUIT_EXTRACT;XIREC;5240.0;4
891000;;;VELVETFRUIT_EXTRACT;XIREC;5245.0;3
892000;;;HYDROGEL_PACK;XIREC;10000.0;6
894300;;SUBMISSION;VELVETFRUIT_EXTRACT;XIREC;5252.0;17
894300;;;HYDROGEL_PACK;XIREC;9981.0;6
896900;SUBMISSION;;VELVETFRUIT_EXTRACT;XIREC;5247.0;11
896900;SUBMISSION;;VELVETFRUIT_EXTRACT;XIREC;5247.0;6
896900;;;VELVETFRUIT_EXTRACT;XIREC;5247.0;5
898200;;;HYDROGEL_PACK;XIREC;9995.0;4
899200;;;HYDROGEL_PACK;XIREC;10003.0;4
899700;;;VELVETFRUIT_EXTRACT;XIREC;5247.0;5
900800;;SUBMISSION;VEV_4000;XIREC;1256.0;3
901000;;SUBMISSION;VELVETFRUIT_EXTRACT;XIREC;5254.0;7
901100;SUBMISSION;;VEV_5400;XIREC;14.0;4
901100;;;VEV_5500;XIREC;5.0;4
901100;;;VEV_6000;XIREC;0.0;4
901100;;;VEV_6500;XIREC;0.0;4
901400;;;HYDROGEL_PACK;XIREC;9989.0;4
901600;;SUBMISSION;VEV_4000;XIREC;1259.0;1
901800;;;HYDROGEL_PACK;XIREC;10011.0;2
901900;;;VELVETFRUIT_EXTRACT;XIREC;5253.0;3
903400;;SUBMISSION;VEV_4000;XIREC;1266.0;1
904000;;SUBMISSION;VELVETFRUIT_EXTRACT;XIREC;5260.0;6
905200;;;VELVETFRUIT_EXTRACT;XIREC;5257.0;6
907000;;SUBMISSION;VELVETFRUIT_EXTRACT;XIREC;5254.0;4
907300;;;VELVETFRUIT_EXTRACT;XIREC;5252.0;4
908700;;SUBMISSION;HYDROGEL_PACK;XIREC;10021.0;4
909300;;SUBMISSION;HYDROGEL_PACK;XIREC;10023.0;5
910300;;SUBMISSION;HYDROGEL_PACK;XIREC;10021.0;13
910400;;SUBMISSION;HYDROGEL_PACK;XIREC;10020.0;13
910500;;SUBMISSION;HYDROGEL_PACK;XIREC;10021.0;15
910600;;SUBMISSION;HYDROGEL_PACK;XIREC;10020.0;12
910800;;SUBMISSION;HYDROGEL_PACK;XIREC;10021.0;14
910900;;SUBMISSION;HYDROGEL_PACK;XIREC;10025.0;15
910900;;SUBMISSION;HYDROGEL_PACK;XIREC;10023.0;24
911000;;SUBMISSION;HYDROGEL_PACK;XIREC;10026.0;14
911000;;SUBMISSION;HYDROGEL_PACK;XIREC;10024.0;20
911100;;SUBMISSION;HYDROGEL_PACK;XIREC;10027.0;13
911100;;SUBMISSION;HYDROGEL_PACK;XIREC;10024.0;29
911200;;SUBMISSION;HYDROGEL_PACK;XIREC;10027.0;13
911200;;SUBMISSION;HYDROGEL_PACK;XIREC;10025.0;25
911300;;SUBMISSION;HYDROGEL_PACK;XIREC;10025.0;11
911300;;SUBMISSION;HYDROGEL_PACK;XIREC;10023.0;29
911400;;SUBMISSION;HYDROGEL_PACK;XIREC;10028.0;13
911400;;SUBMISSION;HYDROGEL_PACK;XIREC;10025.0;21
911500;;SUBMISSION;HYDROGEL_PACK;XIREC;10032.0;10
911500;;SUBMISSION;HYDROGEL_PACK;XIREC;10029.0;28
911600;;SUBMISSION;HYDROGEL_PACK;XIREC;10033.0;11
911600;;SUBMISSION;HYDROGEL_PACK;XIREC;10030.0;30
911600;;SUBMISSION;VELVETFRUIT_EXTRACT;XIREC;5263.0;5
911700;;SUBMISSION;HYDROGEL_PACK;XIREC;10032.0;10
911700;;SUBMISSION;HYDROGEL_PACK;XIREC;10029.0;8
912000;;;HYDROGEL_PACK;XIREC;10030.0;6
