timestamp;buyer;seller;symbol;currency;price;quantity
3200;SUBMISSION;;EMERALDS;SEASHELLS;9998;8
3400;;SUBMISSION;TOMATOES;SEASHELLS;5004;2
5000;SUBMISSION;;EMERALDS;SEASHELLS;9998;7
7000;;SUBMISSION;TOMATOES;SEASHELLS;5006;4
9600;SUBMISSION;;TOMATOES;SEASHELLS;5004;5
9900;SUBMISSION;;TOMATOES;SEASHELLS;5004;4
16400;SUBMISSION;;TOMATOES;SEASHELLS;5001;2
17900;;SUBMISSION;TOMATOES;SEASHELLS;5004;2
22200;;SUBMISSION;TOMATOES;SEASHELLS;5000;3
23500;SUBMISSION;;TOMATOES;SEASHELLS;4994;3
24600;;SUBMISSION;TOMATOES;SEASHELLS;4997;5
26100;SUBMISSION;;TOMATOES;SEASHELLS;4993;2
31400;;SUBMISSION;EMERALDS;SEASHELLS;10002;3
34700;;SUBMISSION;TOMATOES;SEASHELLS;4993;4
36400;SUBMISSION;;TOMATOES;SEASHELLS;4991;2
36700;SUBMISSION;;TOMATOES;SEASHELLS;4990;2
39400;SUBMISSION;;TOMATOES;SEASHELLS;4983;2
39900;SUBMISSION;;EMERALDS;SEASHELLS;9998;7
42400;SUBMISSION;;EMERALDS;SEASHELLS;9998;5
43900;;SUBMISSION;TOMATOES;SEASHELLS;4984;5
51300;SUBMISSION;;EMERALDS;SEASHELLS;9998;7
52800;;SUBMISSION;TOMATOES;SEASHELLS;4990;4
53100;;SUBMISSION;TOMATOES;SEASHELLS;4990;2
53600;;SUBMISSION;TOMATOES;SEASHELLS;4992;2
54400;SUBMISSION;;TOMATOES;SEASHELLS;4988;3
55300;SUBMISSION;;EMERALDS;SEASHELLS;9998;6
55700;SUBMISSION;;EMERALDS;SEASHELLS;9998;4
59700;;SUBMISSION;TOMATOES;SEASHELLS;4988;5
62700;SUBMISSION;;EMERALDS;SEASHELLS;9998;8
64100;SUBMISSION;;TOMATOES;SEASHELLS;4988;4
66100;SUBMISSION;;TOMATOES;SEASHELLS;4991;3
66700;;SUBMISSION;EMERALDS;SEASHELLS;10002;7
67300;SUBMISSION;;EMERALDS;SEASHELLS;9998;7
70600;;SUBMISSION;TOMATOES;SEASHELLS;4988;2
71200;;SUBMISSION;TOMATOES;SEASHELLS;4988;2
73500;SUBMISSION;;TOMATOES;SEASHELLS;4986;3
73700;SUBMISSION;;EMERALDS;SEASHELLS;9998;3
74200;;SUBMISSION;TOMATOES;SEASHELLS;4992;3
75200;SUBMISSION;;TOMATOES;SEASHELLS;4987;4
78300;;SUBMISSION;TOMATOES;SEASHELLS;4992;5
79100;SUBMISSION;;TOMATOES;SEASHELLS;4988;5
80300;SUBMISSION;;TOMATOES;SEASHELLS;4990;3
80400;SUBMISSION;;EMERALDS;SEASHELLS;9998;3
80900;SUBMISSION;;TOMATOES;SEASHELLS;4989;2
81000;SUBMISSION;;TOMATOES;SEASHELLS;4989;4
81400;SUBMISSION;;TOMATOES;SEASHELLS;4988;5
83800;SUBMISSION;;EMERALDS;SEASHELLS;9998;7
84500;SUBMISSION;;TOMATOES;SEASHELLS;4984;3
85500;SUBMISSION;;TOMATOES;SEASHELLS;4982;2
86000;;SUBMISSION;TOMATOES;SEASHELLS;4989;5
87600;SUBMISSION;;EMERALDS;SEASHELLS;9998;8
93900;;SUBMISSION;EMERALDS;SEASHELLS;10002;7
94000;SUBMISSION;;TOMATOES;SEASHELLS;4979;3
95100;SUBMISSION;;EMERALDS;SEASHELLS;9998;7
96500;;SUBMISSION;EMERALDS;SEASHELLS;10002;6
97200;SUBMISSION;;TOMATOES;SEASHELLS;4980;4
97500;SUBMISSION;;TOMATOES;SEASHELLS;4982;3
98000;SUBMISSION;;EMERALDS;SEASHELLS;9998;7
98400;;SUBMISSION;EMERALDS;SEASHELLS;10002;7
101200;;SUBMISSION;EMERALDS;SEASHELLS;10002;6
103700;SUBMISSION;;EMERALDS;SEASHELLS;9998;5
108000;SUBMISSION;;EMERALDS;SEASHELLS;9998;4
110200;SUBMISSION;;TOMATOES;SEASHELLS;4990;5
110700;SUBMISSION;;EMERALDS;SEASHELLS;9998;6
111900;SUBMISSION;;TOMATOES;SEASHELLS;4991;3
112000;;SUBMISSION;TOMATOES;SEASHELLS;4994;4
113000;;SUBMISSION;TOMATOES;SEASHELLS;4998;4
116300;;SUBMISSION;TOMATOES;SEASHELLS;4996;2
120900;SUBMISSION;;TOMATOES;SEASHELLS;4994;3
124800;SUBMISSION;;TOMATOES;SEASHELLS;4994;2
128400;SUBMISSION;;EMERALDS;SEASHELLS;9998;3
128700;SUBMISSION;;TOMATOES;SEASHELLS;4992;3
129000;;SUBMISSION;TOMATOES;SEASHELLS;4996;2
130500;SUBMISSION;;TOMATOES;SEASHELLS;4990;3
130900;SUBMISSION;;TOMATOES;SEASHELLS;4990;2
131700;;SUBMISSION;EMERALDS;SEASHELLS;10002;8
131900;;SUBMISSION;TOMATOES;SEASHELLS;4994;4
132100;SUBMISSION;;EMERALDS;SEASHELLS;9998;6
132100;SUBMISSION;;TOMATOES;SEASHELLS;4991;4
133400;;SUBMISSION;TOMATOES;SEASHELLS;4996;4
133700;;SUBMISSION;EMERALDS;SEASHELLS;10002;8
133900;SUBMISSION;;EMERALDS;SEASHELLS;9998;3
135500;SUBMISSION;;EMERALDS;SEASHELLS;9998;5
135600;SUBMISSION;;EMERALDS;SEASHELLS;9998;6
136200;SUBMISSION;;TOMATOES;SEASHELLS;4992;4
137600;;SUBMISSION;TOMATOES;SEASHELLS;4996;5
141700;SUBMISSION;;TOMATOES;SEASHELLS;4998;5
144200;SUBMISSION;;TOMATOES;SEASHELLS;4991;2
146100;;SUBMISSION;EMERALDS;SEASHELLS;10002;4
151500;SUBMISSION;;TOMATOES;SEASHELLS;4988;2
152000;SUBMISSION;;EMERALDS;SEASHELLS;9998;4
153400;;SUBMISSION;TOMATOES;SEASHELLS;4991;4
156700;;SUBMISSION;TOMATOES;SEASHELLS;4992;3
157600;;SUBMISSION;TOMATOES;SEASHELLS;4991;3
158300;;SUBMISSION;EMERALDS;SEASHELLS;10002;3
158900;SUBMISSION;;TOMATOES;SEASHELLS;4981;2
159200;SUBMISSION;;TOMATOES;SEASHELLS;4982;3
161000;SUBMISSION;;TOMATOES;SEASHELLS;4982;3
161800;SUBMISSION;;TOMATOES;SEASHELLS;4980;2
162400;SUBMISSION;;TOMATOES;SEASHELLS;4978;3
162900;SUBMISSION;;TOMATOES;SEASHELLS;4980;5
167300;SUBMISSION;;TOMATOES;SEASHELLS;4987;2
168200;;SUBMISSION;TOMATOES;SEASHELLS;4990;4
170800;SUBMISSION;;TOMATOES;SEASHELLS;4987;3
176000;;SUBMISSION;TOMATOES;SEASHELLS;4993;4
176300;SUBMISSION;;TOMATOES;SEASHELLS;4988;3
176900;SUBMISSION;;TOMATOES;SEASHELLS;4990;2
180300;SUBMISSION;;TOMATOES;SEASHELLS;4986;3
181100;SUBMISSION;;TOMATOES;SEASHELLS;4987;4
182600;SUBMISSION;;TOMATOES;SEASHELLS;4986;5
182700;;SUBMISSION;EMERALDS;SEASHELLS;10002;5
185200;;SUBMISSION;TOMATOES;SEASHELLS;4992;3
187100;;SUBMISSION;TOMATOES;SEASHELLS;4995;2
187600;SUBMISSION;;TOMATOES;SEASHELLS;4992;3
188300;;SUBMISSION;TOMATOES;SEASHELLS;4998;5
189000;SUBMISSION;;TOMATOES;SEASHELLS;4992;3
191700;;SUBMISSION;TOMATOES;SEASHELLS;4995;3
192700;SUBMISSION;;TOMATOES;SEASHELLS;4989;3
195700;SUBMISSION;;TOMATOES;SEASHELLS;4992;3
202200;;SUBMISSION;TOMATOES;SEASHELLS;5000;3
203600;;SUBMISSION;TOMATOES;SEASHELLS;4998;4
206300;;SUBMISSION;TOMATOES;SEASHELLS;4998;2
206400;SUBMISSION;;TOMATOES;SEASHELLS;4994;3
207200;SUBMISSION;;TOMATOES;SEASHELLS;4993;4
207500;;SUBMISSION;EMERALDS;SEASHELLS;10002;7
210000;SUBMISSION;;EMERALDS;SEASHELLS;9998;6
212200;SUBMISSION;;EMERALDS;SEASHELLS;9998;5
212200;SUBMISSION;;TOMATOES;SEASHELLS;5000;4
213300;SUBMISSION;;TOMATOES;SEASHELLS;4998;2
215500;;SUBMISSION;TOMATOES;SEASHELLS;4998;3
216000;;SUBMISSION;TOMATOES;SEASHELLS;4996;4
218400;;SUBMISSION;EMERALDS;SEASHELLS;10002;3
218700;;SUBMISSION;TOMATOES;SEASHELLS;4994;4
218800;SUBMISSION;;TOMATOES;SEASHELLS;4989;5
218900;SUBMISSION;;TOMATOES;SEASHELLS;4990;2
219300;;SUBMISSION;EMERALDS;SEASHELLS;10002;3
225900;;SUBMISSION;EMERALDS;SEASHELLS;10002;8
226300;;SUBMISSION;TOMATOES;SEASHELLS;4992;5
227300;;SUBMISSION;TOMATOES;SEASHELLS;4994;5
229400;SUBMISSION;;TOMATOES;SEASHELLS;4985;3
231600;SUBMISSION;;TOMATOES;SEASHELLS;4983;3
233200;;SUBMISSION;TOMATOES;SEASHELLS;4985;3
234400;;SUBMISSION;EMERALDS;SEASHELLS;10002;8
236300;;SUBMISSION;EMERALDS;SEASHELLS;10002;3
239100;;SUBMISSION;TOMATOES;SEASHELLS;4986;5
242000;;SUBMISSION;EMERALDS;SEASHELLS;10002;5
243600;SUBMISSION;;EMERALDS;SEASHELLS;9998;4
248700;SUBMISSION;;TOMATOES;SEASHELLS;4986;4
249000;;SUBMISSION;TOMATOES;SEASHELLS;4990;4
249800;;SUBMISSION;TOMATOES;SEASHELLS;4986;2
250200;;SUBMISSION;TOMATOES;SEASHELLS;4986;2
251800;;SUBMISSION;TOMATOES;SEASHELLS;4986;2
252300;SUBMISSION;;TOMATOES;SEASHELLS;4982;4
259000;SUBMISSION;;TOMATOES;SEASHELLS;4986;3
261900;SUBMISSION;;TOMATOES;SEASHELLS;4988;3
262900;;SUBMISSION;EMERALDS;SEASHELLS;10002;8
267600;SUBMISSION;;TOMATOES;SEASHELLS;4983;3
269100;;SUBMISSION;TOMATOES;SEASHELLS;4988;2
269700;;SUBMISSION;TOMATOES;SEASHELLS;4986;4
274300;SUBMISSION;;TOMATOES;SEASHELLS;4985;2
276300;SUBMISSION;;TOMATOES;SEASHELLS;4986;5
278600;SUBMISSION;;TOMATOES;SEASHELLS;4986;4
280400;;SUBMISSION;TOMATOES;SEASHELLS;4984;5
281700;SUBMISSION;;TOMATOES;SEASHELLS;4982;4
282200;;SUBMISSION;TOMATOES;SEASHELLS;4984;4
282500;;SUBMISSION;TOMATOES;SEASHELLS;4988;5
282600;;SUBMISSION;TOMATOES;SEASHELLS;4984;3
285700;SUBMISSION;;EMERALDS;SEASHELLS;9998;6
286800;;SUBMISSION;TOMATOES;SEASHELLS;4984;2
288700;;SUBMISSION;TOMATOES;SEASHELLS;4988;2
290400;;SUBMISSION;TOMATOES;SEASHELLS;4986;3
291700;SUBMISSION;;TOMATOES;SEASHELLS;4983;5
294500;;SUBMISSION;EMERALDS;SEASHELLS;10002;4
296100;SUBMISSION;;TOMATOES;SEASHELLS;4984;5
296700;;SUBMISSION;TOMATOES;SEASHELLS;4990;5
297400;SUBMISSION;;EMERALDS;SEASHELLS;9998;7
298900;SUBMISSION;;EMERALDS;SEASHELLS;9998;7
300000;;SUBMISSION;EMERALDS;SEASHELLS;10002;5
300100;;SUBMISSION;TOMATOES;SEASHELLS;4989;2
301000;;SUBMISSION;TOMATOES;SEASHELLS;4988;4
305700;;SUBMISSION;TOMATOES;SEASHELLS;4985;4
307900;SUBMISSION;;TOMATOES;SEASHELLS;4978;2
308200;SUBMISSION;;TOMATOES;SEASHELLS;4978;3
309300;;SUBMISSION;EMERALDS;SEASHELLS;10002;4
312600;SUBMISSION;;TOMATOES;SEASHELLS;4980;3
314200;;SUBMISSION;TOMATOES;SEASHELLS;4984;3
314400;SUBMISSION;;EMERALDS;SEASHELLS;9998;8
315900;SUBMISSION;;EMERALDS;SEASHELLS;9998;8
316000;SUBMISSION;;TOMATOES;SEASHELLS;4978;3
318400;;SUBMISSION;TOMATOES;SEASHELLS;4986;4
323700;;SUBMISSION;TOMATOES;SEASHELLS;4986;5
325600;SUBMISSION;;TOMATOES;SEASHELLS;4982;2
326400;;SUBMISSION;TOMATOES;SEASHELLS;4988;3
326800;SUBMISSION;;TOMATOES;SEASHELLS;4984;3
326900;;SUBMISSION;TOMATOES;SEASHELLS;4988;2
327400;SUBMISSION;;EMERALDS;SEASHELLS;9998;4
328200;;SUBMISSION;TOMATOES;SEASHELLS;4990;2
328900;SUBMISSION;;TOMATOES;SEASHELLS;4985;5
329400;SUBMISSION;;TOMATOES;SEASHELLS;4984;5
330300;SUBMISSION;;TOMATOES;SEASHELLS;4986;4
331300;;SUBMISSION;TOMATOES;SEASHELLS;4988;5
331400;;SUBMISSION;TOMATOES;SEASHELLS;4988;3
331600;;SUBMISSION;TOMATOES;SEASHELLS;4986;4
333000;SUBMISSION;;TOMATOES;SEASHELLS;4984;2
336100;;SUBMISSION;EMERALDS;SEASHELLS;10002;8
339400;;SUBMISSION;TOMATOES;SEASHELLS;4990;3
343200;SUBMISSION;;TOMATOES;SEASHELLS;4990;4
351500;;SUBMISSION;TOMATOES;SEASHELLS;4995;5
353400;;SUBMISSION;TOMATOES;SEASHELLS;4997;2
353600;;SUBMISSION;TOMATOES;SEASHELLS;4994;2
356500;;SUBMISSION;EMERALDS;SEASHELLS;10002;8
360100;SUBMISSION;;EMERALDS;SEASHELLS;9998;5
360700;;SUBMISSION;TOMATOES;SEASHELLS;5002;4
364000;SUBMISSION;;TOMATOES;SEASHELLS;4995;3
366100;SUBMISSION;;TOMATOES;SEASHELLS;5001;2
366200;;SUBMISSION;TOMATOES;SEASHELLS;5002;4
368200;;SUBMISSION;TOMATOES;SEASHELLS;5000;4
368300;;SUBMISSION;TOMATOES;SEASHELLS;5000;4
368900;SUBMISSION;;TOMATOES;SEASHELLS;4993;4
369300;SUBMISSION;;EMERALDS;SEASHELLS;9998;4
370700;SUBMISSION;;TOMATOES;SEASHELLS;4994;2
374500;;SUBMISSION;TOMATOES;SEASHELLS;4996;2
375500;;SUBMISSION;TOMATOES;SEASHELLS;4998;4
380300;;SUBMISSION;TOMATOES;SEASHELLS;4996;3
383000;;SUBMISSION;TOMATOES;SEASHELLS;4994;4
383600;;SUBMISSION;EMERALDS;SEASHELLS;10002;5
384400;SUBMISSION;;TOMATOES;SEASHELLS;4994;5
385100;;SUBMISSION;EMERALDS;SEASHELLS;10002;5
385300;SUBMISSION;;TOMATOES;SEASHELLS;4996;4
388600;SUBMISSION;;TOMATOES;SEASHELLS;4995;2
388900;;SUBMISSION;TOMATOES;SEASHELLS;4996;3
390000;;SUBMISSION;TOMATOES;SEASHELLS;5000;5
390100;;SUBMISSION;TOMATOES;SEASHELLS;5002;5
390600;;SUBMISSION;TOMATOES;SEASHELLS;5000;4
392300;SUBMISSION;;EMERALDS;SEASHELLS;9998;5
392600;;SUBMISSION;TOMATOES;SEASHELLS;5000;2
396700;SUBMISSION;;EMERALDS;SEASHELLS;9998;4
398600;SUBMISSION;;TOMATOES;SEASHELLS;4991;2
400200;;SUBMISSION;TOMATOES;SEASHELLS;4990;6
401400;;SUBMISSION;TOMATOES;SEASHELLS;4996;3
403300;SUBMISSION;;EMERALDS;SEASHELLS;9998;6
404900;;SUBMISSION;TOMATOES;SEASHELLS;4993;5
405200;SUBMISSION;;TOMATOES;SEASHELLS;4988;5
407000;SUBMISSION;;TOMATOES;SEASHELLS;4988;3
408400;SUBMISSION;;TOMATOES;SEASHELLS;4988;4
408700;SUBMISSION;;TOMATOES;SEASHELLS;4988;3
410300;SUBMISSION;;TOMATOES;SEASHELLS;4986;3
412400;SUBMISSION;;EMERALDS;SEASHELLS;9998;5
413800;SUBMISSION;;TOMATOES;SEASHELLS;4987;5
414500;SUBMISSION;;TOMATOES;SEASHELLS;4986;4
414600;SUBMISSION;;TOMATOES;SEASHELLS;4985;2
415000;;SUBMISSION;TOMATOES;SEASHELLS;4990;3
415300;SUBMISSION;;TOMATOES;SEASHELLS;4986;5
416000;SUBMISSION;;EMERALDS;SEASHELLS;9998;7
416200;SUBMISSION;;TOMATOES;SEASHELLS;4984;4
416500;;SUBMISSION;EMERALDS;SEASHELLS;10002;5
417600;;SUBMISSION;TOMATOES;SEASHELLS;4988;2
417700;;SUBMISSION;TOMATOES;SEASHELLS;4988;2
418000;SUBMISSION;;EMERALDS;SEASHELLS;9998;4
420000;;SUBMISSION;TOMATOES;SEASHELLS;4992;4
421600;;SUBMISSION;TOMATOES;SEASHELLS;4992;5
422000;;SUBMISSION;TOMATOES;SEASHELLS;4993;5
422800;SUBMISSION;;TOMATOES;SEASHELLS;4986;2
424700;;SUBMISSION;EMERALDS;SEASHELLS;10002;6
426700;SUBMISSION;;EMERALDS;SEASHELLS;9998;5
427100;SUBMISSION;;TOMATOES;SEASHELLS;4990;3
431400;SUBMISSION;;TOMATOES;SEASHELLS;4992;5
434400;SUBMISSION;;EMERALDS;SEASHELLS;9998;3
438400;;SUBMISSION;TOMATOES;SEASHELLS;4996;5
439100;;SUBMISSION;EMERALDS;SEASHELLS;10002;5
439400;SUBMISSION;;EMERALDS;SEASHELLS;9998;5
440400;;SUBMISSION;TOMATOES;SEASHELLS;4996;4
443900;;SUBMISSION;TOMATOES;SEASHELLS;4998;4
446900;SUBMISSION;;TOMATOES;SEASHELLS;4998;3
447600;;SUBMISSION;TOMATOES;SEASHELLS;5000;4
450300;;SUBMISSION;EMERALDS;SEASHELLS;10002;6
450700;;SUBMISSION;TOMATOES;SEASHELLS;5002;4
453700;;SUBMISSION;EMERALDS;SEASHELLS;10002;5
453800;SUBMISSION;;EMERALDS;SEASHELLS;9998;5
453900;SUBMISSION;;TOMATOES;SEASHELLS;5002;3
454000;SUBMISSION;;TOMATOES;SEASHELLS;5002;4
455400;;SUBMISSION;EMERALDS;SEASHELLS;10002;6
456500;SUBMISSION;;TOMATOES;SEASHELLS;4999;2
457400;SUBMISSION;;TOMATOES;SEASHELLS;5000;5
457700;;SUBMISSION;TOMATOES;SEASHELLS;5004;4
458200;SUBMISSION;;EMERALDS;SEASHELLS;9998;6
459800;;SUBMISSION;EMERALDS;SEASHELLS;10002;4
460700;SUBMISSION;;EMERALDS;SEASHELLS;9998;7
463900;;SUBMISSION;EMERALDS;SEASHELLS;10002;8
465000;;SUBMISSION;TOMATOES;SEASHELLS;4998;5
467200;SUBMISSION;;EMERALDS;SEASHELLS;9998;6
471900;SUBMISSION;;EMERALDS;SEASHELLS;9998;5
472800;;SUBMISSION;EMERALDS;SEASHELLS;10002;7
479200;;SUBMISSION;EMERALDS;SEASHELLS;10002;3
479600;;SUBMISSION;EMERALDS;SEASHELLS;10002;7
481500;;SUBMISSION;TOMATOES;SEASHELLS;4987;2
483900;;SUBMISSION;EMERALDS;SEASHELLS;10002;6
484200;;SUBMISSION;EMERALDS;SEASHELLS;10002;5
487200;SUBMISSION;;TOMATOES;SEASHELLS;4980;5
490300;SUBMISSION;;TOMATOES;SEASHELLS;4976;4
493100;SUBMISSION;;TOMATOES;SEASHELLS;4974;3
493900;SUBMISSION;;EMERALDS;SEASHELLS;9998;6
495500;SUBMISSION;;TOMATOES;SEASHELLS;4978;5
498300;SUBMISSION;;TOMATOES;SEASHELLS;4976;4
498400;;SUBMISSION;TOMATOES;SEASHELLS;4981;5
500100;SUBMISSION;;TOMATOES;SEASHELLS;4976;3
501700;SUBMISSION;;TOMATOES;SEASHELLS;4974;4
501900;SUBMISSION;;TOMATOES;SEASHELLS;4975;2
506500;;SUBMISSION;EMERALDS;SEASHELLS;10002;6
508700;SUBMISSION;;TOMATOES;SEASHELLS;4974;5
509300;;SUBMISSION;TOMATOES;SEASHELLS;4978;2
509600;SUBMISSION;;EMERALDS;SEASHELLS;9998;3
512300;SUBMISSION;;EMERALDS;SEASHELLS;9998;7
513500;SUBMISSION;;EMERALDS;SEASHELLS;9998;7
516200;SUBMISSION;;TOMATOES;SEASHELLS;4970;4
516500;;SUBMISSION;EMERALDS;SEASHELLS;10002;6
520100;;SUBMISSION;TOMATOES;SEASHELLS;4976;3
520300;SUBMISSION;;TOMATOES;SEASHELLS;4972;2
524900;SUBMISSION;;EMERALDS;SEASHELLS;9998;5
525500;SUBMISSION;;TOMATOES;SEASHELLS;4978;4
526400;;SUBMISSION;TOMATOES;SEASHELLS;4982;2
532400;;SUBMISSION;TOMATOES;SEASHELLS;4982;5
533600;SUBMISSION;;EMERALDS;SEASHELLS;9998;7
534800;SUBMISSION;;TOMATOES;SEASHELLS;4980;5
536100;SUBMISSION;;TOMATOES;SEASHELLS;4980;4
536900;;SUBMISSION;TOMATOES;SEASHELLS;4984;2
537800;SUBMISSION;;TOMATOES;SEASHELLS;4980;5
538500;;SUBMISSION;TOMATOES;SEASHELLS;4987;4
544100;SUBMISSION;;TOMATOES;SEASHELLS;4974;3
546900;SUBMISSION;;TOMATOES;SEASHELLS;4970;2
547600;;SUBMISSION;TOMATOES;SEASHELLS;4973;3
548300;SUBMISSION;;TOMATOES;SEASHELLS;4968;3
551300;SUBMISSION;;TOMATOES;SEASHELLS;4966;5
552000;SUBMISSION;;TOMATOES;SEASHELLS;4968;2
554200;;SUBMISSION;TOMATOES;SEASHELLS;4974;5
555400;;SUBMISSION;EMERALDS;SEASHELLS;10002;4
555500;;SUBMISSION;EMERALDS;SEASHELLS;10002;4
558100;SUBMISSION;;TOMATOES;SEASHELLS;4970;4
559100;;SUBMISSION;TOMATOES;SEASHELLS;4974;2
559200;;SUBMISSION;EMERALDS;SEASHELLS;10002;7
561800;SUBMISSION;;TOMATOES;SEASHELLS;4972;3
562700;SUBMISSION;;TOMATOES;SEASHELLS;4974;4
567700;SUBMISSION;;EMERALDS;SEASHELLS;9998;5
568900;SUBMISSION;;EMERALDS;SEASHELLS;9998;5
572200;;SUBMISSION;EMERALDS;SEASHELLS;10002;4
575500;SUBMISSION;;TOMATOES;SEASHELLS;4970;5
575900;;SUBMISSION;EMERALDS;SEASHELLS;10002;4
575900;SUBMISSION;;TOMATOES;SEASHELLS;4972;5
576200;SUBMISSION;;TOMATOES;SEASHELLS;4971;3
576500;SUBMISSION;;TOMATOES;SEASHELLS;4972;2
577000;SUBMISSION;;EMERALDS;SEASHELLS;9998;3
578200;;SUBMISSION;EMERALDS;SEASHELLS;10002;3
579400;;SUBMISSION;TOMATOES;SEASHELLS;4976;2
579500;SUBMISSION;;EMERALDS;SEASHELLS;9998;5
583400;;SUBMISSION;TOMATOES;SEASHELLS;4975;3
585600;;SUBMISSION;EMERALDS;SEASHELLS;10002;4
586600;SUBMISSION;;TOMATOES;SEASHELLS;4968;5
587300;SUBMISSION;;TOMATOES;SEASHELLS;4966;2
591700;;SUBMISSION;TOMATOES;SEASHELLS;4976;5
593900;SUBMISSION;;TOMATOES;SEASHELLS;4968;3
595100;;SUBMISSION;TOMATOES;SEASHELLS;4972;5
595600;;SUBMISSION;TOMATOES;SEASHELLS;4972;3
597400;;SUBMISSION;EMERALDS;SEASHELLS;10002;8
598500;SUBMISSION;;EMERALDS;SEASHELLS;9998;3
600000;SUBMISSION;;TOMATOES;SEASHELLS;4969;5
601100;;SUBMISSION;TOMATOES;SEASHELLS;4972;3
601500;;SUBMISSION;EMERALDS;SEASHELLS;10002;5
602900;SUBMISSION;;TOMATOES;SEASHELLS;4972;5
604600;;SUBMISSION;TOMATOES;SEASHELLS;4975;4
604800;SUBMISSION;;TOMATOES;SEASHELLS;4970;4
608100;;SUBMISSION;TOMATOES;SEASHELLS;4974;4
609700;SUBMISSION;;EMERALDS;SEASHELLS;9998;6
610700;;SUBMISSION;EMERALDS;SEASHELLS;10002;7
611600;;SUBMISSION;TOMATOES;SEASHELLS;4974;4
613800;SUBMISSION;;TOMATOES;SEASHELLS;4974;2
615400;SUBMISSION;;TOMATOES;SEASHELLS;4970;5
617500;SUBMISSION;;TOMATOES;SEASHELLS;4970;4
618400;SUBMISSION;;TOMATOES;SEASHELLS;4968;3
618900;;SUBMISSION;TOMATOES;SEASHELLS;4974;2
619800;SUBMISSION;;TOMATOES;SEASHELLS;4972;4
620900;SUBMISSION;;TOMATOES;SEASHELLS;4973;2
625500;;SUBMISSION;TOMATOES;SEASHELLS;4975;2
626600;SUBMISSION;;TOMATOES;SEASHELLS;4970;2
627300;;SUBMISSION;TOMATOES;SEASHELLS;4974;2
629300;;SUBMISSION;TOMATOES;SEASHELLS;4974;4
629400;;SUBMISSION;TOMATOES;SEASHELLS;4974;3
629500;;SUBMISSION;EMERALDS;SEASHELLS;10002;8
630500;SUBMISSION;;TOMATOES;SEASHELLS;4972;3
631100;SUBMISSION;;EMERALDS;SEASHELLS;9998;6
631600;SUBMISSION;;EMERALDS;SEASHELLS;9998;4
632500;;SUBMISSION;EMERALDS;SEASHELLS;10002;3
632700;;SUBMISSION;TOMATOES;SEASHELLS;4972;3
635200;SUBMISSION;;TOMATOES;SEASHELLS;4962;5
635600;SUBMISSION;;EMERALDS;SEASHELLS;9998;4
636500;SUBMISSION;;TOMATOES;SEASHELLS;4962;3
642300;SUBMISSION;;EMERALDS;SEASHELLS;9998;3
643700;;SUBMISSION;TOMATOES;SEASHELLS;4964;2
644600;;SUBMISSION;TOMATOES;SEASHELLS;4966;4
646200;;SUBMISSION;EMERALDS;SEASHELLS;10002;8
648600;;SUBMISSION;TOMATOES;SEASHELLS;4968;2
650800;SUBMISSION;;EMERALDS;SEASHELLS;9998;6
653400;;SUBMISSION;TOMATOES;SEASHELLS;4975;3
655000;;SUBMISSION;TOMATOES;SEASHELLS;4970;4
655500;;SUBMISSION;TOMATOES;SEASHELLS;4968;5
657600;SUBMISSION;;TOMATOES;SEASHELLS;4966;5
659700;SUBMISSION;;TOMATOES;SEASHELLS;4964;2
662200;SUBMISSION;;EMERALDS;SEASHELLS;9998;8
662700;;SUBMISSION;EMERALDS;SEASHELLS;10002;6
664100;;SUBMISSION;EMERALDS;SEASHELLS;10002;6
664800;SUBMISSION;;TOMATOES;SEASHELLS;4968;3
665500;;SUBMISSION;TOMATOES;SEASHELLS;4969;3
667000;SUBMISSION;;EMERALDS;SEASHELLS;9998;4
667200;;SUBMISSION;TOMATOES;SEASHELLS;4970;4
669400;;SUBMISSION;TOMATOES;SEASHELLS;4970;2
672000;;SUBMISSION;EMERALDS;SEASHELLS;10002;7
673600;SUBMISSION;;TOMATOES;SEASHELLS;4964;4
674600;SUBMISSION;;EMERALDS;SEASHELLS;9998;5
674700;SUBMISSION;;TOMATOES;SEASHELLS;4964;3
680100;SUBMISSION;;EMERALDS;SEASHELLS;9998;8
681100;SUBMISSION;;EMERALDS;SEASHELLS;9998;8
681400;SUBMISSION;;EMERALDS;SEASHELLS;9998;5
682700;SUBMISSION;;TOMATOES;SEASHELLS;4973;2
686600;SUBMISSION;;TOMATOES;SEASHELLS;4965;4
687200;SUBMISSION;;TOMATOES;SEASHELLS;4963;2
690700;;SUBMISSION;TOMATOES;SEASHELLS;4962;2
690800;SUBMISSION;;EMERALDS;SEASHELLS;9998;3
697100;SUBMISSION;;TOMATOES;SEASHELLS;4960;5
699400;;SUBMISSION;EMERALDS;SEASHELLS;10002;6
705800;;SUBMISSION;EMERALDS;SEASHELLS;10002;3
706000;SUBMISSION;;TOMATOES;SEASHELLS;4954;4
708700;SUBMISSION;;TOMATOES;SEASHELLS;4953;5
709800;SUBMISSION;;TOMATOES;SEASHELLS;4953;3
710900;SUBMISSION;;EMERALDS;SEASHELLS;9998;6
713600;;SUBMISSION;EMERALDS;SEASHELLS;10002;3
714900;;SUBMISSION;TOMATOES;SEASHELLS;4955;5
715500;;SUBMISSION;TOMATOES;SEASHELLS;4956;2
718300;SUBMISSION;;TOMATOES;SEASHELLS;4952;2
718500;SUBMISSION;;TOMATOES;SEASHELLS;4951;3
719500;;SUBMISSION;TOMATOES;SEASHELLS;4954;3
720800;SUBMISSION;;TOMATOES;SEASHELLS;4950;2
721100;SUBMISSION;;TOMATOES;SEASHELLS;4950;3
722000;;SUBMISSION;TOMATOES;SEASHELLS;4954;2
722200;;SUBMISSION;EMERALDS;SEASHELLS;10002;4
722400;;SUBMISSION;TOMATOES;SEASHELLS;4954;4
724900;;SUBMISSION;TOMATOES;SEASHELLS;4954;5
726500;SUBMISSION;;TOMATOES;SEASHELLS;4952;3
727400;;SUBMISSION;EMERALDS;SEASHELLS;10002;5
732600;;SUBMISSION;EMERALDS;SEASHELLS;10002;7
733000;SUBMISSION;;TOMATOES;SEASHELLS;4948;3
733900;SUBMISSION;;TOMATOES;SEASHELLS;4950;5
735900;;SUBMISSION;TOMATOES;SEASHELLS;4956;4
736200;SUBMISSION;;TOMATOES;SEASHELLS;4952;2
738700;;SUBMISSION;EMERALDS;SEASHELLS;10002;5
741500;;SUBMISSION;TOMATOES;SEASHELLS;4964;4
744500;SUBMISSION;;EMERALDS;SEASHELLS;9998;4
747700;SUBMISSION;;TOMATOES;SEASHELLS;4960;3
748500;;SUBMISSION;TOMATOES;SEASHELLS;4962;5
748600;;SUBMISSION;EMERALDS;SEASHELLS;10002;6
750100;;SUBMISSION;TOMATOES;SEASHELLS;4962;3
750500;SUBMISSION;;TOMATOES;SEASHELLS;4958;3
751800;;SUBMISSION;EMERALDS;SEASHELLS;10002;3
751800;;SUBMISSION;TOMATOES;SEASHELLS;4966;4
752200;;SUBMISSION;TOMATOES;SEASHELLS;4966;3
753700;;SUBMISSION;EMERALDS;SEASHELLS;10002;3
756500;;SUBMISSION;EMERALDS;SEASHELLS;10002;5
757300;;SUBMISSION;EMERALDS;SEASHELLS;10002;6
757900;;SUBMISSION;TOMATOES;SEASHELLS;4972;2
758600;SUBMISSION;;TOMATOES;SEASHELLS;4967;2
759900;SUBMISSION;;EMERALDS;SEASHELLS;9998;4
760100;;SUBMISSION;EMERALDS;SEASHELLS;10002;8
762200;SUBMISSION;;TOMATOES;SEASHELLS;4969;5
762400;;SUBMISSION;EMERALDS;SEASHELLS;10002;7
762500;;SUBMISSION;TOMATOES;SEASHELLS;4972;4
764200;;SUBMISSION;EMERALDS;SEASHELLS;10002;8
767200;;SUBMISSION;TOMATOES;SEASHELLS;4964;3
768100;SUBMISSION;;TOMATOES;SEASHELLS;4960;3
768500;;SUBMISSION;TOMATOES;SEASHELLS;4963;2
768800;SUBMISSION;;TOMATOES;SEASHELLS;4958;4
774400;;SUBMISSION;TOMATOES;SEASHELLS;4964;3
778700;;SUBMISSION;TOMATOES;SEASHELLS;4962;2
779100;;SUBMISSION;TOMATOES;SEASHELLS;4960;4
780500;;SUBMISSION;TOMATOES;SEASHELLS;4961;3
781400;SUBMISSION;;EMERALDS;SEASHELLS;9998;6
782800;SUBMISSION;;TOMATOES;SEASHELLS;4958;3
785400;;SUBMISSION;TOMATOES;SEASHELLS;4958;2
785800;SUBMISSION;;EMERALDS;SEASHELLS;9998;6
789300;;SUBMISSION;TOMATOES;SEASHELLS;4962;5
791600;SUBMISSION;;TOMATOES;SEASHELLS;4950;3
792000;SUBMISSION;;TOMATOES;SEASHELLS;4954;3
792200;SUBMISSION;;EMERALDS;SEASHELLS;9998;4
792400;SUBMISSION;;TOMATOES;SEASHELLS;4954;5
792800;;SUBMISSION;TOMATOES;SEASHELLS;4959;3
795800;SUBMISSION;;TOMATOES;SEASHELLS;4956;4
798200;SUBMISSION;;TOMATOES;SEASHELLS;4959;5
800600;;SUBMISSION;EMERALDS;SEASHELLS;10002;5
803500;;SUBMISSION;TOMATOES;SEASHELLS;4962;4
804100;SUBMISSION;;TOMATOES;SEASHELLS;4963;5
805400;SUBMISSION;;TOMATOES;SEASHELLS;4959;5
807500;SUBMISSION;;TOMATOES;SEASHELLS;4962;4
809700;SUBMISSION;;TOMATOES;SEASHELLS;4962;1
809800;;SUBMISSION;TOMATOES;SEASHELLS;4967;3
810900;SUBMISSION;;EMERALDS;SEASHELLS;9998;8
815200;SUBMISSION;;EMERALDS;SEASHELLS;9998;3
816000;;SUBMISSION;TOMATOES;SEASHELLS;4969;2
816300;;SUBMISSION;TOMATOES;SEASHELLS;4970;2
816400;;SUBMISSION;TOMATOES;SEASHELLS;4972;3
816600;;SUBMISSION;TOMATOES;SEASHELLS;4973;2
817300;SUBMISSION;;EMERALDS;SEASHELLS;9998;6
817900;SUBMISSION;;TOMATOES;SEASHELLS;4964;3
818400;SUBMISSION;;TOMATOES;SEASHELLS;4962;2
822000;SUBMISSION;;EMERALDS;SEASHELLS;9998;3
826000;;SUBMISSION;TOMATOES;SEASHELLS;4962;2
827400;;SUBMISSION;TOMATOES;SEASHELLS;4966;2
828100;;SUBMISSION;EMERALDS;SEASHELLS;10002;7
829700;;SUBMISSION;TOMATOES;SEASHELLS;4964;2
830800;SUBMISSION;;TOMATOES;SEASHELLS;4956;2
830900;SUBMISSION;;TOMATOES;SEASHELLS;4956;4
831900;SUBMISSION;;TOMATOES;SEASHELLS;4956;5
832300;;SUBMISSION;EMERALDS;SEASHELLS;10002;3
832400;SUBMISSION;;TOMATOES;SEASHELLS;4954;2
834800;SUBMISSION;;EMERALDS;SEASHELLS;9998;7
840800;;SUBMISSION;TOMATOES;SEASHELLS;4962;2
842700;;SUBMISSION;EMERALDS;SEASHELLS;10002;6
846500;SUBMISSION;;TOMATOES;SEASHELLS;4959;2
848100;;SUBMISSION;EMERALDS;SEASHELLS;10002;8
848400;;SUBMISSION;TOMATOES;SEASHELLS;4962;3
850100;SUBMISSION;;EMERALDS;SEASHELLS;9998;5
854500;;SUBMISSION;TOMATOES;SEASHELLS;4960;3
858300;SUBMISSION;;TOMATOES;SEASHELLS;4956;5
858700;SUBMISSION;;TOMATOES;SEASHELLS;4953;1
861100;;SUBMISSION;TOMATOES;SEASHELLS;4956;2
862500;;SUBMISSION;TOMATOES;SEASHELLS;4958;5
862700;;SUBMISSION;EMERALDS;SEASHELLS;10002;6
863700;SUBMISSION;;EMERALDS;SEASHELLS;9998;6
864500;SUBMISSION;;EMERALDS;SEASHELLS;9998;7
864600;;SUBMISSION;EMERALDS;SEASHELLS;10002;5
865700;;SUBMISSION;TOMATOES;SEASHELLS;4962;5
866200;SUBMISSION;;TOMATOES;SEASHELLS;4958;2
868100;;SUBMISSION;TOMATOES;SEASHELLS;4959;4
869800;SUBMISSION;;TOMATOES;SEASHELLS;4954;3
870700;;SUBMISSION;EMERALDS;SEASHELLS;10002;5
874400;SUBMISSION;;TOMATOES;SEASHELLS;4956;3
875500;SUBMISSION;;TOMATOES;SEASHELLS;4960;5
875800;;SUBMISSION;EMERALDS;SEASHELLS;10002;6
877100;SUBMISSION;;TOMATOES;SEASHELLS;4962;3
881200;SUBMISSION;;EMERALDS;SEASHELLS;9998;8
881400;SUBMISSION;;EMERALDS;SEASHELLS;9998;7
883400;;SUBMISSION;EMERALDS;SEASHELLS;10002;5
885900;SUBMISSION;;EMERALDS;SEASHELLS;9998;4
885900;;SUBMISSION;TOMATOES;SEASHELLS;4972;4
886500;;SUBMISSION;TOMATOES;SEASHELLS;4975;3
886900;SUBMISSION;;TOMATOES;SEASHELLS;4972;4
890500;SUBMISSION;;TOMATOES;SEASHELLS;4974;3
894400;;SUBMISSION;EMERALDS;SEASHELLS;10002;4
900100;;SUBMISSION;TOMATOES;SEASHELLS;4967;4
900200;;SUBMISSION;EMERALDS;SEASHELLS;10002;8
900300;SUBMISSION;;TOMATOES;SEASHELLS;4962;2
900900;SUBMISSION;;TOMATOES;SEASHELLS;4960;2
904500;SUBMISSION;;EMERALDS;SEASHELLS;9998;3
905000;;SUBMISSION;EMERALDS;SEASHELLS;10002;7
905600;;SUBMISSION;EMERALDS;SEASHELLS;10002;5
909100;SUBMISSION;;EMERALDS;SEASHELLS;9998;6
909200;;SUBMISSION;TOMATOES;SEASHELLS;4972;2
909400;SUBMISSION;;EMERALDS;SEASHELLS;9998;4
911100;;SUBMISSION;TOMATOES;SEASHELLS;4972;3
911500;SUBMISSION;;TOMATOES;SEASHELLS;4969;2
912500;;SUBMISSION;TOMATOES;SEASHELLS;4972;4
913800;SUBMISSION;;TOMATOES;SEASHELLS;4966;5
914300;;SUBMISSION;TOMATOES;SEASHELLS;4970;2
915100;SUBMISSION;;EMERALDS;SEASHELLS;9998;3
920000;SUBMISSION;;TOMATOES;SEASHELLS;4962;4
924600;;SUBMISSION;EMERALDS;SEASHELLS;10002;4
925200;;SUBMISSION;TOMATOES;SEASHELLS;4963;3
925500;;SUBMISSION;TOMATOES;SEASHELLS;4962;2
925800;SUBMISSION;;TOMATOES;SEASHELLS;4958;2
926600;;SUBMISSION;TOMATOES;SEASHELLS;4963;3
928700;;SUBMISSION;EMERALDS;SEASHELLS;10002;5
929200;;SUBMISSION;TOMATOES;SEASHELLS;4966;4
931900;;SUBMISSION;EMERALDS;SEASHELLS;10002;3
933700;;SUBMISSION;TOMATOES;SEASHELLS;4962;5
935000;;SUBMISSION;TOMATOES;SEASHELLS;4963;2
938200;;SUBMISSION;TOMATOES;SEASHELLS;4968;5
940100;;SUBMISSION;EMERALDS;SEASHELLS;10002;4
940200;;SUBMISSION;TOMATOES;SEASHELLS;4968;5
940300;SUBMISSION;;TOMATOES;SEASHELLS;4964;2
940900;SUBMISSION;;EMERALDS;SEASHELLS;9998;6
941400;;SUBMISSION;EMERALDS;SEASHELLS;10002;7
948000;SUBMISSION;;TOMATOES;SEASHELLS;4958;3
950400;;SUBMISSION;TOMATOES;SEASHELLS;4962;3
951800;SUBMISSION;;TOMATOES;SEASHELLS;4958;2
952000;SUBMISSION;;EMERALDS;SEASHELLS;9998;6
954400;;SUBMISSION;EMERALDS;SEASHELLS;10002;8
955600;SUBMISSION;;EMERALDS;SEASHELLS;9998;3
957600;SUBMISSION;;TOMATOES;SEASHELLS;4952;5
967400;;SUBMISSION;TOMATOES;SEASHELLS;4960;5
968200;;SUBMISSION;EMERALDS;SEASHELLS;10002;6
969600;;SUBMISSION;EMERALDS;SEASHELLS;10002;6
969700;;SUBMISSION;TOMATOES;SEASHELLS;4960;3
972900;SUBMISSION;;EMERALDS;SEASHELLS;9998;5
973400;;SUBMISSION;EMERALDS;SEASHELLS;10002;8
977900;SUBMISSION;;TOMATOES;SEASHELLS;4957;5
979000;;SUBMISSION;TOMATOES;SEASHELLS;4960;5
979200;;SUBMISSION;EMERALDS;SEASHELLS;10002;6
982500;SUBMISSION;;TOMATOES;SEASHELLS;4955;3
982900;;SUBMISSION;EMERALDS;SEASHELLS;10002;6
983800;;SUBMISSION;EMERALDS;SEASHELLS;10002;3
985100;SUBMISSION;;TOMATOES;SEASHELLS;4951;2
985600;;SUBMISSION;EMERALDS;SEASHELLS;10002;6
993000;;SUBMISSION;TOMATOES;SEASHELLS;4952;2
995600;;SUBMISSION;TOMATOES;SEASHELLS;4954;3
