timestamp;buyer;seller;symbol;currency;price;quantity
900;SUBMISSION;;VELVETFRUIT_EXTRACT;XIREC;5262.0;8
900;;;VELVETFRUIT_EXTRACT;XIREC;5262.0;8
1300;SUBMISSION;;VEV_4000;XIREC;1256.0;3
2700;;;VELVETFRUIT_EXTRACT;XIREC;5269.0;8
2900;;SUBMISSION;VELVETFRUIT_EXTRACT;XIREC;5271.0;8
3400;;SUBMISSION;HYDROGEL_PACK;XIREC;10023.0;11
3400;;SUBMISSION;HYDROGEL_PACK;XIREC;10021.0;25
4800;;SUBMISSION;VELVETFRUIT_EXTRACT;XIREC;5272.0;3
5500;;SUBMISSION;VELVETFRUIT_EXTRACT;XIREC;5273.0;63
5600;;SUBMISSION;VELVETFRUIT_EXTRACT;XIREC;5273.0;34
5700;;;VELVETFRUIT_EXTRACT;XIREC;5273.0;5
9000;;;VEV_4000;XIREC;1278.0;1
9600;SUBMISSION;;VELVETFRUIT_EXTRACT;XIREC;5265.0;20
9700;SUBMISSION;;VELVETFRUIT_EXTRACT;XIREC;5265.0;23
9800;SUBMISSION;;VELVETFRUIT_EXTRACT;XIREC;5265.0;16
9900;SUBMISSION;;VELVETFRUIT_EXTRACT;XIREC;5265.0;60
9900;SUBMISSION;;VELVETFRUIT_EXTRACT;XIREC;5262.0;5
9900;SUBMISSION;;VEV_5100;XIREC;177.0;22
9900;SUBMISSION;;VEV_5200;XIREC;102.0;8
9900;SUBMISSION;;VEV_5200;XIREC;103.0;14
9900;SUBMISSION;;VEV_5300;XIREC;52.0;25
9900;SUBMISSION;;VEV_5400;XIREC;17.0;25
9900;SUBMISSION;;VEV_5500;XIREC;7.0;25
10000;SUBMISSION;;VELVETFRUIT_EXTRACT;XIREC;5265.0;18
10000;SUBMISSION;;VEV_5100;XIREC;177.0;8
10000;SUBMISSION;;VEV_5100;XIREC;178.0;13
10000;SUBMISSION;;VEV_5200;XIREC;103.0;21
10000;SUBMISSION;;VEV_5300;XIREC;52.0;24
10000;SUBMISSION;;VEV_5400;XIREC;17.0;24
10000;SUBMISSION;;VEV_5500;XIREC;7.0;24
10100;SUBMISSION;;VEV_5100;XIREC;178.0;22
10100;SUBMISSION;;VEV_5200;XIREC;103.0;22
10100;SUBMISSION;;VEV_5300;XIREC;52.0;19
10100;SUBMISSION;;VEV_5400;XIREC;17.0;19
10100;SUBMISSION;;VEV_5500;XIREC;7.0;19
10200;SUBMISSION;;VELVETFRUIT_EXTRACT;XIREC;5265.0;58
10200;SUBMISSION;;VEV_5100;XIREC;177.0;27
10200;SUBMISSION;;VEV_5200;XIREC;102.0;11
10200;SUBMISSION;;VEV_5200;XIREC;103.0;16
10200;SUBMISSION;;VEV_5300;XIREC;52.0;25
10200;SUBMISSION;;VEV_5400;XIREC;17.0;25
10200;SUBMISSION;;VEV_5500;XIREC;7.0;25
10200;;;HYDROGEL_PACK;XIREC;10017.0;6
10300;SUBMISSION;;VEV_5100;XIREC;176.0;3
10300;SUBMISSION;;VEV_5200;XIREC;102.0;3
10300;SUBMISSION;;VEV_5300;XIREC;51.0;2
10300;SUBMISSION;;VEV_5400;XIREC;17.0;2
10300;SUBMISSION;;VEV_5500;XIREC;7.0;2
10700;;;VELVETFRUIT_EXTRACT;XIREC;5265.0;4
11200;;SUBMISSION;HYDROGEL_PACK;XIREC;10029.0;4
12100;;;VELVETFRUIT_EXTRACT;XIREC;5268.0;5
12600;;;VELVETFRUIT_EXTRACT;XIREC;5264.0;3
13100;;;VEV_5400;XIREC;16.0;3
13100;;;VEV_5500;XIREC;6.0;3
13100;;;VEV_6000;XIREC;0.0;3
13100;;;VEV_6500;XIREC;0.0;3
13200;;SUBMISSION;VEV_5500;XIREC;6.0;23
13200;SUBMISSION;;VEV_5500;XIREC;7.0;23
13300;;SUBMISSION;VEV_5500;XIREC;6.0;29
13300;SUBMISSION;;VEV_5500;XIREC;7.0;29
13400;;SUBMISSION;VEV_5500;XIREC;6.0;25
13400;SUBMISSION;;VEV_5500;XIREC;7.0;25
13500;;SUBMISSION;VEV_5400;XIREC;16.0;25
13500;SUBMISSION;;VEV_5400;XIREC;17.0;25
13500;;SUBMISSION;VEV_5500;XIREC;6.0;25
13500;SUBMISSION;;VEV_5500;XIREC;7.0;25
13600;;SUBMISSION;VEV_5500;XIREC;6.0;20
13600;SUBMISSION;;VEV_5500;XIREC;7.0;20
13700;;SUBMISSION;VEV_5500;XIREC;6.0;28
13700;SUBMISSION;;VEV_5500;XIREC;7.0;28
13800;;SUBMISSION;VEV_5500;XIREC;6.0;21
13800;SUBMISSION;;VEV_5500;XIREC;7.0;21
13900;;SUBMISSION;VELVETFRUIT_EXTRACT;XIREC;5268.0;4
13900;;SUBMISSION;VEV_5500;XIREC;6.0;26
13900;SUBMISSION;;VEV_5500;XIREC;7.0;26
14000;;SUBMISSION;VEV_5500;XIREC;6.0;22
14000;SUBMISSION;;VEV_5500;XIREC;7.0;22
14100;;SUBMISSION;VEV_5500;XIREC;6.0;23
14100;SUBMISSION;;VEV_5500;XIREC;7.0;23
14200;;SUBMISSION;VEV_5500;XIREC;6.0;24
14200;SUBMISSION;;VEV_5500;XIREC;7.0;24
14300;;SUBMISSION;VEV_5400;XIREC;17.0;6
14300;;SUBMISSION;VEV_5500;XIREC;6.0;18
14300;SUBMISSION;;VEV_5500;XIREC;7.0;18
14400;SUBMISSION;;VEV_5400;XIREC;18.0;6
14400;;SUBMISSION;VEV_5500;XIREC;6.0;23
14400;SUBMISSION;;VEV_5500;XIREC;7.0;23
14500;;SUBMISSION;VEV_5500;XIREC;6.0;24
14500;SUBMISSION;;VEV_5500;XIREC;7.0;24
14600;;SUBMISSION;VEV_5400;XIREC;16.0;19
14600;SUBMISSION;;VEV_5400;XIREC;17.0;19
14600;;SUBMISSION;VEV_5500;XIREC;6.0;19
14600;SUBMISSION;;VEV_5500;XIREC;7.0;19
14700;;SUBMISSION;VEV_5500;XIREC;6.0;22
14700;SUBMISSION;;VEV_5500;XIREC;7.0;22
14800;;SUBMISSION;VEV_5500;XIREC;6.0;21
14800;SUBMISSION;;VEV_5500;XIREC;7.0;21
14900;;SUBMISSION;VEV_5500;XIREC;6.0;27
14900;SUBMISSION;;VEV_5500;XIREC;7.0;27
15000;;SUBMISSION;VEV_5500;XIREC;6.0;26
15000;SUBMISSION;;VEV_5500;XIREC;7.0;26
15100;;SUBMISSION;VEV_5500;XIREC;6.0;26
15100;SUBMISSION;;VEV_5500;XIREC;7.0;26
15500;;SUBMISSION;VEV_5500;XIREC;6.0;23
15500;SUBMISSION;;VEV_5500;XIREC;7.0;23
15600;;SUBMISSION;VEV_5500;XIREC;7.0;6
15700;;SUBMISSION;HYDROGEL_PACK;XIREC;10034.0;2
16300;;SUBMISSION;VELVETFRUIT_EXTRACT;XIREC;5274.0;5
16300;;SUBMISSION;VEV_5400;XIREC;18.0;8
16400;;SUBMISSION;VEV_5400;XIREC;18.0;26
16500;;SUBMISSION;VEV_5400;XIREC;18.0;25
16600;;SUBMISSION;VEV_5400;XIREC;18.0;18
17300;;SUBMISSION;VELVETFRUIT_EXTRACT;XIREC;5273.0;22
17300;;SUBMISSION;VELVETFRUIT_EXTRACT;XIREC;5272.0;30
17400;;SUBMISSION;VELVETFRUIT_EXTRACT;XIREC;5274.0;17
17400;;SUBMISSION;VELVETFRUIT_EXTRACT;XIREC;5273.0;49
17400;;;VELVETFRUIT_EXTRACT;XIREC;5274.0;3
17500;;SUBMISSION;VELVETFRUIT_EXTRACT;XIREC;5274.0;19
17500;;SUBMISSION;VELVETFRUIT_EXTRACT;XIREC;5273.0;40
17600;;SUBMISSION;VELVETFRUIT_EXTRACT;XIREC;5273.0;14
19100;;SUBMISSION;HYDROGEL_PACK;XIREC;10019.0;6
19100;SUBMISSION;;VEV_5400;XIREC;18.0;25
19200;SUBMISSION;;VEV_5400;XIREC;18.0;26
19300;SUBMISSION;;VEV_5400;XIREC;18.0;10
19300;SUBMISSION;;VEV_5400;XIREC;19.0;16
19700;SUBMISSION;;VELVETFRUIT_EXTRACT;XIREC;5266.0;13
19700;;SUBMISSION;VEV_5500;XIREC;6.0;26
19700;SUBMISSION;;VEV_5500;XIREC;7.0;26
19800;;SUBMISSION;VEV_5500;XIREC;6.0;21
19800;SUBMISSION;;VEV_5500;XIREC;7.0;21
20600;;SUBMISSION;VEV_5400;XIREC;17.0;8
20600;SUBMISSION;;VEV_5400;XIREC;18.0;8
20600;;SUBMISSION;VEV_5500;XIREC;6.0;25
20600;SUBMISSION;;VEV_5500;XIREC;7.0;25
20900;;;VEV_5300;XIREC;53.0;5
20900;;;VEV_5400;XIREC;17.0;5
20900;;;VEV_5500;XIREC;7.0;5
20900;;;VEV_6000;XIREC;0.0;5
20900;;;VEV_6500;XIREC;0.0;5
21800;;SUBMISSION;VEV_5400;XIREC;18.0;23
21900;;SUBMISSION;VEV_5400;XIREC;18.0;23
22200;SUBMISSION;;VEV_5400;XIREC;18.0;5
22200;SUBMISSION;;VEV_5400;XIREC;19.0;11
22200;;SUBMISSION;VEV_5500;XIREC;7.0;5
22300;SUBMISSION;;HYDROGEL_PACK;XIREC;10001.0;4
22300;SUBMISSION;;VEV_5400;XIREC;18.0;19
22300;SUBMISSION;;VEV_5500;XIREC;8.0;11
22400;SUBMISSION;;VEV_5400;XIREC;18.0;11
22800;;SUBMISSION;VEV_5500;XIREC;6.0;24
22800;SUBMISSION;;VEV_5500;XIREC;7.0;24
23000;;SUBMISSION;VEV_5500;XIREC;6.0;26
23000;SUBMISSION;;VEV_5500;XIREC;7.0;26
23100;SUBMISSION;;VELVETFRUIT_EXTRACT;XIREC;5265.0;4
23100;;SUBMISSION;VEV_5500;XIREC;6.0;24
23100;SUBMISSION;;VEV_5500;XIREC;7.0;24
23200;SUBMISSION;;HYDROGEL_PACK;XIREC;10003.0;7
23300;SUBMISSION;;HYDROGEL_PACK;XIREC;10008.0;12
23300;;SUBMISSION;VEV_5400;XIREC;16.0;22
23300;SUBMISSION;;VEV_5400;XIREC;17.0;22
23400;SUBMISSION;;VELVETFRUIT_EXTRACT;XIREC;5266.0;58
23400;;SUBMISSION;VEV_5400;XIREC;16.0;20
23400;SUBMISSION;;VEV_5400;XIREC;17.0;20
23500;;SUBMISSION;VEV_5400;XIREC;16.0;21
23500;SUBMISSION;;VEV_5400;XIREC;17.0;21
23500;;;VEV_5400;XIREC;16.0;2
23500;;;VEV_5500;XIREC;6.0;2
23500;;;VEV_6000;XIREC;0.0;2
23500;;;VEV_6500;XIREC;0.0;2
23600;SUBMISSION;;HYDROGEL_PACK;XIREC;10008.0;15
23600;SUBMISSION;;VELVETFRUIT_EXTRACT;XIREC;5265.0;18
23600;SUBMISSION;;VELVETFRUIT_EXTRACT;XIREC;5266.0;31
23600;;SUBMISSION;VEV_5400;XIREC;16.0;8
23600;SUBMISSION;;VEV_5400;XIREC;17.0;8
23700;;SUBMISSION;VEV_5400;XIREC;16.0;18
23700;SUBMISSION;;VEV_5400;XIREC;17.0;18
23800;SUBMISSION;;VELVETFRUIT_EXTRACT;XIREC;5266.0;18
23800;;SUBMISSION;VEV_5400;XIREC;16.0;23
23800;SUBMISSION;;VEV_5400;XIREC;17.0;23
23900;;SUBMISSION;VEV_5400;XIREC;16.0;21
23900;SUBMISSION;;VEV_5400;XIREC;17.0;21
24000;;SUBMISSION;VEV_5400;XIREC;16.0;24
24000;SUBMISSION;;VEV_5400;XIREC;17.0;24
24100;SUBMISSION;;HYDROGEL_PACK;XIREC;10007.0;12
24100;;SUBMISSION;VEV_5400;XIREC;16.0;27
24100;SUBMISSION;;VEV_5400;XIREC;17.0;27
24200;SUBMISSION;;HYDROGEL_PACK;XIREC;10004.0;11
24200;SUBMISSION;;HYDROGEL_PACK;XIREC;10007.0;30
24200;;SUBMISSION;VEV_5400;XIREC;16.0;20
24200;SUBMISSION;;VEV_5400;XIREC;17.0;20
24200;;SUBMISSION;VEV_5500;XIREC;6.0;20
24200;SUBMISSION;;VEV_5500;XIREC;7.0;20
24300;SUBMISSION;;HYDROGEL_PACK;XIREC;10005.0;12
24300;SUBMISSION;;HYDROGEL_PACK;XIREC;10007.0;30
24300;;SUBMISSION;VEV_5400;XIREC;16.0;19
24300;SUBMISSION;;VEV_5400;XIREC;17.0;19
24300;;SUBMISSION;VEV_5500;XIREC;6.0;19
24300;SUBMISSION;;VEV_5500;XIREC;7.0;19
24400;SUBMISSION;;HYDROGEL_PACK;XIREC;9997.0;9
24400;SUBMISSION;;HYDROGEL_PACK;XIREC;10006.0;6
24400;;SUBMISSION;VEV_5500;XIREC;6.0;23
24400;SUBMISSION;;VEV_5500;XIREC;7.0;23
24500;;SUBMISSION;VEV_5500;XIREC;6.0;30
24500;SUBMISSION;;VEV_5500;XIREC;7.0;30
24600;SUBMISSION;;VELVETFRUIT_EXTRACT;XIREC;5265.0;5
24600;;SUBMISSION;VEV_5400;XIREC;16.0;25
24600;SUBMISSION;;VEV_5400;XIREC;17.0;21
24600;;SUBMISSION;VEV_5500;XIREC;6.0;25
24600;SUBMISSION;;VEV_5500;XIREC;7.0;21
24700;SUBMISSION;;VEV_5400;XIREC;18.0;4
24700;;SUBMISSION;VEV_5500;XIREC;6.0;25
24700;SUBMISSION;;VEV_5500;XIREC;7.0;25
24800;;SUBMISSION;VEV_5500;XIREC;6.0;22
24800;SUBMISSION;;VEV_5500;XIREC;7.0;22
24900;;SUBMISSION;VEV_5500;XIREC;6.0;27
24900;SUBMISSION;;VEV_5500;XIREC;7.0;27
25000;;SUBMISSION;VEV_5400;XIREC;16.0;22
25000;SUBMISSION;;VEV_5400;XIREC;17.0;22
25000;;SUBMISSION;VEV_5500;XIREC;6.0;22
25000;SUBMISSION;;VEV_5500;XIREC;7.0;22
25100;;SUBMISSION;VEV_5500;XIREC;6.0;18
25100;SUBMISSION;;VEV_5500;XIREC;7.0;18
25200;;SUBMISSION;VEV_5500;XIREC;6.0;23
25200;SUBMISSION;;VEV_5500;XIREC;7.0;23
25300;;SUBMISSION;VEV_5400;XIREC;16.0;21
25300;SUBMISSION;;VEV_5400;XIREC;17.0;21
25300;;SUBMISSION;VEV_5500;XIREC;6.0;21
25300;SUBMISSION;;VEV_5500;XIREC;7.0;21
25400;;SUBMISSION;VEV_5500;XIREC;6.0;27
25400;SUBMISSION;;VEV_5500;XIREC;7.0;27
25500;SUBMISSION;;VELVETFRUIT_EXTRACT;XIREC;5265.0;6
25500;;SUBMISSION;VEV_5500;XIREC;6.0;22
25500;SUBMISSION;;VEV_5500;XIREC;7.0;22
25600;;SUBMISSION;VEV_5500;XIREC;6.0;16
25600;SUBMISSION;;VEV_5500;XIREC;7.0;16
25700;;SUBMISSION;VEV_5500;XIREC;6.0;28
25700;SUBMISSION;;VEV_5500;XIREC;7.0;28
25800;;SUBMISSION;VEV_5500;XIREC;6.0;18
25800;SUBMISSION;;VEV_5500;XIREC;7.0;18
25900;;SUBMISSION;VEV_5500;XIREC;6.0;21
25900;SUBMISSION;;VEV_5500;XIREC;7.0;21
26000;;SUBMISSION;VEV_5400;XIREC;17.0;6
26000;SUBMISSION;;VEV_5400;XIREC;18.0;6
26000;SUBMISSION;;VEV_5500;XIREC;7.0;4
26100;;SUBMISSION;VEV_5500;XIREC;6.0;26
26100;SUBMISSION;;VEV_5500;XIREC;7.0;26
26200;;SUBMISSION;VEV_5500;XIREC;6.0;22
26200;SUBMISSION;;VEV_5500;XIREC;7.0;22
26300;;SUBMISSION;VEV_5500;XIREC;6.0;15
26300;SUBMISSION;;VEV_5500;XIREC;7.0;15
26400;;SUBMISSION;VEV_5500;XIREC;6.0;24
26400;SUBMISSION;;VEV_5500;XIREC;7.0;24
26500;;SUBMISSION;VELVETFRUIT_EXTRACT;XIREC;5268.0;6
26500;;SUBMISSION;VEV_5500;XIREC;6.0;30
26500;SUBMISSION;;VEV_5500;XIREC;7.0;30
26600;;SUBMISSION;VEV_5500;XIREC;6.0;26
26600;SUBMISSION;;VEV_5500;XIREC;7.0;26
26700;;SUBMISSION;VEV_5500;XIREC;6.0;23
26700;SUBMISSION;;VEV_5500;XIREC;7.0;23
26800;;SUBMISSION;VEV_5500;XIREC;6.0;24
26800;SUBMISSION;;VEV_5500;XIREC;7.0;24
27000;;SUBMISSION;VEV_5500;XIREC;6.0;21
27000;SUBMISSION;;VEV_5500;XIREC;7.0;21
27100;;SUBMISSION;VEV_5500;XIREC;6.0;28
27100;SUBMISSION;;VEV_5500;XIREC;7.0;28
27200;;SUBMISSION;VEV_5400;XIREC;16.0;24
27200;SUBMISSION;;VEV_5400;XIREC;17.0;24
27200;;SUBMISSION;VEV_5500;XIREC;6.0;24
27200;SUBMISSION;;VEV_5500;XIREC;7.0;24
27300;;SUBMISSION;VEV_5400;XIREC;16.0;27
27300;SUBMISSION;;VEV_5400;XIREC;17.0;27
27300;;SUBMISSION;VEV_5500;XIREC;6.0;27
27300;SUBMISSION;;VEV_5500;XIREC;7.0;27
27400;;SUBMISSION;VEV_5400;XIREC;16.0;18
27400;SUBMISSION;;VEV_5400;XIREC;17.0;18
27400;;SUBMISSION;VEV_5500;XIREC;6.0;18
27400;SUBMISSION;;VEV_5500;XIREC;7.0;18
27500;;SUBMISSION;VEV_5400;XIREC;16.0;20
27500;SUBMISSION;;VEV_5400;XIREC;17.0;20
27500;;SUBMISSION;VEV_5500;XIREC;6.0;20
27500;SUBMISSION;;VEV_5500;XIREC;7.0;20
27600;;SUBMISSION;VEV_5500;XIREC;6.0;22
27600;SUBMISSION;;VEV_5500;XIREC;7.0;22
27700;;SUBMISSION;VEV_5500;XIREC;6.0;25
27700;SUBMISSION;;VEV_5500;XIREC;7.0;25
27800;;SUBMISSION;VEV_5400;XIREC;16.0;29
27800;SUBMISSION;;VEV_5400;XIREC;17.0;29
27800;;SUBMISSION;VEV_5500;XIREC;6.0;29
27800;SUBMISSION;;VEV_5500;XIREC;7.0;29
27900;;SUBMISSION;VEV_5400;XIREC;16.0;28
27900;SUBMISSION;;VEV_5400;XIREC;17.0;28
27900;;SUBMISSION;VEV_5500;XIREC;6.0;28
27900;SUBMISSION;;VEV_5500;XIREC;7.0;28
28000;SUBMISSION;;VELVETFRUIT_EXTRACT;XIREC;5265.0;23
28000;;SUBMISSION;VEV_5400;XIREC;16.0;10
28000;SUBMISSION;;VEV_5400;XIREC;17.0;10
28000;;SUBMISSION;VEV_5500;XIREC;6.0;28
28000;SUBMISSION;;VEV_5500;XIREC;7.0;28
28100;;SUBMISSION;VEV_5500;XIREC;6.0;20
28100;SUBMISSION;;VEV_5500;XIREC;7.0;20
28200;;SUBMISSION;VEV_5500;XIREC;6.0;22
28200;SUBMISSION;;VEV_5500;XIREC;7.0;22
28300;;SUBMISSION;VEV_5500;XIREC;6.0;21
28300;SUBMISSION;;VEV_5500;XIREC;7.0;21
28400;;SUBMISSION;VEV_5500;XIREC;6.0;19
28400;SUBMISSION;;VEV_5500;XIREC;7.0;19
28500;;SUBMISSION;VEV_5500;XIREC;6.0;20
28500;SUBMISSION;;VEV_5500;XIREC;7.0;20
28600;;SUBMISSION;VEV_5500;XIREC;6.0;24
28600;SUBMISSION;;VEV_5500;XIREC;7.0;24
28700;;SUBMISSION;VEV_5500;XIREC;6.0;22
28700;SUBMISSION;;VEV_5500;XIREC;7.0;22
28800;;SUBMISSION;VEV_5500;XIREC;6.0;28
28800;SUBMISSION;;VEV_5500;XIREC;7.0;28
28900;;SUBMISSION;VEV_5500;XIREC;6.0;22
28900;SUBMISSION;;VEV_5500;XIREC;7.0;22
29000;;SUBMISSION;VEV_5500;XIREC;6.0;22
29000;SUBMISSION;;VEV_5500;XIREC;7.0;22
29100;;SUBMISSION;VEV_5500;XIREC;6.0;19
29100;SUBMISSION;;VEV_5500;XIREC;7.0;19
29200;;SUBMISSION;VEV_5500;XIREC;6.0;25
29200;SUBMISSION;;VEV_5500;XIREC;7.0;25
29200;;;HYDROGEL_PACK;XIREC;9993.0;4
29300;;SUBMISSION;VEV_5500;XIREC;6.0;22
29300;SUBMISSION;;VEV_5500;XIREC;7.0;22
29400;;SUBMISSION;VEV_5500;XIREC;6.0;20
29400;SUBMISSION;;VEV_5500;XIREC;7.0;20
29500;;SUBMISSION;VEV_5500;XIREC;6.0;15
29500;SUBMISSION;;VEV_5500;XIREC;7.0;15
29500;;;VEV_5400;XIREC;16.0;2
29500;;;VEV_5500;XIREC;6.0;2
29500;;;VEV_6000;XIREC;0.0;2
29500;;;VEV_6500;XIREC;0.0;2
29600;;SUBMISSION;VEV_5400;XIREC;16.0;25
29600;SUBMISSION;;VEV_5400;XIREC;17.0;25
29600;;SUBMISSION;VEV_5500;XIREC;6.0;25
29600;SUBMISSION;;VEV_5500;XIREC;7.0;25
29700;;SUBMISSION;VEV_5400;XIREC;16.0;23
29700;SUBMISSION;;VEV_5400;XIREC;17.0;23
29700;;SUBMISSION;VEV_5500;XIREC;6.0;23
29700;SUBMISSION;;VEV_5500;XIREC;7.0;23
29800;;SUBMISSION;VEV_5400;XIREC;16.0;20
29800;SUBMISSION;;VEV_5400;XIREC;17.0;20
29800;;SUBMISSION;VEV_5500;XIREC;6.0;20
29800;SUBMISSION;;VEV_5500;XIREC;7.0;20
29900;;SUBMISSION;VEV_5500;XIREC;6.0;26
29900;SUBMISSION;;VEV_5500;XIREC;7.0;26
30000;;SUBMISSION;VEV_5400;XIREC;16.0;19
30000;SUBMISSION;;VEV_5400;XIREC;17.0;19
30000;;SUBMISSION;VEV_5500;XIREC;6.0;19
30000;SUBMISSION;;VEV_5500;XIREC;7.0;19
30100;;SUBMISSION;VEV_5400;XIREC;16.0;23
30100;SUBMISSION;;VEV_5400;XIREC;17.0;23
30100;;SUBMISSION;VEV_5500;XIREC;6.0;23
30100;SUBMISSION;;VEV_5500;XIREC;7.0;23
30200;;SUBMISSION;VEV_5400;XIREC;16.0;26
30200;SUBMISSION;;VEV_5400;XIREC;17.0;26
30200;;SUBMISSION;VEV_5500;XIREC;6.0;26
30200;SUBMISSION;;VEV_5500;XIREC;7.0;26
30300;SUBMISSION;;VELVETFRUIT_EXTRACT;XIREC;5265.0;25
30300;;SUBMISSION;VEV_5400;XIREC;16.0;10
30300;SUBMISSION;;VEV_5400;XIREC;17.0;10
30300;;SUBMISSION;VEV_5500;XIREC;6.0;20
30300;SUBMISSION;;VEV_5500;XIREC;7.0;16
30400;SUBMISSION;;VELVETFRUIT_EXTRACT;XIREC;5265.0;5
30400;;SUBMISSION;VEV_5500;XIREC;6.0;20
30400;SUBMISSION;;VEV_5500;XIREC;7.0;20
30500;;SUBMISSION;VEV_5400;XIREC;16.0;20
30500;SUBMISSION;;VEV_5400;XIREC;17.0;20
30500;;SUBMISSION;VEV_5500;XIREC;6.0;20
30500;SUBMISSION;;VEV_5500;XIREC;7.0;20
30600;;SUBMISSION;VEV_5500;XIREC;6.0;26
30600;SUBMISSION;;VEV_5500;XIREC;7.0;26
30700;;SUBMISSION;VEV_5500;XIREC;6.0;18
30700;SUBMISSION;;VEV_5500;XIREC;7.0;18
30800;;SUBMISSION;VEV_5500;XIREC;6.0;20
30800;SUBMISSION;;VEV_5500;XIREC;7.0;20
30900;;SUBMISSION;VEV_5500;XIREC;6.0;17
30900;SUBMISSION;;VEV_5500;XIREC;7.0;17
31000;SUBMISSION;;VEV_5500;XIREC;7.0;4
31100;;SUBMISSION;VEV_5500;XIREC;6.0;22
31100;SUBMISSION;;VEV_5500;XIREC;7.0;22
31300;;SUBMISSION;VEV_5500;XIREC;6.0;21
31300;SUBMISSION;;VEV_5500;XIREC;7.0;21
31400;;SUBMISSION;VEV_5500;XIREC;6.0;22
31400;SUBMISSION;;VEV_5500;XIREC;7.0;22
31500;;SUBMISSION;VEV_5500;XIREC;6.0;18
31500;SUBMISSION;;VEV_5500;XIREC;7.0;18
31600;;SUBMISSION;VEV_5500;XIREC;6.0;16
31600;SUBMISSION;;VEV_5500;XIREC;7.0;16
31700;;SUBMISSION;VEV_5400;XIREC;16.0;10
31700;SUBMISSION;;VEV_5400;XIREC;17.0;10
31700;;SUBMISSION;VEV_5500;XIREC;6.0;27
31700;SUBMISSION;;VEV_5500;XIREC;7.0;27
31800;;SUBMISSION;VEV_5400;XIREC;16.0;7
31800;SUBMISSION;;VEV_5400;XIREC;17.0;7
31800;;SUBMISSION;VEV_5500;XIREC;6.0;23
31800;SUBMISSION;;VEV_5500;XIREC;7.0;23
31900;;SUBMISSION;VEV_5400;XIREC;16.0;29
31900;SUBMISSION;;VEV_5400;XIREC;17.0;29
31900;;SUBMISSION;VEV_5500;XIREC;6.0;29
31900;SUBMISSION;;VEV_5500;XIREC;7.0;29
32000;;SUBMISSION;VEV_5400;XIREC;16.0;26
32000;SUBMISSION;;VEV_5400;XIREC;17.0;26
32000;;SUBMISSION;VEV_5500;XIREC;6.0;26
32000;SUBMISSION;;VEV_5500;XIREC;7.0;26
32100;;SUBMISSION;VEV_5400;XIREC;16.0;23
32100;SUBMISSION;;VEV_5400;XIREC;17.0;23
32100;;SUBMISSION;VEV_5500;XIREC;6.0;23
32100;SUBMISSION;;VEV_5500;XIREC;7.0;23
32200;;SUBMISSION;VEV_5400;XIREC;16.0;25
32200;SUBMISSION;;VEV_5400;XIREC;17.0;25
32200;;SUBMISSION;VEV_5500;XIREC;6.0;25
32200;SUBMISSION;;VEV_5500;XIREC;7.0;25
32300;;SUBMISSION;VEV_5500;XIREC;6.0;24
32300;SUBMISSION;;VEV_5500;XIREC;7.0;24
32400;;SUBMISSION;VEV_5500;XIREC;6.0;22
32400;SUBMISSION;;VEV_5500;XIREC;7.0;22
32500;;SUBMISSION;VEV_5500;XIREC;6.0;16
32500;SUBMISSION;;VEV_5500;XIREC;7.0;16
32500;;;VELVETFRUIT_EXTRACT;XIREC;5266.0;4
32600;;SUBMISSION;VEV_5500;XIREC;6.0;25
32600;SUBMISSION;;VEV_5500;XIREC;7.0;25
32700;;SUBMISSION;VEV_5500;XIREC;6.0;24
32700;SUBMISSION;;VEV_5500;XIREC;7.0;24
32800;;SUBMISSION;VEV_5500;XIREC;6.0;27
32800;SUBMISSION;;VEV_5500;XIREC;7.0;27
32900;;SUBMISSION;VEV_5500;XIREC;6.0;20
32900;SUBMISSION;;VEV_5500;XIREC;7.0;20
33000;;SUBMISSION;VEV_5500;XIREC;6.0;21
33000;SUBMISSION;;VEV_5500;XIREC;7.0;21
33200;;SUBMISSION;VEV_5500;XIREC;6.0;18
33200;SUBMISSION;;VEV_5500;XIREC;7.0;18
33300;;SUBMISSION;VELVETFRUIT_EXTRACT;XIREC;5270.0;7
33300;;SUBMISSION;VEV_5500;XIREC;6.0;20
33300;SUBMISSION;;VEV_5500;XIREC;7.0;20
33600;;SUBMISSION;VEV_5500;XIREC;6.0;29
33600;SUBMISSION;;VEV_5500;XIREC;7.0;29
34100;;SUBMISSION;VEV_4000;XIREC;1277.0;1
34200;;SUBMISSION;VEV_5400;XIREC;18.0;8
34800;;SUBMISSION;VEV_5500;XIREC;6.0;15
34800;SUBMISSION;;VEV_5500;XIREC;7.0;15
34900;;SUBMISSION;VEV_5500;XIREC;6.0;21
34900;SUBMISSION;;VEV_5500;XIREC;7.0;21
35000;SUBMISSION;;VEV_5400;XIREC;18.0;8
35000;;SUBMISSION;VEV_5500;XIREC;6.0;20
35000;SUBMISSION;;VEV_5500;XIREC;7.0;20
35100;;SUBMISSION;VEV_5500;XIREC;6.0;21
35100;SUBMISSION;;VEV_5500;XIREC;7.0;21
35200;;SUBMISSION;VEV_5400;XIREC;17.0;2
35200;;SUBMISSION;VEV_5500;XIREC;6.0;20
35200;SUBMISSION;;VEV_5500;XIREC;7.0;18
35300;SUBMISSION;;VEV_5400;XIREC;18.0;2
35300;;SUBMISSION;VEV_5500;XIREC;6.0;30
35300;SUBMISSION;;VEV_5500;XIREC;7.0;30
35500;SUBMISSION;;VEV_5500;XIREC;7.0;2
35700;;SUBMISSION;VELVETFRUIT_EXTRACT;XIREC;5269.0;3
35700;;SUBMISSION;VEV_5500;XIREC;6.0;26
35700;SUBMISSION;;VEV_5500;XIREC;7.0;26
35800;SUBMISSION;;VELVETFRUIT_EXTRACT;XIREC;5265.0;7
35800;;SUBMISSION;VEV_5500;XIREC;6.0;27
35800;SUBMISSION;;VEV_5500;XIREC;7.0;27
35900;;SUBMISSION;VEV_5500;XIREC;6.0;20
35900;SUBMISSION;;VEV_5500;XIREC;7.0;20
36000;;SUBMISSION;VEV_5500;XIREC;6.0;22
36000;SUBMISSION;;VEV_5500;XIREC;7.0;22
36100;;SUBMISSION;VELVETFRUIT_EXTRACT;XIREC;5270.0;4
36100;;SUBMISSION;VEV_5500;XIREC;6.0;23
36100;SUBMISSION;;VEV_5500;XIREC;7.0;23
36200;;SUBMISSION;VEV_5500;XIREC;6.0;22
36200;SUBMISSION;;VEV_5500;XIREC;7.0;22
36300;;SUBMISSION;VEV_5500;XIREC;6.0;16
36300;SUBMISSION;;VEV_5500;XIREC;7.0;16
36400;;SUBMISSION;VEV_5400;XIREC;17.0;6
36400;;SUBMISSION;VEV_5500;XIREC;6.0;19
36400;SUBMISSION;;VEV_5500;XIREC;7.0;19
36500;;SUBMISSION;VEV_5400;XIREC;17.0;10
36500;;SUBMISSION;VEV_5500;XIREC;6.0;30
36500;SUBMISSION;;VEV_5500;XIREC;7.0;30
36600;;SUBMISSION;VEV_5500;XIREC;6.0;24
36600;SUBMISSION;;VEV_5500;XIREC;7.0;24
36700;SUBMISSION;;VEV_5400;XIREC;18.0;16
36700;;SUBMISSION;VEV_5500;XIREC;6.0;21
36700;SUBMISSION;;VEV_5500;XIREC;7.0;21
36800;;SUBMISSION;VEV_5400;XIREC;16.0;21
36800;SUBMISSION;;VEV_5400;XIREC;17.0;21
36800;;SUBMISSION;VEV_5500;XIREC;6.0;21
36800;SUBMISSION;;VEV_5500;XIREC;7.0;21
36900;;SUBMISSION;VEV_5400;XIREC;16.0;25
36900;SUBMISSION;;VEV_5400;XIREC;17.0;25
36900;;SUBMISSION;VEV_5500;XIREC;6.0;25
36900;SUBMISSION;;VEV_5500;XIREC;7.0;25
37000;;SUBMISSION;VEV_5400;XIREC;16.0;28
37000;SUBMISSION;;VEV_5400;XIREC;17.0;28
37000;;SUBMISSION;VEV_5500;XIREC;6.0;28
37000;SUBMISSION;;VEV_5500;XIREC;7.0;28
37100;;SUBMISSION;VEV_5500;XIREC;6.0;23
37100;SUBMISSION;;VEV_5500;XIREC;7.0;23
37200;;SUBMISSION;VEV_5500;XIREC;6.0;20
37200;SUBMISSION;;VEV_5500;XIREC;7.0;20
37300;;SUBMISSION;VEV_5500;XIREC;6.0;23
37300;SUBMISSION;;VEV_5500;XIREC;7.0;23
37400;;SUBMISSION;VEV_5400;XIREC;16.0;22
37400;SUBMISSION;;VEV_5400;XIREC;17.0;22
37400;;SUBMISSION;VEV_5500;XIREC;6.0;22
37400;SUBMISSION;;VEV_5500;XIREC;7.0;22
37500;;SUBMISSION;VEV_5500;XIREC;6.0;22
37500;SUBMISSION;;VEV_5500;XIREC;7.0;22
37600;;SUBMISSION;VEV_5400;XIREC;16.0;26
37600;SUBMISSION;;VEV_5400;XIREC;17.0;26
37600;;SUBMISSION;VEV_5500;XIREC;6.0;26
37600;SUBMISSION;;VEV_5500;XIREC;7.0;26
37700;;SUBMISSION;VEV_5500;XIREC;6.0;23
37700;SUBMISSION;;VEV_5500;XIREC;7.0;23
37800;;SUBMISSION;VEV_5500;XIREC;6.0;24
37800;SUBMISSION;;VEV_5500;XIREC;7.0;24
37900;;SUBMISSION;VEV_5500;XIREC;6.0;28
37900;SUBMISSION;;VEV_5500;XIREC;7.0;28
38000;;SUBMISSION;VEV_5500;XIREC;6.0;19
38000;SUBMISSION;;VEV_5500;XIREC;7.0;19
38100;;SUBMISSION;VEV_5500;XIREC;6.0;26
38100;SUBMISSION;;VEV_5500;XIREC;7.0;26
38200;;SUBMISSION;VEV_5500;XIREC;6.0;26
38200;SUBMISSION;;VEV_5500;XIREC;7.0;26
38300;;SUBMISSION;VEV_5500;XIREC;6.0;25
38300;SUBMISSION;;VEV_5500;XIREC;7.0;25
38400;SUBMISSION;;VELVETFRUIT_EXTRACT;XIREC;5266.0;7
38400;;SUBMISSION;VEV_5500;XIREC;6.0;23
38400;SUBMISSION;;VEV_5500;XIREC;7.0;23
38400;;;VELVETFRUIT_EXTRACT;XIREC;5265.0;1
38500;;SUBMISSION;VEV_5500;XIREC;6.0;25
38500;SUBMISSION;;VEV_5500;XIREC;7.0;25
38600;;SUBMISSION;VEV_5500;XIREC;6.0;22
38600;SUBMISSION;;VEV_5500;XIREC;7.0;22
38700;;SUBMISSION;VEV_5500;XIREC;6.0;22
38700;SUBMISSION;;VEV_5500;XIREC;7.0;22
38800;;SUBMISSION;VEV_5500;XIREC;6.0;27
38800;SUBMISSION;;VEV_5500;XIREC;7.0;27
38900;;SUBMISSION;VEV_5500;XIREC;6.0;23
38900;SUBMISSION;;VEV_5500;XIREC;7.0;23
39000;;SUBMISSION;VEV_5500;XIREC;6.0;20
39000;SUBMISSION;;VEV_5500;XIREC;7.0;20
39100;;SUBMISSION;VEV_5500;XIREC;6.0;16
39100;SUBMISSION;;VEV_5500;XIREC;7.0;16
39200;;SUBMISSION;VEV_5400;XIREC;16.0;21
39200;SUBMISSION;;VEV_5400;XIREC;17.0;21
39200;;SUBMISSION;VEV_5500;XIREC;6.0;21
39200;SUBMISSION;;VEV_5500;XIREC;7.0;21
39300;;SUBMISSION;VEV_5400;XIREC;16.0;28
39300;SUBMISSION;;VEV_5400;XIREC;17.0;25
39300;;SUBMISSION;VEV_5500;XIREC;6.0;28
39300;SUBMISSION;;VEV_5500;XIREC;7.0;25
39400;;SUBMISSION;VEV_5400;XIREC;16.0;22
39400;SUBMISSION;;VEV_5400;XIREC;17.0;22
39400;;SUBMISSION;VEV_5500;XIREC;6.0;22
39400;SUBMISSION;;VEV_5500;XIREC;7.0;22
39500;SUBMISSION;;VEV_4000;XIREC;1259.0;2
39500;;SUBMISSION;VEV_5400;XIREC;16.0;19
39500;SUBMISSION;;VEV_5400;XIREC;17.0;19
39500;;SUBMISSION;VEV_5500;XIREC;6.0;19
39500;SUBMISSION;;VEV_5500;XIREC;7.0;19
39600;;SUBMISSION;VEV_5400;XIREC;16.0;21
39600;SUBMISSION;;VEV_5400;XIREC;17.0;21
39600;;SUBMISSION;VEV_5500;XIREC;6.0;21
39600;SUBMISSION;;VEV_5500;XIREC;7.0;21
39700;SUBMISSION;;VEV_5400;XIREC;17.0;3
39700;;SUBMISSION;VEV_5500;XIREC;6.0;20
39700;SUBMISSION;;VEV_5500;XIREC;7.0;20
39800;;SUBMISSION;VEV_5500;XIREC;6.0;26
39800;SUBMISSION;;VEV_5500;XIREC;7.0;21
39900;;SUBMISSION;VEV_5500;XIREC;6.0;21
39900;SUBMISSION;;VEV_5500;XIREC;7.0;21
40000;;SUBMISSION;VEV_5500;XIREC;6.0;22
40000;SUBMISSION;;VEV_5500;XIREC;7.0;22
40100;;SUBMISSION;VEV_5500;XIREC;6.0;24
40100;SUBMISSION;;VEV_5500;XIREC;7.0;24
40200;;SUBMISSION;VEV_5500;XIREC;6.0;9
40200;SUBMISSION;;VEV_5500;XIREC;7.0;17
41100;;;HYDROGEL_PACK;XIREC;9998.0;6
41700;;;VELVETFRUIT_EXTRACT;XIREC;5254.0;5
41900;;;VEV_5400;XIREC;13.0;2
41900;;;VEV_5500;XIREC;5.0;2
41900;;;VEV_6000;XIREC;0.0;2
41900;;;VEV_6500;XIREC;0.0;2
42000;;;VELVETFRUIT_EXTRACT;XIREC;5247.0;8
42700;;SUBMISSION;VEV_5400;XIREC;14.0;22
42700;SUBMISSION;;VEV_5400;XIREC;15.0;22
42800;;SUBMISSION;VEV_5400;XIREC;14.0;17
42800;SUBMISSION;;VEV_5400;XIREC;15.0;17
42900;;SUBMISSION;VEV_5400;XIREC;14.0;21
42900;SUBMISSION;;VEV_5400;XIREC;15.0;21
42900;;;VEV_5400;XIREC;14.0;4
42900;;;VEV_5500;XIREC;5.0;4
42900;;;VEV_6000;XIREC;0.0;4
42900;;;VEV_6500;XIREC;0.0;4
43000;;SUBMISSION;VEV_5400;XIREC;14.0;25
43000;SUBMISSION;;VEV_5400;XIREC;15.0;25
43000;;;VELVETFRUIT_EXTRACT;XIREC;5250.0;8
43100;;SUBMISSION;VEV_5400;XIREC;14.0;19
43100;SUBMISSION;;VEV_5400;XIREC;15.0;19
43200;;SUBMISSION;VEV_5400;XIREC;14.0;24
43200;SUBMISSION;;VEV_5400;XIREC;15.0;24
43300;;SUBMISSION;VEV_5400;XIREC;14.0;19
43300;SUBMISSION;;VEV_5400;XIREC;15.0;19
43400;;SUBMISSION;VEV_5400;XIREC;14.0;17
43400;SUBMISSION;;VEV_5400;XIREC;15.0;17
43600;;SUBMISSION;VEV_5400;XIREC;14.0;9
43600;SUBMISSION;;VEV_5400;XIREC;15.0;9
44000;;;HYDROGEL_PACK;XIREC;9978.0;4
44100;;SUBMISSION;VEV_5400;XIREC;14.0;30
44100;SUBMISSION;;VEV_5400;XIREC;15.0;30
44200;;SUBMISSION;VEV_5400;XIREC;14.0;18
44200;SUBMISSION;;VEV_5400;XIREC;15.0;18
44300;;SUBMISSION;VEV_5400;XIREC;14.0;22
44300;SUBMISSION;;VEV_5400;XIREC;15.0;22
44400;;SUBMISSION;VEV_5400;XIREC;14.0;24
44400;SUBMISSION;;VEV_5400;XIREC;15.0;24
44700;;;VELVETFRUIT_EXTRACT;XIREC;5255.0;8
44800;;SUBMISSION;VEV_5400;XIREC;15.0;7
44800;SUBMISSION;;VEV_5400;XIREC;16.0;7
44900;;;VELVETFRUIT_EXTRACT;XIREC;5257.0;14
45100;;SUBMISSION;VEV_5400;XIREC;15.0;1
45100;SUBMISSION;;VEV_5400;XIREC;16.0;1
45100;;;HYDROGEL_PACK;XIREC;9991.0;3
45100;;;VEV_5400;XIREC;15.0;5
45100;;;VEV_5500;XIREC;5.0;5
45100;;;VEV_6000;XIREC;0.0;5
45100;;;VEV_6500;XIREC;0.0;5
45300;;SUBMISSION;VEV_5400;XIREC;14.0;30
45300;SUBMISSION;;VEV_5400;XIREC;15.0;30
45400;;SUBMISSION;VEV_5400;XIREC;14.0;21
45400;SUBMISSION;;VEV_5400;XIREC;15.0;21
45700;;SUBMISSION;VEV_5400;XIREC;14.0;22
45700;SUBMISSION;;VEV_5400;XIREC;15.0;22
46800;;;VELVETFRUIT_EXTRACT;XIREC;5256.0;8
47200;;SUBMISSION;VEV_5500;XIREC;6.0;9
47200;SUBMISSION;;VEV_5500;XIREC;7.0;9
47500;;SUBMISSION;VEV_5500;XIREC;6.0;20
47500;SUBMISSION;;VEV_5500;XIREC;7.0;20
47600;;SUBMISSION;VEV_5500;XIREC;6.0;21
47600;SUBMISSION;;VEV_5500;XIREC;7.0;21
47900;;SUBMISSION;VEV_5400;XIREC;15.0;7
47900;SUBMISSION;;VEV_5400;XIREC;16.0;7
48000;;SUBMISSION;VEV_5500;XIREC;6.0;25
48000;SUBMISSION;;VEV_5500;XIREC;7.0;25
48100;;;VELVETFRUIT_EXTRACT;XIREC;5261.0;7
48200;;SUBMISSION;VEV_5500;XIREC;6.0;26
48200;SUBMISSION;;VEV_5500;XIREC;7.0;26
48300;;SUBMISSION;VEV_5400;XIREC;15.0;5
48300;SUBMISSION;;VEV_5400;XIREC;16.0;5
48400;;;VELVETFRUIT_EXTRACT;XIREC;5258.0;5
48500;;SUBMISSION;VEV_5400;XIREC;15.0;9
48500;SUBMISSION;;VEV_5400;XIREC;16.0;9
48600;;SUBMISSION;VEV_5500;XIREC;6.0;6
48600;SUBMISSION;;VEV_5500;XIREC;7.0;6
48700;;SUBMISSION;VEV_5400;XIREC;15.0;10
48700;SUBMISSION;;VEV_5400;XIREC;16.0;10
49400;;SUBMISSION;VEV_5500;XIREC;6.0;23
49400;SUBMISSION;;VEV_5500;XIREC;7.0;23
49400;;;HYDROGEL_PACK;XIREC;9958.0;4
49800;;;HYDROGEL_PACK;XIREC;9960.0;3
49900;;SUBMISSION;VEV_5500;XIREC;6.0;18
49900;SUBMISSION;;VEV_5500;XIREC;7.0;18
50000;;SUBMISSION;VEV_5500;XIREC;6.0;21
50000;SUBMISSION;;VEV_5500;XIREC;7.0;21
50100;;SUBMISSION;VEV_5500;XIREC;6.0;21
50100;SUBMISSION;;VEV_5500;XIREC;7.0;21
50200;SUBMISSION;;VEV_4000;XIREC;1254.0;3
50200;;SUBMISSION;VEV_5400;XIREC;15.0;6
50200;SUBMISSION;;VEV_5400;XIREC;16.0;6
50200;;SUBMISSION;VEV_5500;XIREC;6.0;6
50200;SUBMISSION;;VEV_5500;XIREC;7.0;6
50400;;SUBMISSION;VEV_5500;XIREC;6.0;28
50400;SUBMISSION;;VEV_5500;XIREC;7.0;28
50500;;SUBMISSION;VEV_5500;XIREC;6.0;19
50500;SUBMISSION;;VEV_5500;XIREC;7.0;19
50600;;SUBMISSION;VEV_5500;XIREC;6.0;19
50600;SUBMISSION;;VEV_5500;XIREC;7.0;19
50700;;SUBMISSION;VEV_5500;XIREC;6.0;20
50700;SUBMISSION;;VEV_5500;XIREC;7.0;20
50800;;SUBMISSION;VEV_5500;XIREC;6.0;17
50800;SUBMISSION;;VEV_5500;XIREC;7.0;17
50900;;SUBMISSION;VEV_5400;XIREC;16.0;21
50900;SUBMISSION;;VEV_5400;XIREC;17.0;21
50900;;SUBMISSION;VEV_5500;XIREC;6.0;21
50900;SUBMISSION;;VEV_5500;XIREC;7.0;21
51000;;SUBMISSION;VEV_5500;XIREC;6.0;23
51000;SUBMISSION;;VEV_5500;XIREC;7.0;23
51100;;SUBMISSION;VEV_5500;XIREC;6.0;20
51100;SUBMISSION;;VEV_5500;XIREC;7.0;20
51200;;SUBMISSION;VEV_5500;XIREC;6.0;24
51200;SUBMISSION;;VEV_5500;XIREC;7.0;24
51300;;SUBMISSION;VEV_5500;XIREC;6.0;22
51300;SUBMISSION;;VEV_5500;XIREC;7.0;22
51400;;SUBMISSION;VEV_5500;XIREC;6.0;28
51400;SUBMISSION;;VEV_5500;XIREC;7.0;28
51500;;SUBMISSION;VEV_5500;XIREC;6.0;24
51500;SUBMISSION;;VEV_5500;XIREC;7.0;24
51600;;SUBMISSION;VEV_5500;XIREC;6.0;19
51600;SUBMISSION;;VEV_5500;XIREC;7.0;19
51700;;SUBMISSION;VEV_5500;XIREC;6.0;20
51700;SUBMISSION;;VEV_5500;XIREC;7.0;20
51800;;SUBMISSION;VEV_5500;XIREC;6.0;19
51800;SUBMISSION;;VEV_5500;XIREC;7.0;19
51900;;SUBMISSION;VEV_5500;XIREC;6.0;19
51900;SUBMISSION;;VEV_5500;XIREC;7.0;19
52000;;SUBMISSION;VEV_5500;XIREC;6.0;23
52000;SUBMISSION;;VEV_5500;XIREC;7.0;23
52100;;SUBMISSION;VEV_5500;XIREC;6.0;26
52100;SUBMISSION;;VEV_5500;XIREC;7.0;26
52200;;SUBMISSION;VEV_5500;XIREC;6.0;23
52200;SUBMISSION;;VEV_5500;XIREC;7.0;23
52300;;SUBMISSION;VEV_5500;XIREC;6.0;25
52300;SUBMISSION;;VEV_5500;XIREC;7.0;25
52400;;SUBMISSION;VEV_5500;XIREC;6.0;20
52400;SUBMISSION;;VEV_5500;XIREC;7.0;20
52500;;SUBMISSION;VEV_5500;XIREC;6.0;21
52500;SUBMISSION;;VEV_5500;XIREC;7.0;21
52600;;SUBMISSION;VEV_5500;XIREC;6.0;21
52600;SUBMISSION;;VEV_5500;XIREC;7.0;21
52600;;;VELVETFRUIT_EXTRACT;XIREC;5263.0;8
52700;;SUBMISSION;VEV_5500;XIREC;6.0;15
52700;SUBMISSION;;VEV_5500;XIREC;7.0;15
52800;;SUBMISSION;VEV_5500;XIREC;6.0;30
52800;SUBMISSION;;VEV_5500;XIREC;7.0;30
52900;;SUBMISSION;VEV_5500;XIREC;6.0;16
52900;SUBMISSION;;VEV_5500;XIREC;7.0;16
52900;;;VEV_5500;XIREC;6.0;5
52900;;;VEV_6000;XIREC;0.0;5
52900;;;VEV_6500;XIREC;0.0;5
53000;;SUBMISSION;VEV_5500;XIREC;6.0;25
53000;SUBMISSION;;VEV_5500;XIREC;7.0;25
53100;;SUBMISSION;VEV_5500;XIREC;6.0;19
53100;SUBMISSION;;VEV_5500;XIREC;7.0;19
53200;;SUBMISSION;VEV_5500;XIREC;6.0;24
53200;SUBMISSION;;VEV_5500;XIREC;7.0;24
53200;;;VELVETFRUIT_EXTRACT;XIREC;5264.0;5
53300;;SUBMISSION;VEV_5500;XIREC;6.0;21
53300;SUBMISSION;;VEV_5500;XIREC;7.0;21
53400;;SUBMISSION;VEV_5500;XIREC;6.0;26
53400;SUBMISSION;;VEV_5500;XIREC;7.0;26
53500;;SUBMISSION;VEV_5500;XIREC;6.0;19
53500;SUBMISSION;;VEV_5500;XIREC;7.0;19
53600;;SUBMISSION;VEV_5500;XIREC;6.0;25
53600;SUBMISSION;;VEV_5500;XIREC;7.0;25
53600;;;VELVETFRUIT_EXTRACT;XIREC;5257.0;5
53700;;SUBMISSION;VEV_5500;XIREC;6.0;20
53700;SUBMISSION;;VEV_5500;XIREC;7.0;20
53800;;SUBMISSION;VEV_5500;XIREC;6.0;15
53800;SUBMISSION;;VEV_5500;XIREC;7.0;15
54000;;SUBMISSION;VEV_5400;XIREC;14.0;21
54000;SUBMISSION;;VEV_5400;XIREC;15.0;21
54200;;SUBMISSION;VEV_5500;XIREC;6.0;19
54200;SUBMISSION;;VEV_5500;XIREC;7.0;19
54300;;SUBMISSION;VEV_5500;XIREC;6.0;23
54300;SUBMISSION;;VEV_5500;XIREC;7.0;23
54400;;SUBMISSION;VEV_5500;XIREC;6.0;17
54400;SUBMISSION;;VEV_5500;XIREC;7.0;17
54500;;SUBMISSION;VEV_5400;XIREC;15.0;10
54500;SUBMISSION;;VEV_5400;XIREC;16.0;10
54500;;SUBMISSION;VEV_5500;XIREC;6.0;30
54500;SUBMISSION;;VEV_5500;XIREC;7.0;30
54600;;SUBMISSION;VEV_5400;XIREC;15.0;6
54600;SUBMISSION;;VEV_5400;XIREC;16.0;6
54600;;SUBMISSION;VEV_5500;XIREC;6.0;22
54600;SUBMISSION;;VEV_5500;XIREC;7.0;22
54900;;SUBMISSION;VEV_5400;XIREC;14.0;19
54900;SUBMISSION;;VEV_5400;XIREC;15.0;19
55000;;SUBMISSION;VEV_5400;XIREC;14.0;25
55000;SUBMISSION;;VEV_5400;XIREC;15.0;25
58300;;;HYDROGEL_PACK;XIREC;9963.0;6
59200;;;VELVETFRUIT_EXTRACT;XIREC;5244.0;8
60700;;;HYDROGEL_PACK;XIREC;9973.0;5
63800;;SUBMISSION;VEV_4000;XIREC;1257.0;3
64300;;;VELVETFRUIT_EXTRACT;XIREC;5249.0;3
67600;;SUBMISSION;VELVETFRUIT_EXTRACT;XIREC;5261.0;4
68200;;SUBMISSION;VEV_5500;XIREC;6.0;18
68300;;SUBMISSION;VEV_5500;XIREC;6.0;25
68400;;SUBMISSION;VEV_5500;XIREC;6.0;10
68500;SUBMISSION;;VEV_5500;XIREC;7.0;20
68600;SUBMISSION;;VELVETFRUIT_EXTRACT;XIREC;5258.0;4
68600;SUBMISSION;;VEV_5500;XIREC;7.0;16
68700;SUBMISSION;;VEV_5500;XIREC;6.0;17
70000;;;VELVETFRUIT_EXTRACT;XIREC;5255.0;6
70400;;;VELVETFRUIT_EXTRACT;XIREC;5260.0;5
70900;;;HYDROGEL_PACK;XIREC;9994.0;2
71500;;;VELVETFRUIT_EXTRACT;XIREC;5251.0;4
71800;;;HYDROGEL_PACK;XIREC;9975.0;5
72700;;;HYDROGEL_PACK;XIREC;9988.0;3
73100;;;VELVETFRUIT_EXTRACT;XIREC;5256.0;7
73200;;;VELVETFRUIT_EXTRACT;XIREC;5254.0;5
75200;;;VEV_5300;XIREC;46.0;4
75200;;;VEV_5400;XIREC;14.0;4
75200;;;VEV_5500;XIREC;5.0;4
75200;;;VEV_6000;XIREC;0.0;4
75200;;;VEV_6500;XIREC;0.0;4
76300;;SUBMISSION;VEV_5400;XIREC;14.0;17
76300;SUBMISSION;;VEV_5400;XIREC;15.0;17
76400;;SUBMISSION;VEV_5400;XIREC;14.0;21
76400;SUBMISSION;;VEV_5400;XIREC;15.0;21
76500;;SUBMISSION;VEV_5400;XIREC;14.0;26
76500;SUBMISSION;;VEV_5400;XIREC;15.0;26
76600;;SUBMISSION;VEV_5400;XIREC;14.0;20
76600;SUBMISSION;;VEV_5400;XIREC;15.0;20
76700;;SUBMISSION;VEV_5400;XIREC;14.0;23
76700;SUBMISSION;;VEV_5400;XIREC;15.0;23
76700;;;VELVETFRUIT_EXTRACT;XIREC;5258.0;4
76800;;SUBMISSION;VEV_5400;XIREC;14.0;23
76800;SUBMISSION;;VEV_5400;XIREC;15.0;23
77800;;SUBMISSION;VEV_5400;XIREC;14.0;20
77800;SUBMISSION;;VEV_5400;XIREC;15.0;20
77900;;SUBMISSION;VEV_5400;XIREC;14.0;17
77900;SUBMISSION;;VEV_5400;XIREC;15.0;17
78000;;SUBMISSION;VEV_5400;XIREC;14.0;6
78000;SUBMISSION;;VEV_5400;XIREC;15.0;6
78100;;SUBMISSION;VEV_5400;XIREC;14.0;20
78100;SUBMISSION;;VEV_5400;XIREC;15.0;20
78200;;SUBMISSION;VEV_5400;XIREC;14.0;18
78200;SUBMISSION;;VEV_5400;XIREC;15.0;18
78300;;SUBMISSION;VEV_5400;XIREC;14.0;24
78300;SUBMISSION;;VEV_5400;XIREC;15.0;24
78400;;SUBMISSION;VEV_5400;XIREC;14.0;23
78400;SUBMISSION;;VEV_5400;XIREC;15.0;23
78500;;SUBMISSION;VEV_5400;XIREC;14.0;25
78500;SUBMISSION;;VEV_5400;XIREC;15.0;25
78700;;SUBMISSION;VEV_5400;XIREC;14.0;7
78700;SUBMISSION;;VEV_5400;XIREC;15.0;7
78700;;;HYDROGEL_PACK;XIREC;9939.0;3
78800;;SUBMISSION;VEV_5400;XIREC;14.0;29
78800;SUBMISSION;;VEV_5400;XIREC;15.0;25
78900;;SUBMISSION;VEV_5400;XIREC;14.0;25
78900;SUBMISSION;;VEV_5400;XIREC;15.0;25
79000;;SUBMISSION;VEV_5400;XIREC;14.0;24
79000;SUBMISSION;;VEV_5400;XIREC;15.0;24
79100;;SUBMISSION;VEV_5400;XIREC;14.0;25
79100;SUBMISSION;;VEV_5400;XIREC;15.0;25
79200;;SUBMISSION;VEV_5400;XIREC;14.0;23
79200;SUBMISSION;;VEV_5400;XIREC;15.0;23
79300;SUBMISSION;;VEV_5400;XIREC;16.0;4
79300;;;VEV_5300;XIREC;47.0;5
79300;;;VEV_5400;XIREC;14.0;5
79300;;;VEV_5500;XIREC;5.0;5
79300;;;VEV_6000;XIREC;0.0;5
79300;;;VEV_6500;XIREC;0.0;5
79700;;SUBMISSION;VEV_5400;XIREC;14.0;26
79700;SUBMISSION;;VEV_5400;XIREC;15.0;26
80000;;SUBMISSION;VEV_5500;XIREC;6.0;23
80100;;SUBMISSION;VEV_5500;XIREC;6.0;24
80200;;SUBMISSION;VEV_5500;XIREC;6.0;20
80800;;SUBMISSION;VEV_4000;XIREC;1269.0;1
81000;;SUBMISSION;VEV_5400;XIREC;16.0;9
81100;;SUBMISSION;VEV_5400;XIREC;16.0;29
81200;;SUBMISSION;VEV_5400;XIREC;16.0;27
81300;;SUBMISSION;VEV_5400;XIREC;16.0;6
82100;;SUBMISSION;VELVETFRUIT_EXTRACT;XIREC;5269.0;5
83000;;SUBMISSION;VELVETFRUIT_EXTRACT;XIREC;5270.0;6
84100;;SUBMISSION;VELVETFRUIT_EXTRACT;XIREC;5271.0;8
84400;;SUBMISSION;VELVETFRUIT_EXTRACT;XIREC;5272.0;5
84700;;SUBMISSION;VELVETFRUIT_EXTRACT;XIREC;5273.0;19
84700;;SUBMISSION;VELVETFRUIT_EXTRACT;XIREC;5272.0;44
84800;;SUBMISSION;VELVETFRUIT_EXTRACT;XIREC;5275.0;5
85500;;SUBMISSION;VELVETFRUIT_EXTRACT;XIREC;5272.0;8
85500;;;HYDROGEL_PACK;XIREC;9954.0;2
86300;;SUBMISSION;VELVETFRUIT_EXTRACT;XIREC;5267.0;21
90100;;;HYDROGEL_PACK;XIREC;9931.0;3
91700;;;HYDROGEL_PACK;XIREC;9929.0;2
91700;;;VELVETFRUIT_EXTRACT;XIREC;5264.0;8
92600;;SUBMISSION;VELVETFRUIT_EXTRACT;XIREC;5270.0;4
94800;SUBMISSION;;VEV_5400;XIREC;17.0;23
94900;;SUBMISSION;VEV_5400;XIREC;16.0;21
95100;;;VELVETFRUIT_EXTRACT;XIREC;5262.0;8
95200;SUBMISSION;;VEV_5400;XIREC;16.0;25
95300;SUBMISSION;;VEV_5400;XIREC;16.0;20
95400;SUBMISSION;;VEV_5400;XIREC;16.0;19
95500;SUBMISSION;;VEV_5400;XIREC;17.0;5
96300;;SUBMISSION;VEV_5400;XIREC;16.0;9
96400;;SUBMISSION;VEV_5400;XIREC;16.0;26
96500;SUBMISSION;;VEV_5400;XIREC;17.0;25
96600;SUBMISSION;;VEV_5400;XIREC;17.0;10
97200;;SUBMISSION;VELVETFRUIT_EXTRACT;XIREC;5264.0;7
97400;SUBMISSION;;VELVETFRUIT_EXTRACT;XIREC;5259.0;5
97600;;;HYDROGEL_PACK;XIREC;9937.0;2
98100;;SUBMISSION;VEV_5400;XIREC;16.0;7
98200;;SUBMISSION;VEV_5400;XIREC;16.0;27
98300;;SUBMISSION;VEV_5400;XIREC;16.0;25
98400;;SUBMISSION;VEV_5400;XIREC;16.0;6
98500;SUBMISSION;;VEV_5400;XIREC;17.0;24
98600;SUBMISSION;;VEV_4000;XIREC;1260.0;1
98600;;SUBMISSION;VEV_5400;XIREC;16.0;26
98800;SUBMISSION;;VEV_5400;XIREC;17.0;24
98900;SUBMISSION;;VEV_5400;XIREC;17.0;22
99000;;SUBMISSION;VEV_5400;XIREC;16.0;24
99100;SUBMISSION;;VEV_5400;XIREC;17.0;26
99200;SUBMISSION;;VEV_5400;XIREC;17.0;16
99300;SUBMISSION;;VELVETFRUIT_EXTRACT;XIREC;5262.0;8
99300;SUBMISSION;;VEV_5400;XIREC;17.0;3
100600;;SUBMISSION;VEV_5400;XIREC;15.0;7
100600;SUBMISSION;;VEV_5400;XIREC;16.0;7
100600;SUBMISSION;;VEV_5500;XIREC;7.0;21
100700;SUBMISSION;;VEV_5500;XIREC;7.0;19
100800;;SUBMISSION;VEV_5300;XIREC;48.0;2
100800;SUBMISSION;;VEV_5300;XIREC;49.0;2
100800;;SUBMISSION;VEV_5500;XIREC;6.0;2
100900;SUBMISSION;;VEV_5500;XIREC;7.0;23
101000;SUBMISSION;;VELVETFRUIT_EXTRACT;XIREC;5260.0;69
101000;SUBMISSION;;VEV_5500;XIREC;6.0;6
101200;SUBMISSION;;VELVETFRUIT_EXTRACT;XIREC;5259.0;11
101200;;SUBMISSION;VEV_5500;XIREC;6.0;25
101300;;SUBMISSION;VEV_5500;XIREC;6.0;23
101400;;SUBMISSION;VEV_5500;XIREC;6.0;19
101800;;;HYDROGEL_PACK;XIREC;9984.0;3
102400;;;HYDROGEL_PACK;XIREC;9984.0;3
102600;;SUBMISSION;VEV_5400;XIREC;16.0;3
102600;;;VEV_5400;XIREC;16.0;2
102600;;;VEV_5500;XIREC;6.0;2
102600;;;VEV_6000;XIREC;0.0;2
102600;;;VEV_6500;XIREC;0.0;2
102700;SUBMISSION;;VEV_5400;XIREC;17.0;3
103200;;SUBMISSION;VEV_5400;XIREC;16.0;28
103300;SUBMISSION;;VEV_4000;XIREC;1259.0;1
103300;SUBMISSION;;VEV_5400;XIREC;17.0;22
103400;;SUBMISSION;VEV_5400;XIREC;16.0;24
103500;;SUBMISSION;VEV_5400;XIREC;16.0;23
103500;;;VELVETFRUIT_EXTRACT;XIREC;5263.0;8
103600;SUBMISSION;;VEV_5400;XIREC;17.0;20
103700;SUBMISSION;;VEV_4000;XIREC;1259.0;3
103700;;SUBMISSION;VEV_5400;XIREC;16.0;5
103800;SUBMISSION;;VEV_5400;XIREC;17.0;25
103900;SUBMISSION;;VEV_5400;XIREC;16.0;13
104000;SUBMISSION;;VELVETFRUIT_EXTRACT;XIREC;5260.0;8
104500;;;HYDROGEL_PACK;XIREC;9984.0;2
105400;SUBMISSION;;VEV_5500;XIREC;7.0;25
105500;SUBMISSION;;VEV_5500;XIREC;7.0;24
105500;;;VEV_5300;XIREC;47.0;5
105500;;;VEV_5500;XIREC;5.0;5
105500;;;VEV_6000;XIREC;0.0;5
105500;;;VEV_6500;XIREC;0.0;5
105600;SUBMISSION;;VEV_5500;XIREC;7.0;18
105800;;SUBMISSION;VEV_5500;XIREC;6.0;8
105900;SUBMISSION;;VEV_5500;XIREC;7.0;8
106000;;SUBMISSION;VEV_5500;XIREC;6.0;17
106100;;SUBMISSION;VEV_5500;XIREC;6.0;26
106200;SUBMISSION;;VEV_5500;XIREC;7.0;24
106300;SUBMISSION;;VEV_5500;XIREC;7.0;19
106300;;;VELVETFRUIT_EXTRACT;XIREC;5262.0;7
106400;;SUBMISSION;VEV_5500;XIREC;6.0;24
106500;;SUBMISSION;VEV_5500;XIREC;6.0;27
106600;SUBMISSION;;VEV_5500;XIREC;7.0;23
106700;;SUBMISSION;VEV_5500;XIREC;6.0;21
106800;;SUBMISSION;VEV_5500;XIREC;6.0;20
107200;SUBMISSION;;VEV_5500;XIREC;7.0;26
107300;SUBMISSION;;VEV_5500;XIREC;7.0;23
107400;;SUBMISSION;VEV_5500;XIREC;6.0;25
107500;;SUBMISSION;VEV_5500;XIREC;6.0;25
108700;SUBMISSION;;VEV_5500;XIREC;7.0;25
108800;;SUBMISSION;VELVETFRUIT_EXTRACT;XIREC;5263.0;3
108800;;SUBMISSION;VEV_5500;XIREC;6.0;24
109100;SUBMISSION;;VEV_4000;XIREC;1259.0;1
109400;;SUBMISSION;VELVETFRUIT_EXTRACT;XIREC;5265.0;6
109600;;;HYDROGEL_PACK;XIREC;9990.0;6
109800;;SUBMISSION;VELVETFRUIT_EXTRACT;XIREC;5266.0;3
110200;SUBMISSION;;VEV_5500;XIREC;7.0;26
110300;SUBMISSION;;VEV_5500;XIREC;7.0;20
110400;SUBMISSION;;VEV_5500;XIREC;7.0;17
110500;SUBMISSION;;VEV_5500;XIREC;7.0;6
110500;;;VELVETFRUIT_EXTRACT;XIREC;5262.0;8
110600;;SUBMISSION;VEV_5500;XIREC;6.0;23
110700;SUBMISSION;;VEV_5500;XIREC;7.0;17
110800;SUBMISSION;;VEV_5500;XIREC;7.0;6
111300;;SUBMISSION;VELVETFRUIT_EXTRACT;XIREC;5262.0;7
111400;;SUBMISSION;VEV_5500;XIREC;6.0;9
111500;;SUBMISSION;VEV_5500;XIREC;6.0;24
111600;SUBMISSION;;VEV_5500;XIREC;7.0;27
111700;;SUBMISSION;VEV_5500;XIREC;6.0;25
111800;;SUBMISSION;VEV_5500;XIREC;6.0;15
111900;SUBMISSION;;VEV_4000;XIREC;1257.0;2
111900;;SUBMISSION;VEV_5500;XIREC;6.0;23
112100;SUBMISSION;;VEV_5500;XIREC;7.0;25
112200;SUBMISSION;;VEV_5500;XIREC;7.0;25
112300;SUBMISSION;;VEV_5500;XIREC;6.0;19
112600;SUBMISSION;;VELVETFRUIT_EXTRACT;XIREC;5257.0;10
112600;SUBMISSION;;VELVETFRUIT_EXTRACT;XIREC;5257.0;10
113300;SUBMISSION;;VELVETFRUIT_EXTRACT;XIREC;5259.0;30
114500;;;HYDROGEL_PACK;XIREC;9994.0;5
114700;;SUBMISSION;VEV_4000;XIREC;1264.0;2
116800;;SUBMISSION;VEV_4000;XIREC;1263.0;2
117400;;SUBMISSION;VEV_5500;XIREC;6.0;23
117500;SUBMISSION;;VEV_5500;XIREC;7.0;20
117600;SUBMISSION;;VEV_5500;XIREC;7.0;3
118100;;;VELVETFRUIT_EXTRACT;XIREC;5260.0;3
122100;;SUBMISSION;VEV_5500;XIREC;6.0;25
122200;SUBMISSION;;VEV_5500;XIREC;7.0;25
122600;;SUBMISSION;VEV_5500;XIREC;6.0;26
122700;;SUBMISSION;VEV_5500;XIREC;6.0;30
122800;;SUBMISSION;VEV_5500;XIREC;6.0;26
122900;;;VELVETFRUIT_EXTRACT;XIREC;5258.0;8
123500;;SUBMISSION;VEV_5300;XIREC;50.0;5
123900;SUBMISSION;;VEV_5300;XIREC;51.0;5
124900;;SUBMISSION;HYDROGEL_PACK;XIREC;10021.0;3
126800;;SUBMISSION;HYDROGEL_PACK;XIREC;10014.0;2
127300;SUBMISSION;;VEV_5500;XIREC;7.0;21
127400;SUBMISSION;;VEV_5500;XIREC;7.0;21
127500;SUBMISSION;;VEV_5500;XIREC;6.0;18
127600;SUBMISSION;;VEV_5500;XIREC;6.0;20
127700;SUBMISSION;;VEV_5500;XIREC;6.0;2
129300;;;VELVETFRUIT_EXTRACT;XIREC;5255.0;8
129300;;;VELVETFRUIT_EXTRACT;XIREC;5255.0;5
129400;;SUBMISSION;HYDROGEL_PACK;XIREC;10008.0;4
129600;;;VELVETFRUIT_EXTRACT;XIREC;5255.0;6
129700;;;VEV_5300;XIREC;46.0;4
129700;;;VEV_5400;XIREC;14.0;4
129700;;;VEV_5500;XIREC;5.0;4
129700;;;VEV_6000;XIREC;0.0;4
129700;;;VEV_6500;XIREC;0.0;4
130100;;;VELVETFRUIT_EXTRACT;XIREC;5256.0;5
130300;;;VELVETFRUIT_EXTRACT;XIREC;5252.0;6
131600;;SUBMISSION;VEV_5400;XIREC;14.0;19
131600;SUBMISSION;;VEV_5400;XIREC;15.0;19
131700;;SUBMISSION;VEV_5400;XIREC;14.0;23
131700;SUBMISSION;;VEV_5400;XIREC;15.0;23
132000;;SUBMISSION;VEV_5400;XIREC;14.0;6
132000;SUBMISSION;;VEV_5400;XIREC;15.0;6
132100;;SUBMISSION;VEV_5400;XIREC;14.0;25
132100;SUBMISSION;;VEV_5400;XIREC;15.0;25
133000;;SUBMISSION;VEV_5400;XIREC;14.0;29
133000;SUBMISSION;;VEV_5400;XIREC;15.0;29
133000;;;VELVETFRUIT_EXTRACT;XIREC;5260.0;7
134300;;;VELVETFRUIT_EXTRACT;XIREC;5255.0;9
134900;;SUBMISSION;VEV_5400;XIREC;14.0;23
134900;SUBMISSION;;VEV_5400;XIREC;15.0;23
135000;;SUBMISSION;VEV_5400;XIREC;14.0;30
135000;SUBMISSION;;VEV_5400;XIREC;15.0;30
135100;;SUBMISSION;VEV_5400;XIREC;14.0;10
135100;SUBMISSION;;VEV_5400;XIREC;15.0;10
135500;;;VELVETFRUIT_EXTRACT;XIREC;5259.0;7
135800;;SUBMISSION;VEV_5400;XIREC;14.0;24
135800;SUBMISSION;;VEV_5400;XIREC;15.0;24
136300;;SUBMISSION;VEV_5400;XIREC;14.0;28
136300;SUBMISSION;;VEV_5400;XIREC;15.0;28
136400;;SUBMISSION;VEV_5400;XIREC;14.0;22
136400;SUBMISSION;;VEV_5400;XIREC;15.0;22
136600;;SUBMISSION;VEV_5400;XIREC;14.0;28
136600;SUBMISSION;;VEV_5400;XIREC;15.0;28
136700;;SUBMISSION;VEV_5400;XIREC;14.0;25
136700;SUBMISSION;;VEV_5400;XIREC;15.0;25
136800;;SUBMISSION;VEV_5400;XIREC;14.0;23
136800;SUBMISSION;;VEV_5400;XIREC;15.0;23
136900;;SUBMISSION;VEV_5400;XIREC;14.0;23
136900;SUBMISSION;;VEV_5400;XIREC;15.0;23
137000;;SUBMISSION;VEV_5400;XIREC;14.0;29
137000;SUBMISSION;;VEV_5400;XIREC;15.0;29
137000;;;HYDROGEL_PACK;XIREC;10007.0;3
137100;;SUBMISSION;VEV_5400;XIREC;14.0;16
137100;SUBMISSION;;VEV_5400;XIREC;15.0;16
137200;;SUBMISSION;VEV_5400;XIREC;14.0;29
137200;SUBMISSION;;VEV_5400;XIREC;15.0;29
137400;;SUBMISSION;VEV_5500;XIREC;6.0;19
137500;SUBMISSION;;VEV_5500;XIREC;7.0;19
137600;;SUBMISSION;VEV_5400;XIREC;14.0;15
137600;SUBMISSION;;VEV_5400;XIREC;15.0;15
137700;;SUBMISSION;VEV_5400;XIREC;14.0;26
137700;SUBMISSION;;VEV_5400;XIREC;15.0;26
137800;;SUBMISSION;VEV_5400;XIREC;14.0;28
137800;SUBMISSION;;VEV_5400;XIREC;15.0;28
137900;;SUBMISSION;VEV_5400;XIREC;14.0;30
137900;SUBMISSION;;VEV_5400;XIREC;15.0;30
138000;;SUBMISSION;VEV_5400;XIREC;14.0;23
138000;SUBMISSION;;VEV_5400;XIREC;15.0;23
138400;;SUBMISSION;VEV_5400;XIREC;14.0;7
138400;SUBMISSION;;VEV_5400;XIREC;15.0;7
138500;;SUBMISSION;VEV_5400;XIREC;14.0;25
138500;SUBMISSION;;VEV_5400;XIREC;15.0;25
138600;;SUBMISSION;VEV_5400;XIREC;14.0;28
138600;SUBMISSION;;VEV_5400;XIREC;15.0;28
138700;;SUBMISSION;VELVETFRUIT_EXTRACT;XIREC;5261.0;3
138700;;SUBMISSION;VEV_5400;XIREC;14.0;20
138700;SUBMISSION;;VEV_5400;XIREC;15.0;20
138800;;SUBMISSION;VEV_5400;XIREC;14.0;26
138800;SUBMISSION;;VEV_5400;XIREC;15.0;26
139300;SUBMISSION;;VELVETFRUIT_EXTRACT;XIREC;5256.0;3
140100;;SUBMISSION;VEV_5400;XIREC;14.0;18
140100;SUBMISSION;;VEV_5400;XIREC;15.0;18
140200;;SUBMISSION;VEV_5400;XIREC;14.0;20
140200;SUBMISSION;;VEV_5400;XIREC;15.0;20
140300;;SUBMISSION;VEV_5400;XIREC;14.0;8
140300;SUBMISSION;;VEV_5400;XIREC;15.0;8
140400;;SUBMISSION;VEV_5400;XIREC;14.0;15
140400;SUBMISSION;;VEV_5400;XIREC;15.0;15
140500;;SUBMISSION;VEV_5400;XIREC;14.0;22
140500;SUBMISSION;;VEV_5400;XIREC;15.0;22
140500;;;VELVETFRUIT_EXTRACT;XIREC;5257.0;6
140600;;SUBMISSION;VEV_5400;XIREC;14.0;16
140600;SUBMISSION;;VEV_5400;XIREC;15.0;16
140700;;SUBMISSION;VEV_5400;XIREC;14.0;28
140700;SUBMISSION;;VEV_5400;XIREC;15.0;28
140800;;SUBMISSION;VEV_5400;XIREC;14.0;27
140800;SUBMISSION;;VEV_5400;XIREC;15.0;27
140900;SUBMISSION;;VEV_4000;XIREC;1251.0;1
141300;;SUBMISSION;VEV_5400;XIREC;14.0;26
141300;SUBMISSION;;VEV_5400;XIREC;15.0;26
141400;;SUBMISSION;VEV_5400;XIREC;14.0;29
141400;SUBMISSION;;VEV_5400;XIREC;15.0;29
141500;;SUBMISSION;VEV_5400;XIREC;14.0;19
141500;SUBMISSION;;VEV_5400;XIREC;15.0;19
141600;;SUBMISSION;VEV_5400;XIREC;14.0;25
141600;SUBMISSION;;VEV_5400;XIREC;15.0;25
141700;;SUBMISSION;HYDROGEL_PACK;XIREC;10021.0;15
141700;;SUBMISSION;HYDROGEL_PACK;XIREC;10018.0;16
141700;;SUBMISSION;VEV_5400;XIREC;14.0;23
141700;SUBMISSION;;VEV_5400;XIREC;15.0;23
141800;;SUBMISSION;VEV_5400;XIREC;14.0;20
141800;SUBMISSION;;VEV_5400;XIREC;15.0;20
141900;;SUBMISSION;VEV_5400;XIREC;14.0;24
141900;SUBMISSION;;VEV_5400;XIREC;15.0;24
142000;;SUBMISSION;VEV_5400;XIREC;14.0;24
142000;SUBMISSION;;VEV_5400;XIREC;15.0;24
142100;;SUBMISSION;VEV_5400;XIREC;14.0;23
142100;SUBMISSION;;VEV_5400;XIREC;15.0;23
142200;;SUBMISSION;VEV_5400;XIREC;14.0;26
142200;SUBMISSION;;VEV_5400;XIREC;15.0;26
142300;;SUBMISSION;VELVETFRUIT_EXTRACT;XIREC;5259.0;6
142500;;SUBMISSION;VEV_5400;XIREC;14.0;23
142500;SUBMISSION;;VEV_5400;XIREC;15.0;23
142600;;SUBMISSION;VEV_5400;XIREC;14.0;28
142600;SUBMISSION;;VEV_5400;XIREC;15.0;28
142700;;SUBMISSION;VEV_5400;XIREC;14.0;22
142700;SUBMISSION;;VEV_5400;XIREC;15.0;22
142900;;SUBMISSION;VEV_5400;XIREC;14.0;8
142900;SUBMISSION;;VEV_5400;XIREC;15.0;8
143000;;SUBMISSION;VEV_5400;XIREC;14.0;18
143000;SUBMISSION;;VEV_5400;XIREC;15.0;18
143100;;SUBMISSION;VELVETFRUIT_EXTRACT;XIREC;5260.0;7
143100;;SUBMISSION;VEV_5400;XIREC;14.0;17
143100;SUBMISSION;;VEV_5400;XIREC;15.0;17
143200;;SUBMISSION;VEV_5400;XIREC;14.0;22
143200;SUBMISSION;;VEV_5400;XIREC;15.0;22
143300;;SUBMISSION;VEV_5400;XIREC;14.0;22
143300;SUBMISSION;;VEV_5400;XIREC;15.0;22
143400;;SUBMISSION;VEV_5400;XIREC;14.0;19
143400;SUBMISSION;;VEV_5400;XIREC;15.0;19
143500;;SUBMISSION;VEV_5500;XIREC;6.0;20
143600;;SUBMISSION;VEV_5500;XIREC;6.0;17
143700;;SUBMISSION;VEV_5500;XIREC;6.0;21
143800;SUBMISSION;;HYDROGEL_PACK;XIREC;9997.0;5
143800;;SUBMISSION;VEV_5300;XIREC;49.0;3
143800;;SUBMISSION;VEV_5400;XIREC;15.0;3
143800;SUBMISSION;;VEV_5400;XIREC;16.0;3
143800;;SUBMISSION;VEV_5500;XIREC;6.0;21
143900;SUBMISSION;;VEV_5300;XIREC;50.0;3
144100;;SUBMISSION;VEV_5400;XIREC;15.0;5
144100;SUBMISSION;;VEV_5400;XIREC;16.0;5
144300;;SUBMISSION;VELVETFRUIT_EXTRACT;XIREC;5265.0;6
144300;;SUBMISSION;VEV_5300;XIREC;49.0;3
144300;;SUBMISSION;VEV_5400;XIREC;15.0;8
144300;SUBMISSION;;VEV_5400;XIREC;16.0;8
144400;SUBMISSION;;VEV_4000;XIREC;1258.0;1
145100;;SUBMISSION;HYDROGEL_PACK;XIREC;10011.0;5
145200;;SUBMISSION;VEV_5400;XIREC;16.0;24
145300;;SUBMISSION;VEV_5400;XIREC;16.0;27
145400;SUBMISSION;;HYDROGEL_PACK;XIREC;9996.0;2
145400;;SUBMISSION;VEV_5400;XIREC;16.0;27
145800;SUBMISSION;;VEV_4000;XIREC;1262.0;1
146200;SUBMISSION;;VEV_5400;XIREC;16.0;9
146200;SUBMISSION;;VEV_5400;XIREC;17.0;12
146300;SUBMISSION;;VEV_5400;XIREC;16.0;22
146400;SUBMISSION;;VEV_5400;XIREC;16.0;16
146500;SUBMISSION;;VEV_5400;XIREC;16.0;19
146600;SUBMISSION;;VEV_5300;XIREC;50.0;3
147000;;SUBMISSION;VEV_5400;XIREC;15.0;10
147000;SUBMISSION;;VEV_5400;XIREC;16.0;10
147200;;;VELVETFRUIT_EXTRACT;XIREC;5259.0;8
149600;;SUBMISSION;VEV_5400;XIREC;16.0;21
149700;;SUBMISSION;VEV_5400;XIREC;16.0;24
149900;;SUBMISSION;VEV_5400;XIREC;16.0;29
149900;;;HYDROGEL_PACK;XIREC;10007.0;3
150400;;SUBMISSION;VEV_4000;XIREC;1273.0;1
150600;;SUBMISSION;HYDROGEL_PACK;XIREC;10027.0;4
151400;;;HYDROGEL_PACK;XIREC;10014.0;3
151600;;;HYDROGEL_PACK;XIREC;10014.0;6
152700;;SUBMISSION;VELVETFRUIT_EXTRACT;XIREC;5272.0;59
153100;;SUBMISSION;VEV_4000;XIREC;1279.0;3
153200;;;HYDROGEL_PACK;XIREC;10008.0;5
154300;;SUBMISSION;VELVETFRUIT_EXTRACT;XIREC;5274.0;6
155100;;SUBMISSION;VELVETFRUIT_EXTRACT;XIREC;5276.0;8
155200;;SUBMISSION;VELVETFRUIT_EXTRACT;XIREC;5273.0;20
155200;;SUBMISSION;VELVETFRUIT_EXTRACT;XIREC;5272.0;44
155300;;SUBMISSION;VELVETFRUIT_EXTRACT;XIREC;5276.0;3
155700;;SUBMISSION;VELVETFRUIT_EXTRACT;XIREC;5276.0;4
155800;;SUBMISSION;VELVETFRUIT_EXTRACT;XIREC;5274.0;18
155800;;SUBMISSION;VELVETFRUIT_EXTRACT;XIREC;5273.0;19
155800;;;VELVETFRUIT_EXTRACT;XIREC;5274.0;7
155900;;SUBMISSION;VEV_4000;XIREC;1280.0;2
156200;;;VELVETFRUIT_EXTRACT;XIREC;5275.0;14
157000;;SUBMISSION;HYDROGEL_PACK;XIREC;10023.0;4
157400;;;VELVETFRUIT_EXTRACT;XIREC;5272.0;13
160500;;SUBMISSION;HYDROGEL_PACK;XIREC;10022.0;14
160500;;SUBMISSION;HYDROGEL_PACK;XIREC;10020.0;24
161100;;SUBMISSION;HYDROGEL_PACK;XIREC;10027.0;4
164100;;;VELVETFRUIT_EXTRACT;XIREC;5282.0;5
164200;;;VELVETFRUIT_EXTRACT;XIREC;5278.0;7
164500;;SUBMISSION;HYDROGEL_PACK;XIREC;10023.0;14
164500;;SUBMISSION;HYDROGEL_PACK;XIREC;10020.0;20
164600;;SUBMISSION;HYDROGEL_PACK;XIREC;10023.0;10
164600;;SUBMISSION;HYDROGEL_PACK;XIREC;10021.0;25
164600;;;HYDROGEL_PACK;XIREC;10023.0;6
164700;;SUBMISSION;HYDROGEL_PACK;XIREC;10023.0;7
165500;;SUBMISSION;HYDROGEL_PACK;XIREC;10029.0;4
165500;;SUBMISSION;HYDROGEL_PACK;XIREC;10021.0;10
165500;;SUBMISSION;HYDROGEL_PACK;XIREC;10019.0;22
165700;;;VELVETFRUIT_EXTRACT;XIREC;5273.0;10
166700;;SUBMISSION;VEV_4000;XIREC;1278.0;3
169000;SUBMISSION;;VEV_5400;XIREC;16.0;3
169000;SUBMISSION;;VEV_5500;XIREC;6.0;3
169000;;;HYDROGEL_PACK;XIREC;10028.0;2
169000;;;VEV_5300;XIREC;52.0;3
169000;;;VEV_6000;XIREC;0.0;3
169000;;;VEV_6500;XIREC;0.0;3
169200;SUBMISSION;;VEV_4000;XIREC;1266.0;3
169200;;;HYDROGEL_PACK;XIREC;10025.0;5
169900;;;VELVETFRUIT_EXTRACT;XIREC;5267.0;3
170100;;;HYDROGEL_PACK;XIREC;10020.0;4
170500;;;VELVETFRUIT_EXTRACT;XIREC;5272.0;7
171500;;;VELVETFRUIT_EXTRACT;XIREC;5271.0;7
171800;;;VEV_5400;XIREC;17.0;5
171800;;;VEV_5500;XIREC;7.0;5
171800;;;VEV_6000;XIREC;0.0;5
171800;;;VEV_6500;XIREC;0.0;5
172600;;;VELVETFRUIT_EXTRACT;XIREC;5276.0;8
174000;;;VELVETFRUIT_EXTRACT;XIREC;5278.0;6
175000;;;VELVETFRUIT_EXTRACT;XIREC;5279.0;4
177100;;;HYDROGEL_PACK;XIREC;10011.0;3
178100;;;HYDROGEL_PACK;XIREC;10007.0;3
178200;;;VELVETFRUIT_EXTRACT;XIREC;5272.0;3
179100;;;VELVETFRUIT_EXTRACT;XIREC;5275.0;8
181500;SUBMISSION;;VEV_5400;XIREC;16.0;24
181600;SUBMISSION;;HYDROGEL_PACK;XIREC;9997.0;5
182700;SUBMISSION;;VEV_5400;XIREC;16.0;18
182800;SUBMISSION;;VEV_5400;XIREC;16.0;29
183900;SUBMISSION;;VELVETFRUIT_EXTRACT;XIREC;5263.0;9
184200;SUBMISSION;;VELVETFRUIT_EXTRACT;XIREC;5264.0;23
184400;SUBMISSION;;VELVETFRUIT_EXTRACT;XIREC;5264.0;52
184500;SUBMISSION;;VELVETFRUIT_EXTRACT;XIREC;5264.0;54
184600;SUBMISSION;;VELVETFRUIT_EXTRACT;XIREC;5264.0;54
184700;SUBMISSION;;VELVETFRUIT_EXTRACT;XIREC;5264.0;8
185500;;;VELVETFRUIT_EXTRACT;XIREC;5262.0;5
186600;SUBMISSION;;VEV_5500;XIREC;7.0;21
186700;SUBMISSION;;VEV_5500;XIREC;6.0;9
186700;SUBMISSION;;VEV_5500;XIREC;7.0;12
186800;SUBMISSION;;VEV_5500;XIREC;6.0;21
186900;SUBMISSION;;VEV_5500;XIREC;7.0;13
188200;;;VELVETFRUIT_EXTRACT;XIREC;5255.0;3
188500;SUBMISSION;;HYDROGEL_PACK;XIREC;9999.0;14
188600;SUBMISSION;;HYDROGEL_PACK;XIREC;9994.0;14
188600;SUBMISSION;;HYDROGEL_PACK;XIREC;9997.0;24
188700;SUBMISSION;;HYDROGEL_PACK;XIREC;9992.0;14
188700;SUBMISSION;;HYDROGEL_PACK;XIREC;9995.0;21
188800;SUBMISSION;;HYDROGEL_PACK;XIREC;9990.0;11
188800;SUBMISSION;;HYDROGEL_PACK;XIREC;9992.0;23
188900;SUBMISSION;;HYDROGEL_PACK;XIREC;9988.0;10
188900;SUBMISSION;;HYDROGEL_PACK;XIREC;9991.0;20
189000;SUBMISSION;;HYDROGEL_PACK;XIREC;9990.0;10
189000;SUBMISSION;;HYDROGEL_PACK;XIREC;9993.0;26
189100;SUBMISSION;;HYDROGEL_PACK;XIREC;9989.0;8
189100;;;VEV_5300;XIREC;47.0;4
189100;;;VEV_5400;XIREC;14.0;4
189100;;;VEV_5500;XIREC;6.0;4
189100;;;VEV_6000;XIREC;0.0;4
189100;;;VEV_6500;XIREC;0.0;4
189700;;;VELVETFRUIT_EXTRACT;XIREC;5257.0;6
190200;;SUBMISSION;VEV_5500;XIREC;6.0;17
190300;;SUBMISSION;VEV_5400;XIREC;14.0;22
190300;SUBMISSION;;VEV_5400;XIREC;15.0;22
190300;;SUBMISSION;VEV_5500;XIREC;6.0;22
190400;;SUBMISSION;VEV_5400;XIREC;14.0;20
190400;SUBMISSION;;VEV_5400;XIREC;15.0;20
190400;SUBMISSION;;VEV_5500;XIREC;7.0;20
190500;;SUBMISSION;VEV_5400;XIREC;14.0;23
190500;SUBMISSION;;VEV_5400;XIREC;15.0;23
190500;;SUBMISSION;VEV_5500;XIREC;6.0;23
190600;;SUBMISSION;VEV_5400;XIREC;14.0;19
190600;SUBMISSION;;VEV_5400;XIREC;15.0;19
190600;;SUBMISSION;VEV_5500;XIREC;6.0;19
190700;;SUBMISSION;VEV_5400;XIREC;14.0;29
190700;SUBMISSION;;VEV_5400;XIREC;15.0;29
190700;;SUBMISSION;VEV_5500;XIREC;6.0;29
190800;;SUBMISSION;VEV_5400;XIREC;14.0;26
190800;SUBMISSION;;VEV_5400;XIREC;15.0;26
190900;;SUBMISSION;VEV_4000;XIREC;1265.0;1
191600;;SUBMISSION;VEV_5400;XIREC;14.0;25
191600;SUBMISSION;;VEV_5400;XIREC;15.0;25
191700;;SUBMISSION;VEV_5400;XIREC;14.0;26
191700;SUBMISSION;;VEV_5400;XIREC;15.0;26
192000;;SUBMISSION;VEV_5400;XIREC;14.0;25
192000;SUBMISSION;;VEV_5400;XIREC;15.0;25
192700;SUBMISSION;;VEV_4000;XIREC;1258.0;2
193400;;;HYDROGEL_PACK;XIREC;9993.0;4
194700;;;VELVETFRUIT_EXTRACT;XIREC;5262.0;10
194900;;;VELVETFRUIT_EXTRACT;XIREC;5257.0;6
195100;;SUBMISSION;VEV_5400;XIREC;14.0;22
195100;SUBMISSION;;VEV_5400;XIREC;15.0;22
195200;;SUBMISSION;VEV_4000;XIREC;1265.0;2
195500;;SUBMISSION;VEV_5400;XIREC;15.0;9
195500;SUBMISSION;;VEV_5400;XIREC;16.0;9
195500;;;VELVETFRUIT_EXTRACT;XIREC;5264.0;6
195600;;;HYDROGEL_PACK;XIREC;9972.0;5
196700;;;VELVETFRUIT_EXTRACT;XIREC;5261.0;6
196800;SUBMISSION;;VEV_4000;XIREC;1258.0;2
197000;;SUBMISSION;VEV_5400;XIREC;15.0;7
197000;SUBMISSION;;VEV_5400;XIREC;16.0;7
199400;;;VELVETFRUIT_EXTRACT;XIREC;5262.0;8
200400;SUBMISSION;;VEV_4000;XIREC;1257.0;1
201300;;;VELVETFRUIT_EXTRACT;XIREC;5259.0;6
201500;SUBMISSION;;VEV_4000;XIREC;1253.0;1
201700;;SUBMISSION;VEV_5400;XIREC;14.0;23
201700;SUBMISSION;;VEV_5400;XIREC;15.0;23
201700;SUBMISSION;;VEV_5500;XIREC;7.0;23
201800;;SUBMISSION;VEV_5400;XIREC;14.0;17
201800;SUBMISSION;;VEV_5400;XIREC;15.0;17
201800;SUBMISSION;;VEV_5500;XIREC;7.0;17
201900;;SUBMISSION;VEV_5400;XIREC;14.0;19
201900;SUBMISSION;;VEV_5400;XIREC;15.0;19
201900;SUBMISSION;;VEV_5500;XIREC;6.0;19
202000;;SUBMISSION;VEV_5400;XIREC;14.0;22
202000;SUBMISSION;;VEV_5400;XIREC;15.0;22
202000;SUBMISSION;;VEV_5500;XIREC;7.0;22
202100;SUBMISSION;;VEV_5500;XIREC;7.0;9
202200;;SUBMISSION;VEV_5500;XIREC;6.0;8
202300;SUBMISSION;;VEV_4000;XIREC;1254.0;1
202300;;SUBMISSION;VEV_5500;XIREC;6.0;17
202400;;SUBMISSION;VEV_5500;XIREC;6.0;30
202500;;SUBMISSION;VEV_5400;XIREC;15.0;9
202500;SUBMISSION;;VEV_5400;XIREC;16.0;9
202500;;SUBMISSION;VEV_5500;XIREC;6.0;25
203500;;;VELVETFRUIT_EXTRACT;XIREC;5263.0;4
204300;;SUBMISSION;VEV_5400;XIREC;14.0;21
204300;SUBMISSION;;VEV_5400;XIREC;15.0;21
204300;SUBMISSION;;VEV_5500;XIREC;7.0;21
204400;;SUBMISSION;VEV_5500;XIREC;6.0;13
204400;;;VEV_5300;XIREC;47.0;5
204400;;;VEV_5400;XIREC;14.0;5
204400;;;VEV_5500;XIREC;6.0;5
204400;;;VEV_6000;XIREC;0.0;5
204400;;;VEV_6500;XIREC;0.0;5
204600;;SUBMISSION;VEV_5400;XIREC;15.0;5
204600;SUBMISSION;;VEV_5400;XIREC;16.0;5
205000;;;VELVETFRUIT_EXTRACT;XIREC;5263.0;5
206000;;SUBMISSION;VELVETFRUIT_EXTRACT;XIREC;5267.0;6
206200;;;HYDROGEL_PACK;XIREC;9992.0;3
206400;;SUBMISSION;VEV_5400;XIREC;16.0;10
206500;;SUBMISSION;VEV_5400;XIREC;16.0;25
206600;;SUBMISSION;VEV_5400;XIREC;16.0;27
206600;;;HYDROGEL_PACK;XIREC;9976.0;3
206700;;SUBMISSION;VEV_5400;XIREC;16.0;23
206700;;;HYDROGEL_PACK;XIREC;9981.0;5
207000;;SUBMISSION;VELVETFRUIT_EXTRACT;XIREC;5267.0;15
209400;;;VELVETFRUIT_EXTRACT;XIREC;5265.0;4
210200;SUBMISSION;;VEV_5400;XIREC;16.0;27
210300;SUBMISSION;;VEV_5400;XIREC;16.0;23
210400;SUBMISSION;;VEV_5400;XIREC;16.0;30
210500;SUBMISSION;;VEV_5400;XIREC;16.0;5
211100;;SUBMISSION;VEV_5400;XIREC;16.0;18
211200;;SUBMISSION;VEV_5400;XIREC;16.0;28
211300;;SUBMISSION;VEV_5400;XIREC;16.0;20
211400;;;VELVETFRUIT_EXTRACT;XIREC;5264.0;7
212100;;SUBMISSION;VELVETFRUIT_EXTRACT;XIREC;5270.0;4
212100;SUBMISSION;;VEV_4000;XIREC;1262.0;2
212200;;SUBMISSION;VELVETFRUIT_EXTRACT;XIREC;5266.0;5
212900;;;VELVETFRUIT_EXTRACT;XIREC;5266.0;5
215800;SUBMISSION;;VEV_5400;XIREC;16.0;7
215800;SUBMISSION;;VEV_5400;XIREC;17.0;11
215900;;SUBMISSION;VEV_5400;XIREC;16.0;6
216000;;SUBMISSION;VEV_5400;XIREC;16.0;22
217100;SUBMISSION;;VEV_5400;XIREC;16.0;25
217200;SUBMISSION;;VELVETFRUIT_EXTRACT;XIREC;5263.0;4
217400;SUBMISSION;;VEV_5400;XIREC;16.0;23
217500;SUBMISSION;;VEV_5400;XIREC;16.0;21
217600;SUBMISSION;;VEV_5400;XIREC;16.0;7
217800;SUBMISSION;;VELVETFRUIT_EXTRACT;XIREC;5261.0;6
219200;;;HYDROGEL_PACK;XIREC;9954.0;4
219900;;SUBMISSION;VEV_5400;XIREC;16.0;24
220600;SUBMISSION;;VELVETFRUIT_EXTRACT;XIREC;5261.0;4
220600;SUBMISSION;;VEV_5400;XIREC;16.0;24
220800;;SUBMISSION;VELVETFRUIT_EXTRACT;XIREC;5265.0;6
221200;;;HYDROGEL_PACK;XIREC;9963.0;6
221300;SUBMISSION;;VELVETFRUIT_EXTRACT;XIREC;5258.0;9
221300;SUBMISSION;;VELVETFRUIT_EXTRACT;XIREC;5262.0;13
221400;;SUBMISSION;VEV_5400;XIREC;14.0;29
221400;SUBMISSION;;VEV_5400;XIREC;15.0;29
221400;SUBMISSION;;VEV_5500;XIREC;7.0;29
221500;;SUBMISSION;VEV_5400;XIREC;14.0;26
221500;SUBMISSION;;VEV_5400;XIREC;15.0;26
221500;SUBMISSION;;VEV_5500;XIREC;7.0;26
221600;;SUBMISSION;VEV_5400;XIREC;14.0;21
221600;SUBMISSION;;VEV_5400;XIREC;15.0;21
221600;SUBMISSION;;VEV_5500;XIREC;7.0;17
222200;;SUBMISSION;VEV_5500;XIREC;6.0;25
222300;SUBMISSION;;VEV_5500;XIREC;7.0;25
222400;;SUBMISSION;VEV_5500;XIREC;6.0;15
222500;;SUBMISSION;VEV_5500;XIREC;6.0;19
222600;;SUBMISSION;VEV_5500;XIREC;6.0;20
222700;;SUBMISSION;VEV_5500;XIREC;6.0;24
222800;;SUBMISSION;VEV_5400;XIREC;15.0;7
222800;SUBMISSION;;VEV_5400;XIREC;16.0;7
223000;;SUBMISSION;VEV_5400;XIREC;15.0;9
223000;SUBMISSION;;VEV_5400;XIREC;16.0;9
223400;;SUBMISSION;VEV_5400;XIREC;15.0;7
223400;SUBMISSION;;VEV_5400;XIREC;16.0;7
223500;;SUBMISSION;VEV_5400;XIREC;15.0;7
223500;SUBMISSION;;VEV_5400;XIREC;16.0;7
223600;;SUBMISSION;VEV_5400;XIREC;15.0;8
223600;SUBMISSION;;VEV_5400;XIREC;16.0;8
224300;;;HYDROGEL_PACK;XIREC;9942.0;4
224900;;SUBMISSION;VEV_5400;XIREC;16.0;21
225100;;SUBMISSION;VEV_5400;XIREC;16.0;25
225200;;SUBMISSION;VEV_5400;XIREC;16.0;22
225500;;;VEV_5300;XIREC;50.0;5
225500;;;VEV_5400;XIREC;16.0;5
225500;;;VEV_5500;XIREC;6.0;5
225500;;;VEV_6000;XIREC;0.0;5
225500;;;VEV_6500;XIREC;0.0;5
225900;SUBMISSION;;VEV_5400;XIREC;16.0;10
225900;SUBMISSION;;VEV_5400;XIREC;17.0;14
226200;SUBMISSION;;VEV_5400;XIREC;16.0;28
226300;SUBMISSION;;VEV_5400;XIREC;16.0;16
226800;;SUBMISSION;VEV_5400;XIREC;16.0;7
227100;SUBMISSION;;VEV_5400;XIREC;16.0;7
228200;SUBMISSION;;VEV_5500;XIREC;7.0;29
228300;SUBMISSION;;VEV_5500;XIREC;7.0;22
228400;SUBMISSION;;VEV_5500;XIREC;6.0;27
228600;;SUBMISSION;VEV_5500;XIREC;6.0;27
228700;;SUBMISSION;VEV_5500;XIREC;6.0;28
228800;;SUBMISSION;VEV_5500;XIREC;6.0;20
229400;;;VELVETFRUIT_EXTRACT;XIREC;5260.0;7
230500;;SUBMISSION;VEV_5400;XIREC;16.0;20
230600;;SUBMISSION;VEV_5400;XIREC;16.0;25
230700;;SUBMISSION;VEV_5400;XIREC;16.0;26
231600;;;VELVETFRUIT_EXTRACT;XIREC;5262.0;5
231800;SUBMISSION;;VEV_5400;XIREC;16.0;7
231800;SUBMISSION;;VEV_5400;XIREC;17.0;16
231900;;SUBMISSION;VEV_4000;XIREC;1270.0;2
232000;;SUBMISSION;VELVETFRUIT_EXTRACT;XIREC;5266.0;8
232300;SUBMISSION;;VEV_5400;XIREC;16.0;24
232400;SUBMISSION;;VEV_5400;XIREC;16.0;20
232500;SUBMISSION;;VEV_5400;XIREC;16.0;4
233000;;SUBMISSION;VEV_5400;XIREC;16.0;20
233000;;;HYDROGEL_PACK;XIREC;9927.0;3
233200;;SUBMISSION;VEV_5400;XIREC;16.0;24
233300;;SUBMISSION;VEV_5400;XIREC;16.0;22
235700;;;HYDROGEL_PACK;XIREC;9906.0;6
235900;;SUBMISSION;VELVETFRUIT_EXTRACT;XIREC;5272.0;1
237400;;SUBMISSION;VELVETFRUIT_EXTRACT;XIREC;5272.0;6
237600;;SUBMISSION;VELVETFRUIT_EXTRACT;XIREC;5270.0;8
237700;;SUBMISSION;VELVETFRUIT_EXTRACT;XIREC;5272.0;8
238900;;;HYDROGEL_PACK;XIREC;9910.0;4
239100;SUBMISSION;;VEV_5400;XIREC;16.0;16
239200;SUBMISSION;;VEV_5400;XIREC;16.0;28
239300;SUBMISSION;;VEV_5400;XIREC;16.0;18
239300;;;HYDROGEL_PACK;XIREC;9909.0;2
239400;SUBMISSION;;VEV_5400;XIREC;16.0;4
239400;;;HYDROGEL_PACK;XIREC;9910.0;4
239400;;;VEV_5400;XIREC;15.0;2
239400;;;VEV_5500;XIREC;6.0;2
239400;;;VEV_6000;XIREC;0.0;2
239400;;;VEV_6500;XIREC;0.0;2
239800;;SUBMISSION;VEV_5400;XIREC;16.0;10
239800;;;HYDROGEL_PACK;XIREC;9925.0;5
239900;;SUBMISSION;VEV_5400;XIREC;16.0;8
240100;;SUBMISSION;VEV_5400;XIREC;16.0;23
240200;;SUBMISSION;VEV_5400;XIREC;16.0;17
241600;;SUBMISSION;VELVETFRUIT_EXTRACT;XIREC;5274.0;16
241600;;SUBMISSION;VELVETFRUIT_EXTRACT;XIREC;5273.0;47
241600;;SUBMISSION;VEV_5400;XIREC;18.0;21
241700;;SUBMISSION;VELVETFRUIT_EXTRACT;XIREC;5273.0;64
242100;;SUBMISSION;VELVETFRUIT_EXTRACT;XIREC;5275.0;8
242600;;SUBMISSION;VELVETFRUIT_EXTRACT;XIREC;5274.0;7
242600;;SUBMISSION;VELVETFRUIT_EXTRACT;XIREC;5272.0;25
242600;;SUBMISSION;VELVETFRUIT_EXTRACT;XIREC;5271.0;2
243500;;;VELVETFRUIT_EXTRACT;XIREC;5274.0;4
243800;;;HYDROGEL_PACK;XIREC;9919.0;4
244900;;;VELVETFRUIT_EXTRACT;XIREC;5276.0;4
249400;;SUBMISSION;VEV_4000;XIREC;1281.0;3
249800;SUBMISSION;;VEV_4000;XIREC;1272.0;2
253000;SUBMISSION;;VEV_5500;XIREC;6.0;3
253000;;;VEV_5400;XIREC;16.0;3
253000;;;VEV_6000;XIREC;0.0;3
253000;;;VEV_6500;XIREC;0.0;3
254300;;;HYDROGEL_PACK;XIREC;9951.0;2
256200;;;HYDROGEL_PACK;XIREC;9927.0;5
258000;;;VELVETFRUIT_EXTRACT;XIREC;5271.0;15
258900;;;HYDROGEL_PACK;XIREC;9928.0;2
259500;;;VELVETFRUIT_EXTRACT;XIREC;5273.0;4
263900;;;VELVETFRUIT_EXTRACT;XIREC;5281.0;4
264200;;;HYDROGEL_PACK;XIREC;9927.0;6
264700;;;HYDROGEL_PACK;XIREC;9907.0;2
265100;;;VELVETFRUIT_EXTRACT;XIREC;5285.0;6
265200;;;HYDROGEL_PACK;XIREC;9909.0;5
265500;;;VELVETFRUIT_EXTRACT;XIREC;5285.0;6
266800;SUBMISSION;;VEV_4000;XIREC;1280.0;1
267000;;;VELVETFRUIT_EXTRACT;XIREC;5289.0;6
267400;;;VELVETFRUIT_EXTRACT;XIREC;5283.0;4
267900;;;HYDROGEL_PACK;XIREC;9926.0;6
268200;;;VELVETFRUIT_EXTRACT;XIREC;5280.0;7
268600;;;VELVETFRUIT_EXTRACT;XIREC;5281.0;5
268900;;;VEV_5400;XIREC;19.0;4
268900;;;VEV_5500;XIREC;8.0;4
268900;;;VEV_6000;XIREC;0.0;4
268900;;;VEV_6500;XIREC;0.0;4
269700;;SUBMISSION;VEV_4000;XIREC;1283.0;1
270500;;SUBMISSION;VEV_4000;XIREC;1286.0;1
271100;;;VELVETFRUIT_EXTRACT;XIREC;5276.0;3
272000;;;VEV_5500;XIREC;8.0;3
272000;;;VEV_6000;XIREC;0.0;3
272000;;;VEV_6500;XIREC;0.0;3
272700;;;VELVETFRUIT_EXTRACT;XIREC;5277.0;3
272900;;SUBMISSION;VEV_4000;XIREC;1285.0;3
272900;;;HYDROGEL_PACK;XIREC;9924.0;5
273400;;;HYDROGEL_PACK;XIREC;9922.0;3
273500;;;HYDROGEL_PACK;XIREC;9921.0;6
274100;;;VELVETFRUIT_EXTRACT;XIREC;5279.0;6
274300;;;VELVETFRUIT_EXTRACT;XIREC;5280.0;8
274400;;;HYDROGEL_PACK;XIREC;9907.0;3
274600;;;VELVETFRUIT_EXTRACT;XIREC;5274.0;3
275200;SUBMISSION;;VEV_5400;XIREC;18.0;5
275200;SUBMISSION;;VEV_5500;XIREC;7.0;5
275200;;;VEV_6000;XIREC;0.0;5
275200;;;VEV_6500;XIREC;0.0;5
275800;;;HYDROGEL_PACK;XIREC;9912.0;6
277000;;;HYDROGEL_PACK;XIREC;9911.0;6
277300;;;HYDROGEL_PACK;XIREC;9910.0;3
277900;SUBMISSION;;VEV_4000;XIREC;1264.0;3
278100;SUBMISSION;;VELVETFRUIT_EXTRACT;XIREC;5269.0;15
278700;;SUBMISSION;VELVETFRUIT_EXTRACT;XIREC;5273.0;6
278800;;SUBMISSION;VELVETFRUIT_EXTRACT;XIREC;5275.0;4
278800;;;HYDROGEL_PACK;XIREC;9890.0;2
279900;;;HYDROGEL_PACK;XIREC;9890.0;6
280700;SUBMISSION;;VELVETFRUIT_EXTRACT;XIREC;5269.0;6
281000;SUBMISSION;;VELVETFRUIT_EXTRACT;XIREC;5269.0;66
281000;SUBMISSION;;VEV_5500;XIREC;7.0;23
281100;;SUBMISSION;VEV_4000;XIREC;1273.0;1
281200;SUBMISSION;;VELVETFRUIT_EXTRACT;XIREC;5269.0;21
281400;SUBMISSION;;VELVETFRUIT_EXTRACT;XIREC;5269.0;9
281800;SUBMISSION;;VELVETFRUIT_EXTRACT;XIREC;5269.0;19
281800;SUBMISSION;;VEV_5500;XIREC;7.0;10
281800;SUBMISSION;;VEV_5500;XIREC;8.0;17
282200;;;HYDROGEL_PACK;XIREC;9891.0;4
282600;SUBMISSION;;VELVETFRUIT_EXTRACT;XIREC;5270.0;10
282600;;;VELVETFRUIT_EXTRACT;XIREC;5272.0;6
283300;SUBMISSION;;VELVETFRUIT_EXTRACT;XIREC;5271.0;5
283700;;;HYDROGEL_PACK;XIREC;9922.0;5
284300;;;HYDROGEL_PACK;XIREC;9923.0;6
285600;;SUBMISSION;VELVETFRUIT_EXTRACT;XIREC;5277.0;4
285800;;SUBMISSION;VELVETFRUIT_EXTRACT;XIREC;5274.0;50
285800;;SUBMISSION;VELVETFRUIT_EXTRACT;XIREC;5275.0;6
285900;;SUBMISSION;VELVETFRUIT_EXTRACT;XIREC;5275.0;24
285900;;SUBMISSION;VELVETFRUIT_EXTRACT;XIREC;5274.0;44
286000;;SUBMISSION;VELVETFRUIT_EXTRACT;XIREC;5277.0;13
286100;;;VELVETFRUIT_EXTRACT;XIREC;5278.0;5
286900;SUBMISSION;;VEV_4000;XIREC;1271.0;3
287100;;;VEV_5400;XIREC;18.0;2
287100;;;VEV_5500;XIREC;7.0;2
287100;;;VEV_6000;XIREC;0.0;2
287100;;;VEV_6500;XIREC;0.0;2
287600;;;VEV_5400;XIREC;18.0;2
287600;;;VEV_5500;XIREC;7.0;2
287600;;;VEV_6000;XIREC;0.0;2
287600;;;VEV_6500;XIREC;0.0;2
288000;;;HYDROGEL_PACK;XIREC;9936.0;5
288000;;;VELVETFRUIT_EXTRACT;XIREC;5274.0;8
289300;SUBMISSION;;VEV_5400;XIREC;17.0;2
289300;;;VEV_5300;XIREC;52.0;2
289300;;;VEV_5500;XIREC;7.0;2
289300;;;VEV_6000;XIREC;0.0;2
289300;;;VEV_6500;XIREC;0.0;2
291000;;;HYDROGEL_PACK;XIREC;9905.0;3
291800;SUBMISSION;;VELVETFRUIT_EXTRACT;XIREC;5268.0;4
292800;;;HYDROGEL_PACK;XIREC;9921.0;6
293100;;SUBMISSION;VELVETFRUIT_EXTRACT;XIREC;5273.0;4
293100;;;VELVETFRUIT_EXTRACT;XIREC;5274.0;1
293400;;;VELVETFRUIT_EXTRACT;XIREC;5273.0;5
293600;SUBMISSION;;VEV_4000;XIREC;1265.0;2
293700;SUBMISSION;;VELVETFRUIT_EXTRACT;XIREC;5268.0;8
294600;;SUBMISSION;VEV_5500;XIREC;7.0;6
294600;;;VEV_5400;XIREC;16.0;2
294600;;;VEV_5500;XIREC;7.0;2
294600;;;VEV_6000;XIREC;0.0;2
294600;;;VEV_6500;XIREC;0.0;2
296800;SUBMISSION;;VELVETFRUIT_EXTRACT;XIREC;5269.0;8
297000;SUBMISSION;;VELVETFRUIT_EXTRACT;XIREC;5267.0;15
297500;SUBMISSION;;VELVETFRUIT_EXTRACT;XIREC;5268.0;10
299100;;;HYDROGEL_PACK;XIREC;9963.0;3
300500;SUBMISSION;;VELVETFRUIT_EXTRACT;XIREC;5267.0;12
300800;;;HYDROGEL_PACK;XIREC;9946.0;4
301000;SUBMISSION;;VELVETFRUIT_EXTRACT;XIREC;5268.0;8
301200;SUBMISSION;;VELVETFRUIT_EXTRACT;XIREC;5269.0;21
301200;SUBMISSION;;VEV_5400;XIREC;17.0;29
301300;SUBMISSION;;VELVETFRUIT_EXTRACT;XIREC;5268.0;74
301300;SUBMISSION;;VEV_5400;XIREC;17.0;23
301300;;SUBMISSION;VEV_5500;XIREC;6.0;23
301300;SUBMISSION;;VEV_5500;XIREC;7.0;23
301400;SUBMISSION;;VELVETFRUIT_EXTRACT;XIREC;5269.0;23
301400;;SUBMISSION;VEV_5400;XIREC;16.0;8
301500;;SUBMISSION;VEV_5400;XIREC;16.0;19
301600;;SUBMISSION;VEV_5400;XIREC;16.0;25
301700;SUBMISSION;;VELVETFRUIT_EXTRACT;XIREC;5266.0;6
301700;SUBMISSION;;VELVETFRUIT_EXTRACT;XIREC;5269.0;15
301700;SUBMISSION;;VEV_4000;XIREC;1261.0;2
301700;SUBMISSION;;VEV_5400;XIREC;17.0;24
301800;SUBMISSION;;VEV_5400;XIREC;17.0;17
301800;;SUBMISSION;VEV_5500;XIREC;6.0;17
301800;SUBMISSION;;VEV_5500;XIREC;7.0;17
301900;SUBMISSION;;VEV_5400;XIREC;17.0;29
301900;;SUBMISSION;VEV_5500;XIREC;6.0;29
301900;SUBMISSION;;VEV_5500;XIREC;7.0;29
302000;SUBMISSION;;VEV_5400;XIREC;16.0;2
302000;;SUBMISSION;VEV_5500;XIREC;6.0;19
302000;SUBMISSION;;VEV_5500;XIREC;7.0;19
302100;;SUBMISSION;VEV_5500;XIREC;6.0;19
302100;SUBMISSION;;VEV_5500;XIREC;7.0;19
302200;SUBMISSION;;VEV_5500;XIREC;7.0;23
303100;SUBMISSION;;VEV_4000;XIREC;1261.0;1
303700;;SUBMISSION;VEV_5400;XIREC;16.0;24
303800;;SUBMISSION;VEV_5400;XIREC;16.0;18
303800;;;HYDROGEL_PACK;XIREC;9935.0;2
303900;;SUBMISSION;VEV_5400;XIREC;16.0;16
304200;;SUBMISSION;VEV_5400;XIREC;17.0;5
304400;;SUBMISSION;VEV_5400;XIREC;16.0;24
304700;;SUBMISSION;VEV_5500;XIREC;7.0;10
304800;SUBMISSION;;VEV_5400;XIREC;17.0;24
304900;SUBMISSION;;VEV_5400;XIREC;17.0;25
304900;SUBMISSION;;VEV_5500;XIREC;7.0;7
304900;SUBMISSION;;VEV_5500;XIREC;8.0;3
305000;SUBMISSION;;VEV_5400;XIREC;17.0;23
305100;;SUBMISSION;VEV_5400;XIREC;16.0;25
305200;;SUBMISSION;VEV_5400;XIREC;16.0;8
305300;SUBMISSION;;VEV_5400;XIREC;17.0;28
305300;;SUBMISSION;VEV_5500;XIREC;6.0;28
305300;SUBMISSION;;VEV_5500;XIREC;7.0;28
305400;SUBMISSION;;VEV_5400;XIREC;17.0;20
305600;;SUBMISSION;VEV_5400;XIREC;16.0;20
305600;;;VELVETFRUIT_EXTRACT;XIREC;5267.0;3
305700;;;HYDROGEL_PACK;XIREC;9951.0;6
305800;;SUBMISSION;VEV_5400;XIREC;16.0;23
306000;;SUBMISSION;VELVETFRUIT_EXTRACT;XIREC;5273.0;5
306100;;SUBMISSION;VEV_5400;XIREC;17.0;5
306100;;;HYDROGEL_PACK;XIREC;9952.0;5
307000;;SUBMISSION;VEV_5400;XIREC;17.0;8
307100;;SUBMISSION;VEV_5400;XIREC;16.0;26
307600;;SUBMISSION;VEV_4000;XIREC;1275.0;2
307900;SUBMISSION;;VELVETFRUIT_EXTRACT;XIREC;5269.0;5
307900;;;VELVETFRUIT_EXTRACT;XIREC;5268.0;3
308400;;;VELVETFRUIT_EXTRACT;XIREC;5270.0;3
309200;;SUBMISSION;VELVETFRUIT_EXTRACT;XIREC;5273.0;8
310100;;;HYDROGEL_PACK;XIREC;9942.0;4
310200;;SUBMISSION;VELVETFRUIT_EXTRACT;XIREC;5274.0;5
310300;;SUBMISSION;VELVETFRUIT_EXTRACT;XIREC;5273.0;11
311200;SUBMISSION;;VELVETFRUIT_EXTRACT;XIREC;5266.0;8
311700;;SUBMISSION;VELVETFRUIT_EXTRACT;XIREC;5272.0;6
311800;;;HYDROGEL_PACK;XIREC;9945.0;2
312000;SUBMISSION;;VEV_5400;XIREC;17.0;18
312100;;SUBMISSION;VEV_5400;XIREC;16.0;22
313800;;SUBMISSION;VEV_5500;XIREC;7.0;10
313900;SUBMISSION;;VEV_5400;XIREC;17.0;29
314000;SUBMISSION;;VELVETFRUIT_EXTRACT;XIREC;5268.0;7
314000;;SUBMISSION;VEV_5400;XIREC;16.0;28
314800;;;HYDROGEL_PACK;XIREC;9953.0;3
315400;;;HYDROGEL_PACK;XIREC;9956.0;4
316000;;SUBMISSION;VELVETFRUIT_EXTRACT;XIREC;5273.0;19
316600;;SUBMISSION;VELVETFRUIT_EXTRACT;XIREC;5273.0;22
316700;;SUBMISSION;VELVETFRUIT_EXTRACT;XIREC;5273.0;22
316700;SUBMISSION;;VEV_5400;XIREC;17.0;3
316700;;;VEV_5500;XIREC;7.0;3
316700;;;VEV_6000;XIREC;0.0;3
316700;;;VEV_6500;XIREC;0.0;3
316800;;SUBMISSION;VELVETFRUIT_EXTRACT;XIREC;5274.0;7
316900;;;HYDROGEL_PACK;XIREC;9954.0;2
317500;;;VEV_5400;XIREC;17.0;3
317500;;;VEV_5500;XIREC;7.0;3
317500;;;VEV_6000;XIREC;0.0;3
317500;;;VEV_6500;XIREC;0.0;3
318100;;SUBMISSION;VEV_4000;XIREC;1279.0;1
318700;;SUBMISSION;VEV_5500;XIREC;7.0;8
319600;;SUBMISSION;VELVETFRUIT_EXTRACT;XIREC;5274.0;58
319700;;SUBMISSION;VELVETFRUIT_EXTRACT;XIREC;5275.0;57
319900;;SUBMISSION;VEV_5500;XIREC;8.0;18
320000;;SUBMISSION;VEV_5500;XIREC;8.0;8
320800;;;VEV_5300;XIREC;52.0;5
320800;;;VEV_5400;XIREC;17.0;5
320800;;;VEV_5500;XIREC;7.0;5
320800;;;VEV_6000;XIREC;0.0;5
320800;;;VEV_6500;XIREC;0.0;5
321600;;;VEV_5300;XIREC;50.0;4
321600;;;VEV_5400;XIREC;16.0;4
321600;;;VEV_5500;XIREC;7.0;4
321600;;;VEV_6000;XIREC;0.0;4
321600;;;VEV_6500;XIREC;0.0;4
321800;;SUBMISSION;VEV_5500;XIREC;7.0;7
322300;;SUBMISSION;VEV_4000;XIREC;1277.0;2
323200;;;VELVETFRUIT_EXTRACT;XIREC;5276.0;5
323500;SUBMISSION;;VELVETFRUIT_EXTRACT;XIREC;5269.0;14
323500;;;VELVETFRUIT_EXTRACT;XIREC;5269.0;14
323900;SUBMISSION;;VEV_5400;XIREC;17.0;30
324000;SUBMISSION;;VEV_5400;XIREC;17.0;28
324100;;SUBMISSION;VEV_5400;XIREC;16.0;21
324200;;SUBMISSION;VEV_5400;XIREC;16.0;24
325000;;SUBMISSION;VEV_5500;XIREC;7.0;6
325200;SUBMISSION;;VEV_5400;XIREC;17.0;18
325300;SUBMISSION;;VEV_5400;XIREC;17.0;22
325400;SUBMISSION;;VEV_5400;XIREC;17.0;17
325500;;SUBMISSION;VEV_5400;XIREC;16.0;5
325600;;SUBMISSION;VEV_5400;XIREC;16.0;15
325700;;SUBMISSION;VEV_5400;XIREC;16.0;24
325800;SUBMISSION;;VELVETFRUIT_EXTRACT;XIREC;5269.0;17
325800;SUBMISSION;;VEV_5400;XIREC;17.0;21
325800;SUBMISSION;;VEV_5500;XIREC;7.0;8
325800;SUBMISSION;;VEV_5500;XIREC;8.0;13
325900;SUBMISSION;;VELVETFRUIT_EXTRACT;XIREC;5268.0;58
325900;SUBMISSION;;VEV_5400;XIREC;16.0;27
325900;;SUBMISSION;VEV_5500;XIREC;6.0;27
325900;SUBMISSION;;VEV_5500;XIREC;7.0;27
326000;SUBMISSION;;VELVETFRUIT_EXTRACT;XIREC;5269.0;52
326000;SUBMISSION;;VEV_5400;XIREC;16.0;8
326000;;SUBMISSION;VEV_5500;XIREC;6.0;21
326000;SUBMISSION;;VEV_5500;XIREC;7.0;21
326100;SUBMISSION;;VELVETFRUIT_EXTRACT;XIREC;5269.0;55
326100;;SUBMISSION;VEV_5500;XIREC;6.0;23
326100;SUBMISSION;;VEV_5500;XIREC;7.0;23
326200;SUBMISSION;;VELVETFRUIT_EXTRACT;XIREC;5267.0;4
326200;;SUBMISSION;VEV_5500;XIREC;6.0;27
326200;SUBMISSION;;VEV_5500;XIREC;7.0;27
326300;SUBMISSION;;VEV_5500;XIREC;7.0;21
326400;SUBMISSION;;VEV_5500;XIREC;7.0;15
327600;;;VELVETFRUIT_EXTRACT;XIREC;5266.0;5
328500;;;VELVETFRUIT_EXTRACT;XIREC;5269.0;7
328700;SUBMISSION;;VEV_4000;XIREC;1260.0;3
328700;;;VELVETFRUIT_EXTRACT;XIREC;5268.0;5
328900;;;HYDROGEL_PACK;XIREC;9958.0;2
330400;;;VELVETFRUIT_EXTRACT;XIREC;5261.0;8
332100;;SUBMISSION;VEV_5400;XIREC;16.0;17
332200;;SUBMISSION;VEV_5400;XIREC;16.0;19
332300;;SUBMISSION;VEV_5400;XIREC;16.0;26
332400;;SUBMISSION;VEV_5400;XIREC;16.0;29
332600;;SUBMISSION;VELVETFRUIT_EXTRACT;XIREC;5273.0;8
332800;;;HYDROGEL_PACK;XIREC;9947.0;3
333200;;;VELVETFRUIT_EXTRACT;XIREC;5269.0;7
333900;;SUBMISSION;VELVETFRUIT_EXTRACT;XIREC;5272.0;7
335400;;SUBMISSION;VELVETFRUIT_EXTRACT;XIREC;5271.0;6
335400;;SUBMISSION;VEV_5500;XIREC;7.0;5
336800;SUBMISSION;;VELVETFRUIT_EXTRACT;XIREC;5269.0;5
336900;SUBMISSION;;VELVETFRUIT_EXTRACT;XIREC;5270.0;14
337000;;;VELVETFRUIT_EXTRACT;XIREC;5271.0;6
338100;;SUBMISSION;VEV_5500;XIREC;7.0;6
338300;SUBMISSION;;VEV_5400;XIREC;17.0;26
338300;;SUBMISSION;VEV_5500;XIREC;6.0;26
338300;SUBMISSION;;VEV_5500;XIREC;7.0;26
338400;;SUBMISSION;VEV_5400;XIREC;16.0;5
338400;SUBMISSION;;VEV_5500;XIREC;7.0;5
338400;SUBMISSION;;VEV_5500;XIREC;8.0;6
338400;;;HYDROGEL_PACK;XIREC;9948.0;4
338500;SUBMISSION;;VEV_5400;XIREC;17.0;24
338500;;SUBMISSION;VEV_5500;XIREC;6.0;24
338500;SUBMISSION;;VEV_5500;XIREC;7.0;24
338600;;SUBMISSION;VEV_5400;XIREC;16.0;23
338800;SUBMISSION;;VEV_5400;XIREC;17.0;19
338800;;SUBMISSION;VEV_5500;XIREC;6.0;19
338800;SUBMISSION;;VEV_5500;XIREC;7.0;19
338900;SUBMISSION;;VEV_5400;XIREC;17.0;28
338900;;SUBMISSION;VEV_5500;XIREC;6.0;28
338900;SUBMISSION;;VEV_5500;XIREC;7.0;28
339000;;SUBMISSION;VEV_5400;XIREC;16.0;18
339100;;SUBMISSION;VEV_5400;XIREC;16.0;25
339200;;SUBMISSION;VEV_5400;XIREC;16.0;27
339400;;SUBMISSION;VEV_5500;XIREC;6.0;21
339400;SUBMISSION;;VEV_5500;XIREC;7.0;21
339800;SUBMISSION;;VEV_5400;XIREC;17.0;18
339900;SUBMISSION;;VEV_5400;XIREC;17.0;15
340000;SUBMISSION;;VEV_5400;XIREC;17.0;23
340100;SUBMISSION;;VELVETFRUIT_EXTRACT;XIREC;5268.0;2
340100;SUBMISSION;;VEV_5400;XIREC;16.0;21
340200;SUBMISSION;;VEV_5400;XIREC;16.0;15
340200;;;HYDROGEL_PACK;XIREC;9951.0;2
340500;SUBMISSION;;VEV_4000;XIREC;1262.0;3
340600;;SUBMISSION;VEV_5400;XIREC;16.0;25
340700;;SUBMISSION;VEV_5400;XIREC;16.0;23
340800;;SUBMISSION;VEV_5400;XIREC;16.0;30
341400;;;VEV_5400;XIREC;16.0;4
341400;;;VEV_5500;XIREC;7.0;4
341400;;;VEV_6000;XIREC;0.0;4
341400;;;VEV_6500;XIREC;0.0;4
342300;;;HYDROGEL_PACK;XIREC;9966.0;2
343000;;SUBMISSION;VEV_5500;XIREC;7.0;9
344000;;SUBMISSION;VEV_5500;XIREC;7.0;6
344000;;;VELVETFRUIT_EXTRACT;XIREC;5269.0;3
344100;;;HYDROGEL_PACK;XIREC;9942.0;3
344300;;SUBMISSION;VEV_5500;XIREC;6.0;19
344300;SUBMISSION;;VEV_5500;XIREC;7.0;19
344400;;SUBMISSION;VEV_5500;XIREC;6.0;22
344400;SUBMISSION;;VEV_5500;XIREC;7.0;22
344500;;SUBMISSION;VEV_5500;XIREC;6.0;19
344500;SUBMISSION;;VEV_5500;XIREC;7.0;19
344500;;;HYDROGEL_PACK;XIREC;9942.0;3
344600;;SUBMISSION;VEV_5500;XIREC;6.0;25
344600;SUBMISSION;;VEV_5500;XIREC;7.0;25
344600;;;HYDROGEL_PACK;XIREC;9958.0;6
344600;;;VELVETFRUIT_EXTRACT;XIREC;5265.0;7
344700;SUBMISSION;;VEV_5500;XIREC;7.0;15
344900;;;VELVETFRUIT_EXTRACT;XIREC;5265.0;6
345000;SUBMISSION;;VEV_5400;XIREC;17.0;28
345100;SUBMISSION;;VEV_5400;XIREC;17.0;16
345200;SUBMISSION;;VEV_5400;XIREC;17.0;27
345300;SUBMISSION;;VEV_5400;XIREC;17.0;7
346100;;;HYDROGEL_PACK;XIREC;9947.0;2
347400;;;HYDROGEL_PACK;XIREC;9947.0;4
347800;;;VEV_5400;XIREC;15.0;4
347800;;;VEV_5500;XIREC;6.0;4
347800;;;VEV_6000;XIREC;0.0;4
347800;;;VEV_6500;XIREC;0.0;4
348200;;SUBMISSION;VEV_5400;XIREC;16.0;23
348300;;SUBMISSION;VEV_5400;XIREC;16.0;9
348400;;SUBMISSION;VEV_5400;XIREC;16.0;22
348500;SUBMISSION;;VEV_5400;XIREC;17.0;28
348600;SUBMISSION;;VEV_5400;XIREC;17.0;23
348700;SUBMISSION;;VEV_5400;XIREC;16.0;3
348700;;SUBMISSION;VEV_5500;XIREC;6.0;26
348700;SUBMISSION;;VEV_5500;XIREC;7.0;26
348800;;SUBMISSION;VEV_5500;XIREC;6.0;21
348800;SUBMISSION;;VEV_5500;XIREC;7.0;21
348900;;SUBMISSION;VEV_5500;XIREC;6.0;25
348900;SUBMISSION;;VEV_5500;XIREC;7.0;25
349000;;SUBMISSION;VEV_5500;XIREC;6.0;25
349000;SUBMISSION;;VEV_5500;XIREC;7.0;25
349100;;SUBMISSION;VEV_5500;XIREC;6.0;16
349100;SUBMISSION;;VEV_5500;XIREC;7.0;16
349200;;SUBMISSION;VEV_5400;XIREC;16.0;9
349200;;SUBMISSION;VEV_5500;XIREC;6.0;26
349200;SUBMISSION;;VEV_5500;XIREC;7.0;26
349300;SUBMISSION;;VEV_5400;XIREC;17.0;9
349300;;SUBMISSION;VEV_5500;XIREC;6.0;18
349300;SUBMISSION;;VEV_5500;XIREC;7.0;18
349400;;SUBMISSION;VEV_5500;XIREC;6.0;27
349400;SUBMISSION;;VEV_5500;XIREC;7.0;27
349500;;SUBMISSION;VEV_5500;XIREC;6.0;19
349500;SUBMISSION;;VEV_5500;XIREC;7.0;19
349600;;SUBMISSION;VEV_5500;XIREC;6.0;21
349600;SUBMISSION;;VEV_5500;XIREC;7.0;21
349700;;SUBMISSION;VEV_5500;XIREC;6.0;17
349700;SUBMISSION;;VEV_5500;XIREC;7.0;17
349800;;SUBMISSION;VEV_5500;XIREC;6.0;27
349800;SUBMISSION;;VEV_5500;XIREC;7.0;27
349900;;SUBMISSION;VEV_5500;XIREC;6.0;28
349900;SUBMISSION;;VEV_5500;XIREC;7.0;28
350000;;SUBMISSION;VEV_5500;XIREC;6.0;19
350000;SUBMISSION;;VEV_5500;XIREC;7.0;19
350100;;SUBMISSION;VEV_5500;XIREC;6.0;23
350100;SUBMISSION;;VEV_5500;XIREC;7.0;23
350200;;SUBMISSION;VEV_5500;XIREC;6.0;25
350200;SUBMISSION;;VEV_5500;XIREC;7.0;25
350300;;SUBMISSION;VEV_5500;XIREC;6.0;20
350300;SUBMISSION;;VEV_5500;XIREC;7.0;20
350400;;SUBMISSION;VEV_5500;XIREC;6.0;19
350400;SUBMISSION;;VEV_5500;XIREC;7.0;19
350500;;SUBMISSION;VEV_5500;XIREC;6.0;27
350500;SUBMISSION;;VEV_5500;XIREC;7.0;27
350600;;SUBMISSION;VEV_5500;XIREC;6.0;19
350600;SUBMISSION;;VEV_5500;XIREC;7.0;19
350600;;;VELVETFRUIT_EXTRACT;XIREC;5266.0;5
350700;;SUBMISSION;VEV_5500;XIREC;6.0;19
350700;SUBMISSION;;VEV_5500;XIREC;7.0;19
350700;;;VEV_5300;XIREC;47.0;4
350700;;;VEV_5400;XIREC;15.0;4
350700;;;VEV_5500;XIREC;6.0;4
350700;;;VEV_6000;XIREC;0.0;4
350700;;;VEV_6500;XIREC;0.0;4
350800;;SUBMISSION;VEV_5500;XIREC;6.0;22
350800;SUBMISSION;;VEV_5500;XIREC;7.0;22
350900;;SUBMISSION;VEV_5500;XIREC;6.0;20
350900;SUBMISSION;;VEV_5500;XIREC;7.0;20
351000;;SUBMISSION;VEV_5400;XIREC;14.0;25
351000;SUBMISSION;;VEV_5400;XIREC;15.0;25
351100;;SUBMISSION;VEV_5400;XIREC;14.0;24
351100;SUBMISSION;;VEV_5400;XIREC;15.0;24
351400;;SUBMISSION;VEV_5400;XIREC;14.0;22
351400;SUBMISSION;;VEV_5400;XIREC;15.0;22
351400;;;HYDROGEL_PACK;XIREC;9937.0;6
352100;;;VELVETFRUIT_EXTRACT;XIREC;5252.0;4
352300;;;VELVETFRUIT_EXTRACT;XIREC;5257.0;8
353600;;;VELVETFRUIT_EXTRACT;XIREC;5254.0;7
353800;;;VELVETFRUIT_EXTRACT;XIREC;5257.0;7
355000;;SUBMISSION;VEV_5500;XIREC;6.0;23
355000;SUBMISSION;;VEV_5500;XIREC;7.0;23
355100;;SUBMISSION;VEV_5500;XIREC;6.0;26
355100;SUBMISSION;;VEV_5500;XIREC;7.0;26
355200;;SUBMISSION;VEV_5500;XIREC;6.0;16
355200;SUBMISSION;;VEV_5500;XIREC;7.0;16
355300;;SUBMISSION;VEV_5500;XIREC;6.0;28
355300;SUBMISSION;;VEV_5500;XIREC;7.0;28
355400;;SUBMISSION;VEV_5500;XIREC;6.0;20
355400;SUBMISSION;;VEV_5500;XIREC;7.0;20
355500;;SUBMISSION;VEV_5500;XIREC;6.0;27
355500;SUBMISSION;;VEV_5500;XIREC;7.0;27
355600;;SUBMISSION;VEV_5500;XIREC;6.0;24
355600;SUBMISSION;;VEV_5500;XIREC;7.0;24
355700;;SUBMISSION;VEV_5500;XIREC;6.0;22
355700;SUBMISSION;;VEV_5500;XIREC;7.0;22
355800;;SUBMISSION;VEV_5500;XIREC;6.0;17
355800;SUBMISSION;;VEV_5500;XIREC;7.0;17
355900;;SUBMISSION;VEV_5500;XIREC;6.0;26
355900;SUBMISSION;;VEV_5500;XIREC;7.0;26
356000;;SUBMISSION;VEV_5500;XIREC;6.0;27
356000;SUBMISSION;;VEV_5500;XIREC;7.0;27
356100;;SUBMISSION;VEV_5500;XIREC;6.0;16
356100;SUBMISSION;;VEV_5500;XIREC;7.0;16
356400;;SUBMISSION;VEV_5500;XIREC;6.0;7
356400;SUBMISSION;;VEV_5500;XIREC;7.0;7
356500;;;VELVETFRUIT_EXTRACT;XIREC;5263.0;6
356600;;SUBMISSION;VEV_5500;XIREC;6.0;8
356600;SUBMISSION;;VEV_5500;XIREC;7.0;8
356700;;SUBMISSION;VEV_5500;XIREC;6.0;6
356700;SUBMISSION;;VEV_5500;XIREC;7.0;6
357000;;SUBMISSION;VEV_5500;XIREC;6.0;15
357000;SUBMISSION;;VEV_5500;XIREC;7.0;15
357100;;SUBMISSION;VEV_5500;XIREC;6.0;28
357100;SUBMISSION;;VEV_5500;XIREC;7.0;28
357200;;SUBMISSION;VEV_5500;XIREC;6.0;29
357200;SUBMISSION;;VEV_5500;XIREC;7.0;29
357300;;SUBMISSION;VEV_5500;XIREC;6.0;23
357300;SUBMISSION;;VEV_5500;XIREC;7.0;23
357400;;SUBMISSION;VEV_5500;XIREC;6.0;22
357400;SUBMISSION;;VEV_5500;XIREC;7.0;22
357500;;SUBMISSION;VEV_5500;XIREC;6.0;22
357500;SUBMISSION;;VEV_5500;XIREC;7.0;22
357600;;SUBMISSION;VEV_5500;XIREC;6.0;27
357600;SUBMISSION;;VEV_5500;XIREC;7.0;27
357700;;SUBMISSION;VEV_5500;XIREC;6.0;21
357700;SUBMISSION;;VEV_5500;XIREC;7.0;21
357800;;SUBMISSION;VEV_5500;XIREC;6.0;25
357800;SUBMISSION;;VEV_5500;XIREC;7.0;25
357900;;SUBMISSION;VEV_5500;XIREC;6.0;18
357900;SUBMISSION;;VEV_5500;XIREC;7.0;18
358000;;SUBMISSION;VEV_5500;XIREC;6.0;24
358000;SUBMISSION;;VEV_5500;XIREC;7.0;24
358100;;SUBMISSION;VEV_5500;XIREC;6.0;22
358100;SUBMISSION;;VEV_5500;XIREC;7.0;22
358200;;SUBMISSION;VEV_5500;XIREC;6.0;26
358200;SUBMISSION;;VEV_5500;XIREC;7.0;26
358300;;SUBMISSION;VEV_5500;XIREC;6.0;23
358300;SUBMISSION;;VEV_5500;XIREC;7.0;23
358300;;;VELVETFRUIT_EXTRACT;XIREC;5261.0;7
358400;;SUBMISSION;VEV_5500;XIREC;6.0;23
358400;SUBMISSION;;VEV_5500;XIREC;7.0;23
358400;;;VELVETFRUIT_EXTRACT;XIREC;5266.0;5
358500;;SUBMISSION;VEV_5500;XIREC;6.0;15
358500;SUBMISSION;;VEV_5500;XIREC;7.0;15
358500;;;VEV_5300;XIREC;47.0;2
358500;;;VEV_5400;XIREC;15.0;2
358500;;;VEV_5500;XIREC;6.0;2
358500;;;VEV_6000;XIREC;0.0;2
358500;;;VEV_6500;XIREC;0.0;2
358600;;SUBMISSION;VEV_5500;XIREC;6.0;10
358600;SUBMISSION;;VEV_5500;XIREC;7.0;10
358900;;SUBMISSION;VEV_5500;XIREC;6.0;5
358900;SUBMISSION;;VEV_5500;XIREC;7.0;5
359000;;SUBMISSION;VEV_5500;XIREC;6.0;25
359000;SUBMISSION;;VEV_5500;XIREC;7.0;25
359100;;SUBMISSION;VEV_5500;XIREC;6.0;25
359100;SUBMISSION;;VEV_5500;XIREC;7.0;25
359200;;SUBMISSION;VEV_5500;XIREC;6.0;26
359200;SUBMISSION;;VEV_5500;XIREC;7.0;26
359300;;SUBMISSION;VEV_5500;XIREC;6.0;30
359300;SUBMISSION;;VEV_5500;XIREC;7.0;30
359400;;SUBMISSION;VEV_5500;XIREC;6.0;19
359400;SUBMISSION;;VEV_5500;XIREC;7.0;19
359500;;SUBMISSION;VEV_5500;XIREC;6.0;22
359500;SUBMISSION;;VEV_5500;XIREC;7.0;22
359500;;;HYDROGEL_PACK;XIREC;9972.0;5
359800;;SUBMISSION;VEV_5400;XIREC;15.0;10
359800;SUBMISSION;;VEV_5400;XIREC;16.0;10
359800;;SUBMISSION;VEV_5500;XIREC;6.0;29
359800;SUBMISSION;;VEV_5500;XIREC;7.0;29
359900;;SUBMISSION;VEV_5500;XIREC;6.0;16
359900;SUBMISSION;;VEV_5500;XIREC;7.0;16
360000;;SUBMISSION;VEV_5500;XIREC;6.0;26
360000;SUBMISSION;;VEV_5500;XIREC;7.0;26
360000;;;VELVETFRUIT_EXTRACT;XIREC;5267.0;7
360100;;SUBMISSION;VEV_5500;XIREC;6.0;18
360100;SUBMISSION;;VEV_5500;XIREC;7.0;18
360200;;SUBMISSION;VEV_5500;XIREC;6.0;25
360200;SUBMISSION;;VEV_5500;XIREC;7.0;25
360300;;SUBMISSION;VEV_5500;XIREC;6.0;28
360300;SUBMISSION;;VEV_5500;XIREC;7.0;28
360400;;SUBMISSION;VEV_5500;XIREC;6.0;20
360400;SUBMISSION;;VEV_5500;XIREC;7.0;20
360500;;SUBMISSION;VEV_5500;XIREC;6.0;25
360500;SUBMISSION;;VEV_5500;XIREC;7.0;25
360600;;SUBMISSION;VEV_5500;XIREC;6.0;28
360600;SUBMISSION;;VEV_5500;XIREC;7.0;28
360700;;SUBMISSION;VEV_5500;XIREC;6.0;23
360700;SUBMISSION;;VEV_5500;XIREC;7.0;23
360800;;SUBMISSION;VEV_5500;XIREC;6.0;27
360800;SUBMISSION;;VEV_5500;XIREC;7.0;27
360900;;SUBMISSION;VEV_5500;XIREC;6.0;25
360900;SUBMISSION;;VEV_5500;XIREC;7.0;25
361000;;SUBMISSION;VEV_5500;XIREC;6.0;24
361000;SUBMISSION;;VEV_5500;XIREC;7.0;24
361100;;SUBMISSION;VEV_5500;XIREC;6.0;27
361100;SUBMISSION;;VEV_5500;XIREC;7.0;27
361200;;SUBMISSION;VEV_5500;XIREC;6.0;27
361200;SUBMISSION;;VEV_5500;XIREC;7.0;27
361300;;SUBMISSION;VEV_5500;XIREC;6.0;22
361300;SUBMISSION;;VEV_5500;XIREC;7.0;22
361300;;;VELVETFRUIT_EXTRACT;XIREC;5267.0;3
361400;;SUBMISSION;VEV_5500;XIREC;6.0;22
361400;SUBMISSION;;VEV_5500;XIREC;7.0;22
361500;;SUBMISSION;VEV_5500;XIREC;6.0;25
361500;SUBMISSION;;VEV_5500;XIREC;7.0;25
361600;;SUBMISSION;VEV_5400;XIREC;15.0;7
361600;SUBMISSION;;VEV_5400;XIREC;16.0;7
361600;;SUBMISSION;VEV_5500;XIREC;6.0;24
361600;SUBMISSION;;VEV_5500;XIREC;7.0;24
361600;;;VELVETFRUIT_EXTRACT;XIREC;5260.0;5
361700;;SUBMISSION;VEV_5400;XIREC;15.0;8
361700;SUBMISSION;;VEV_5400;XIREC;16.0;8
361700;;SUBMISSION;VEV_5500;XIREC;6.0;26
361700;SUBMISSION;;VEV_5500;XIREC;7.0;26
361800;;SUBMISSION;VEV_5500;XIREC;6.0;21
361800;SUBMISSION;;VEV_5500;XIREC;7.0;21
361900;;SUBMISSION;VEV_5500;XIREC;6.0;21
361900;SUBMISSION;;VEV_5500;XIREC;7.0;21
362000;;SUBMISSION;VEV_5500;XIREC;6.0;26
362000;SUBMISSION;;VEV_5500;XIREC;7.0;26
362100;;SUBMISSION;VEV_5500;XIREC;6.0;23
362100;SUBMISSION;;VEV_5500;XIREC;7.0;23
362200;;SUBMISSION;VEV_5500;XIREC;6.0;20
362200;SUBMISSION;;VEV_5500;XIREC;7.0;20
362400;;SUBMISSION;VEV_5400;XIREC;14.0;16
362400;SUBMISSION;;VEV_5400;XIREC;15.0;16
362500;;SUBMISSION;VEV_5500;XIREC;6.0;18
362500;SUBMISSION;;VEV_5500;XIREC;7.0;18
362500;;;VELVETFRUIT_EXTRACT;XIREC;5260.0;5
362600;;SUBMISSION;VEV_5500;XIREC;6.0;19
362600;SUBMISSION;;VEV_5500;XIREC;7.0;19
362600;;;VEV_5300;XIREC;47.0;5
362600;;;VEV_5500;XIREC;6.0;5
362600;;;VEV_6000;XIREC;0.0;5
362600;;;VEV_6500;XIREC;0.0;5
362700;;SUBMISSION;VEV_5500;XIREC;6.0;25
362700;SUBMISSION;;VEV_5500;XIREC;7.0;25
362800;;SUBMISSION;VEV_5500;XIREC;6.0;26
362800;SUBMISSION;;VEV_5500;XIREC;7.0;26
362900;;SUBMISSION;VEV_5500;XIREC;6.0;20
362900;SUBMISSION;;VEV_5500;XIREC;7.0;20
363000;;SUBMISSION;VEV_5500;XIREC;6.0;18
363000;SUBMISSION;;VEV_5500;XIREC;7.0;18
363100;;SUBMISSION;VEV_5400;XIREC;15.0;8
363100;SUBMISSION;;VEV_5400;XIREC;16.0;8
363100;;SUBMISSION;VEV_5500;XIREC;6.0;26
363100;SUBMISSION;;VEV_5500;XIREC;7.0;26
363200;;SUBMISSION;VEV_5500;XIREC;6.0;22
363200;SUBMISSION;;VEV_5500;XIREC;7.0;22
363300;;SUBMISSION;VEV_4000;XIREC;1267.0;1
363400;;SUBMISSION;VEV_5500;XIREC;6.0;28
363400;SUBMISSION;;VEV_5500;XIREC;7.0;28
363500;;SUBMISSION;VEV_5500;XIREC;6.0;17
363500;SUBMISSION;;VEV_5500;XIREC;7.0;17
363600;;SUBMISSION;VEV_5500;XIREC;6.0;6
363600;SUBMISSION;;VEV_5500;XIREC;7.0;6
363800;;SUBMISSION;VEV_5400;XIREC;14.0;24
363800;SUBMISSION;;VEV_5400;XIREC;15.0;24
363900;;SUBMISSION;VEV_5400;XIREC;14.0;24
363900;SUBMISSION;;VEV_5400;XIREC;15.0;24
365300;;;HYDROGEL_PACK;XIREC;9984.0;2
365400;;;VELVETFRUIT_EXTRACT;XIREC;5257.0;7
365600;;;VEV_5300;XIREC;45.0;4
365600;;;VEV_5400;XIREC;14.0;4
365600;;;VEV_5500;XIREC;5.0;4
365600;;;VEV_6000;XIREC;0.0;4
365600;;;VEV_6500;XIREC;0.0;4
366300;;SUBMISSION;VEV_5400;XIREC;14.0;25
366300;SUBMISSION;;VEV_5400;XIREC;15.0;25
366400;;SUBMISSION;VEV_5400;XIREC;14.0;16
366400;SUBMISSION;;VEV_5400;XIREC;15.0;16
366500;;SUBMISSION;HYDROGEL_PACK;XIREC;10000.0;2
366500;;SUBMISSION;VEV_5400;XIREC;14.0;19
366500;SUBMISSION;;VEV_5400;XIREC;15.0;19
366600;;SUBMISSION;VEV_5400;XIREC;14.0;24
366600;SUBMISSION;;VEV_5400;XIREC;15.0;24
366700;;SUBMISSION;VEV_5400;XIREC;14.0;16
366700;SUBMISSION;;VEV_5400;XIREC;15.0;16
366800;;SUBMISSION;VEV_5400;XIREC;14.0;23
366800;SUBMISSION;;VEV_5400;XIREC;15.0;23
366900;;SUBMISSION;VEV_5400;XIREC;14.0;30
366900;SUBMISSION;;VEV_5400;XIREC;15.0;30
367100;;SUBMISSION;VEV_5400;XIREC;14.0;26
367100;SUBMISSION;;VEV_5400;XIREC;15.0;26
367200;;SUBMISSION;VEV_5400;XIREC;14.0;24
367200;SUBMISSION;;VEV_5400;XIREC;15.0;24
367300;;SUBMISSION;VEV_5400;XIREC;14.0;16
367300;SUBMISSION;;VEV_5400;XIREC;15.0;16
367400;;SUBMISSION;VEV_5400;XIREC;14.0;20
367400;SUBMISSION;;VEV_5400;XIREC;15.0;20
367500;;SUBMISSION;VEV_5400;XIREC;14.0;27
367500;SUBMISSION;;VEV_5400;XIREC;15.0;27
367600;;SUBMISSION;VEV_5400;XIREC;14.0;27
367600;SUBMISSION;;VEV_5400;XIREC;15.0;27
367900;;SUBMISSION;VEV_5400;XIREC;14.0;22
367900;SUBMISSION;;VEV_5400;XIREC;15.0;22
368000;;SUBMISSION;VEV_5400;XIREC;14.0;28
368000;SUBMISSION;;VEV_5400;XIREC;15.0;28
368100;;SUBMISSION;VEV_5400;XIREC;14.0;23
368100;SUBMISSION;;VEV_5400;XIREC;15.0;23
368100;;;VELVETFRUIT_EXTRACT;XIREC;5256.0;6
368200;;SUBMISSION;VEV_4000;XIREC;1265.0;2
368200;;SUBMISSION;VEV_5400;XIREC;14.0;21
368200;SUBMISSION;;VEV_5400;XIREC;15.0;21
368300;;SUBMISSION;VEV_5400;XIREC;14.0;24
368300;SUBMISSION;;VEV_5400;XIREC;15.0;24
368400;;SUBMISSION;VEV_5400;XIREC;14.0;26
368400;SUBMISSION;;VEV_5400;XIREC;15.0;26
368500;;SUBMISSION;VEV_5400;XIREC;14.0;22
368500;SUBMISSION;;VEV_5400;XIREC;15.0;22
368600;;SUBMISSION;VEV_5400;XIREC;14.0;22
368600;SUBMISSION;;VEV_5400;XIREC;15.0;22
368700;;SUBMISSION;VEV_5400;XIREC;14.0;28
368700;SUBMISSION;;VEV_5400;XIREC;15.0;28
368800;;SUBMISSION;VEV_5400;XIREC;14.0;17
368800;SUBMISSION;;VEV_5400;XIREC;15.0;17
368900;;SUBMISSION;VEV_5400;XIREC;14.0;30
368900;SUBMISSION;;VEV_5400;XIREC;15.0;27
369000;SUBMISSION;;VEV_5400;XIREC;15.0;3
370600;;SUBMISSION;VEV_4000;XIREC;1256.0;3
370700;SUBMISSION;;VEV_4000;XIREC;1246.0;2
372300;;;VELVETFRUIT_EXTRACT;XIREC;5250.0;6
372300;;;VEV_4000;XIREC;1264.0;2
373100;;;VELVETFRUIT_EXTRACT;XIREC;5256.0;6
373800;;;VEV_5500;XIREC;5.0;4
373800;;;VEV_6000;XIREC;0.0;4
373800;;;VEV_6500;XIREC;0.0;4
376300;;;VEV_5400;XIREC;13.0;5
376300;;;VEV_5500;XIREC;5.0;5
376300;;;VEV_6000;XIREC;0.0;5
376300;;;VEV_6500;XIREC;0.0;5
376700;;;VELVETFRUIT_EXTRACT;XIREC;5250.0;7
378300;;SUBMISSION;VEV_5500;XIREC;5.0;10
378300;SUBMISSION;;VEV_5500;XIREC;6.0;10
378400;;;VELVETFRUIT_EXTRACT;XIREC;5249.0;10
381700;;SUBMISSION;VEV_5500;XIREC;5.0;7
381700;SUBMISSION;;VEV_5500;XIREC;6.0;7
381800;;SUBMISSION;VEV_5500;XIREC;5.0;7
381800;SUBMISSION;;VEV_5500;XIREC;6.0;7
382200;;;VELVETFRUIT_EXTRACT;XIREC;5253.0;5
383100;;;VELVETFRUIT_EXTRACT;XIREC;5254.0;6
384800;;;HYDROGEL_PACK;XIREC;9978.0;4
385000;;SUBMISSION;VEV_5400;XIREC;12.0;25
385000;SUBMISSION;;VEV_5400;XIREC;13.0;25
385100;;SUBMISSION;VEV_5400;XIREC;12.0;22
385100;SUBMISSION;;VEV_5400;XIREC;13.0;22
385100;;SUBMISSION;VEV_5500;XIREC;4.0;22
385100;SUBMISSION;;VEV_5500;XIREC;5.0;22
385100;;;VELVETFRUIT_EXTRACT;XIREC;5245.0;9
385200;;SUBMISSION;VEV_5400;XIREC;12.0;23
385200;SUBMISSION;;VEV_5400;XIREC;13.0;23
385200;;SUBMISSION;VEV_5500;XIREC;4.0;23
385200;SUBMISSION;;VEV_5500;XIREC;5.0;23
385300;;SUBMISSION;VEV_5400;XIREC;12.0;18
385300;SUBMISSION;;VEV_5400;XIREC;13.0;18
385300;;SUBMISSION;VEV_5500;XIREC;4.0;18
385300;SUBMISSION;;VEV_5500;XIREC;5.0;18
385400;;SUBMISSION;VEV_5500;XIREC;4.0;18
385400;SUBMISSION;;VEV_5500;XIREC;5.0;18
385500;SUBMISSION;;HYDROGEL_PACK;XIREC;9973.0;2
385500;;SUBMISSION;VEV_5500;XIREC;4.0;23
385500;SUBMISSION;;VEV_5500;XIREC;5.0;23
385500;;;HYDROGEL_PACK;XIREC;9972.0;3
385600;;SUBMISSION;VEV_5500;XIREC;4.0;19
385600;SUBMISSION;;VEV_5500;XIREC;5.0;19
387500;;SUBMISSION;HYDROGEL_PACK;XIREC;9990.0;3
389000;;;VEV_5300;XIREC;38.0;2
389000;;;VEV_5400;XIREC;11.0;2
389000;;;VEV_5500;XIREC;4.0;2
389000;;;VEV_6000;XIREC;0.0;2
389000;;;VEV_6500;XIREC;0.0;2
389600;;SUBMISSION;VEV_4000;XIREC;1244.0;3
389600;;;VELVETFRUIT_EXTRACT;XIREC;5238.0;7
390200;SUBMISSION;;VEV_4000;XIREC;1234.0;1
390300;;;VEV_5300;XIREC;38.0;3
390300;;;VEV_5400;XIREC;11.0;3
390300;;;VEV_5500;XIREC;4.0;3
390300;;;VEV_6000;XIREC;0.0;3
390300;;;VEV_6500;XIREC;0.0;3
390500;;SUBMISSION;VEV_5500;XIREC;4.0;19
390500;SUBMISSION;;VEV_5500;XIREC;5.0;19
390600;;SUBMISSION;VEV_5500;XIREC;4.0;17
390600;SUBMISSION;;VEV_5500;XIREC;5.0;17
390700;;SUBMISSION;VEV_5500;XIREC;4.0;23
390700;SUBMISSION;;VEV_5500;XIREC;5.0;23
390800;;SUBMISSION;VEV_5500;XIREC;4.0;17
390800;SUBMISSION;;VEV_5500;XIREC;5.0;17
390900;;SUBMISSION;VEV_5500;XIREC;4.0;28
390900;SUBMISSION;;VEV_5500;XIREC;5.0;28
391000;;SUBMISSION;VEV_5500;XIREC;4.0;22
391000;SUBMISSION;;VEV_5500;XIREC;5.0;22
391100;;SUBMISSION;VEV_5500;XIREC;4.0;23
391100;SUBMISSION;;VEV_5500;XIREC;5.0;23
391200;;SUBMISSION;VEV_5500;XIREC;4.0;23
391200;SUBMISSION;;VEV_5500;XIREC;5.0;23
391300;;SUBMISSION;VEV_5500;XIREC;4.0;30
391300;SUBMISSION;;VEV_5500;XIREC;5.0;30
391400;;SUBMISSION;VEV_5500;XIREC;4.0;17
391400;SUBMISSION;;VEV_5500;XIREC;5.0;17
391500;;SUBMISSION;VEV_5500;XIREC;4.0;19
391500;SUBMISSION;;VEV_5500;XIREC;5.0;19
391600;SUBMISSION;;HYDROGEL_PACK;XIREC;9971.0;2
391600;;SUBMISSION;VEV_5500;XIREC;4.0;27
391600;SUBMISSION;;VEV_5500;XIREC;5.0;27
391700;;SUBMISSION;HYDROGEL_PACK;XIREC;9987.0;2
391700;;SUBMISSION;VEV_5400;XIREC;12.0;25
391700;SUBMISSION;;VEV_5400;XIREC;13.0;25
391700;;SUBMISSION;VEV_5500;XIREC;4.0;25
391700;SUBMISSION;;VEV_5500;XIREC;5.0;25
391800;;SUBMISSION;VEV_5500;XIREC;4.0;23
391800;SUBMISSION;;VEV_5500;XIREC;5.0;23
391900;;SUBMISSION;VEV_5500;XIREC;4.0;26
391900;SUBMISSION;;VEV_5500;XIREC;5.0;26
392000;;SUBMISSION;VEV_5400;XIREC;12.0;22
392000;SUBMISSION;;VEV_5400;XIREC;13.0;22
392000;;SUBMISSION;VEV_5500;XIREC;4.0;22
392000;SUBMISSION;;VEV_5500;XIREC;5.0;22
392100;;SUBMISSION;VEV_5400;XIREC;12.0;16
392100;SUBMISSION;;VEV_5400;XIREC;13.0;16
392100;;SUBMISSION;VEV_5500;XIREC;4.0;16
392100;SUBMISSION;;VEV_5500;XIREC;5.0;16
392200;;SUBMISSION;VEV_5500;XIREC;4.0;19
392200;SUBMISSION;;VEV_5500;XIREC;5.0;19
392300;;SUBMISSION;VEV_5400;XIREC;12.0;17
392300;SUBMISSION;;VEV_5400;XIREC;13.0;17
392300;;SUBMISSION;VEV_5500;XIREC;4.0;17
392300;SUBMISSION;;VEV_5500;XIREC;5.0;17
392400;;SUBMISSION;HYDROGEL_PACK;XIREC;9989.0;5
392400;;SUBMISSION;VEV_5400;XIREC;12.0;23
392400;SUBMISSION;;VEV_5400;XIREC;13.0;23
392400;;SUBMISSION;VEV_5500;XIREC;4.0;23
392400;SUBMISSION;;VEV_5500;XIREC;5.0;23
392500;;SUBMISSION;VEV_5400;XIREC;12.0;7
392500;SUBMISSION;;VEV_5400;XIREC;13.0;7
392500;;SUBMISSION;VEV_5500;XIREC;4.0;20
392500;SUBMISSION;;VEV_5500;XIREC;5.0;20
392600;;SUBMISSION;VEV_5500;XIREC;4.0;22
392600;SUBMISSION;;VEV_5500;XIREC;5.0;22
392700;;SUBMISSION;VEV_5500;XIREC;4.0;28
392700;SUBMISSION;;VEV_5500;XIREC;5.0;28
392800;;SUBMISSION;VEV_5500;XIREC;4.0;22
392800;SUBMISSION;;VEV_5500;XIREC;5.0;22
392900;;SUBMISSION;VEV_5500;XIREC;4.0;18
392900;SUBMISSION;;VEV_5500;XIREC;5.0;18
393000;;SUBMISSION;VEV_5500;XIREC;4.0;28
393000;SUBMISSION;;VEV_5500;XIREC;5.0;28
393100;;SUBMISSION;VEV_5500;XIREC;4.0;21
393100;SUBMISSION;;VEV_5500;XIREC;5.0;21
393200;;SUBMISSION;VEV_5500;XIREC;4.0;22
393200;SUBMISSION;;VEV_5500;XIREC;5.0;22
393300;;SUBMISSION;VEV_5400;XIREC;12.0;10
393300;SUBMISSION;;VEV_5400;XIREC;13.0;10
393300;;SUBMISSION;VEV_5500;XIREC;4.0;26
393300;SUBMISSION;;VEV_5500;XIREC;5.0;26
393400;;SUBMISSION;VEV_5500;XIREC;4.0;26
393400;SUBMISSION;;VEV_5500;XIREC;5.0;26
393500;;SUBMISSION;VEV_5500;XIREC;4.0;29
393500;SUBMISSION;;VEV_5500;XIREC;5.0;29
393600;;SUBMISSION;VEV_5500;XIREC;4.0;16
393600;SUBMISSION;;VEV_5500;XIREC;5.0;16
393700;;SUBMISSION;VEV_5500;XIREC;4.0;24
393700;SUBMISSION;;VEV_5500;XIREC;5.0;24
393800;;SUBMISSION;VEV_5500;XIREC;4.0;25
393800;SUBMISSION;;VEV_5500;XIREC;5.0;25
393900;;SUBMISSION;VEV_5500;XIREC;4.0;21
393900;SUBMISSION;;VEV_5500;XIREC;5.0;21
394000;;SUBMISSION;VEV_5500;XIREC;4.0;27
394000;SUBMISSION;;VEV_5500;XIREC;5.0;27
394100;;SUBMISSION;VEV_5500;XIREC;4.0;16
394100;SUBMISSION;;VEV_5500;XIREC;5.0;16
394100;;;HYDROGEL_PACK;XIREC;9975.0;6
394200;;SUBMISSION;VEV_5500;XIREC;4.0;21
394200;SUBMISSION;;VEV_5500;XIREC;5.0;21
394300;SUBMISSION;;HYDROGEL_PACK;XIREC;9970.0;8
394300;;SUBMISSION;VEV_5400;XIREC;12.0;5
394300;SUBMISSION;;VEV_5400;XIREC;13.0;5
394300;;SUBMISSION;VEV_5500;XIREC;4.0;25
394300;SUBMISSION;;VEV_5500;XIREC;5.0;25
394300;;;HYDROGEL_PACK;XIREC;9970.0;5
394400;;SUBMISSION;VEV_5400;XIREC;12.0;21
394400;SUBMISSION;;VEV_5400;XIREC;13.0;21
394400;;SUBMISSION;VEV_5500;XIREC;4.0;21
394400;SUBMISSION;;VEV_5500;XIREC;5.0;21
394500;;SUBMISSION;VEV_5400;XIREC;12.0;25
394500;SUBMISSION;;VEV_5400;XIREC;13.0;25
394500;;SUBMISSION;VEV_5500;XIREC;4.0;25
394500;SUBMISSION;;VEV_5500;XIREC;5.0;25
394600;;SUBMISSION;VEV_5400;XIREC;12.0;23
394600;SUBMISSION;;VEV_5400;XIREC;13.0;23
394600;;SUBMISSION;VEV_5500;XIREC;4.0;23
394600;SUBMISSION;;VEV_5500;XIREC;5.0;23
394700;;SUBMISSION;VEV_5400;XIREC;12.0;9
394700;SUBMISSION;;VEV_5400;XIREC;13.0;9
394700;;SUBMISSION;VEV_5500;XIREC;4.0;19
394700;SUBMISSION;;VEV_5500;XIREC;5.0;19
394800;;SUBMISSION;VEV_5500;XIREC;4.0;26
394800;SUBMISSION;;VEV_5500;XIREC;5.0;26
394900;;SUBMISSION;VEV_5400;XIREC;12.0;23
394900;SUBMISSION;;VEV_5400;XIREC;13.0;23
394900;;SUBMISSION;VEV_5500;XIREC;4.0;23
394900;SUBMISSION;;VEV_5500;XIREC;5.0;23
395000;;SUBMISSION;VEV_5400;XIREC;12.0;19
395000;SUBMISSION;;VEV_5400;XIREC;13.0;19
395000;;SUBMISSION;VEV_5500;XIREC;4.0;19
395000;SUBMISSION;;VEV_5500;XIREC;5.0;19
395100;;SUBMISSION;VEV_5400;XIREC;12.0;22
395100;SUBMISSION;;VEV_5400;XIREC;13.0;22
395100;;SUBMISSION;VEV_5500;XIREC;4.0;22
395100;SUBMISSION;;VEV_5500;XIREC;5.0;22
395200;;SUBMISSION;VEV_5500;XIREC;4.0;26
395200;SUBMISSION;;VEV_5500;XIREC;5.0;26
395300;;SUBMISSION;VEV_5500;XIREC;4.0;21
395300;SUBMISSION;;VEV_5500;XIREC;5.0;21
395400;;SUBMISSION;VEV_5500;XIREC;4.0;28
395400;SUBMISSION;;VEV_5500;XIREC;5.0;28
395500;;SUBMISSION;VEV_5500;XIREC;4.0;17
395500;SUBMISSION;;VEV_5500;XIREC;5.0;17
395600;;SUBMISSION;VEV_5500;XIREC;4.0;26
395600;SUBMISSION;;VEV_5500;XIREC;5.0;26
395700;;SUBMISSION;VEV_5500;XIREC;4.0;18
395700;SUBMISSION;;VEV_5500;XIREC;5.0;18
395800;;SUBMISSION;VEV_5500;XIREC;4.0;22
395800;SUBMISSION;;VEV_5500;XIREC;5.0;22
395900;;SUBMISSION;VEV_5500;XIREC;4.0;23
395900;SUBMISSION;;VEV_5500;XIREC;5.0;23
396000;;SUBMISSION;VEV_5500;XIREC;4.0;23
396000;SUBMISSION;;VEV_5500;XIREC;5.0;23
396100;;SUBMISSION;VEV_5500;XIREC;4.0;22
396100;SUBMISSION;;VEV_5500;XIREC;5.0;22
396200;;SUBMISSION;VEV_5500;XIREC;4.0;22
396200;SUBMISSION;;VEV_5500;XIREC;5.0;22
396300;;SUBMISSION;VEV_5500;XIREC;4.0;26
396300;SUBMISSION;;VEV_5500;XIREC;5.0;26
396400;;SUBMISSION;VEV_5500;XIREC;4.0;19
396400;SUBMISSION;;VEV_5500;XIREC;5.0;19
396500;;SUBMISSION;VEV_5500;XIREC;4.0;26
396500;SUBMISSION;;VEV_5500;XIREC;5.0;26
396600;;SUBMISSION;VEV_5500;XIREC;4.0;19
396600;SUBMISSION;;VEV_5500;XIREC;5.0;19
396700;;SUBMISSION;VEV_5500;XIREC;4.0;23
396700;SUBMISSION;;VEV_5500;XIREC;5.0;23
396800;;SUBMISSION;VEV_5500;XIREC;4.0;17
396800;SUBMISSION;;VEV_5500;XIREC;5.0;17
396900;;SUBMISSION;VEV_5500;XIREC;4.0;24
396900;SUBMISSION;;VEV_5500;XIREC;5.0;24
397000;;SUBMISSION;VEV_5500;XIREC;4.0;25
397000;SUBMISSION;;VEV_5500;XIREC;5.0;25
397100;;SUBMISSION;VEV_5400;XIREC;11.0;8
397100;SUBMISSION;;VEV_5400;XIREC;12.0;8
397100;;SUBMISSION;VEV_5500;XIREC;4.0;28
397100;SUBMISSION;;VEV_5500;XIREC;5.0;28
397200;;SUBMISSION;VEV_5500;XIREC;4.0;22
397200;SUBMISSION;;VEV_5500;XIREC;5.0;22
397300;SUBMISSION;;VEV_4000;XIREC;1231.0;2
397300;;SUBMISSION;VEV_5500;XIREC;4.0;24
397300;SUBMISSION;;VEV_5500;XIREC;5.0;24
