timestamp;buyer;seller;symbol;currency;price;quantity
900;;SUBMISSION;TOMATOES;SEASHELLS;5003;2
1700;;SUBMISSION;TOMATOES;SEASHELLS;5002;3
4000;;SUBMISSION;EMERALDS;SEASHELLS;10002;7
4100;;SUBMISSION;TOMATOES;SEASHELLS;4998;3
5200;SUBMISSION;;EMERALDS;SEASHELLS;9998;5
6700;SUBMISSION;;TOMATOES;SEASHELLS;4992;5
7100;;SUBMISSION;TOMATOES;SEASHELLS;4996;3
10500;;SUBMISSION;EMERALDS;SEASHELLS;10002;5
11200;SUBMISSION;;TOMATOES;SEASHELLS;4990;4
11300;SUBMISSION;;EMERALDS;SEASHELLS;9998;3
12700;;SUBMISSION;TOMATOES;SEASHELLS;4994;2
13600;SUBMISSION;;TOMATOES;SEASHELLS;4993;2
14100;;SUBMISSION;TOMATOES;SEASHELLS;4994;2
17100;SUBMISSION;;TOMATOES;SEASHELLS;4991;4
17800;SUBMISSION;;TOMATOES;SEASHELLS;4990;5
18000;SUBMISSION;;TOMATOES;SEASHELLS;4992;3
24000;;SUBMISSION;TOMATOES;SEASHELLS;4996;5
27300;SUBMISSION;;TOMATOES;SEASHELLS;4992;5
32700;;SUBMISSION;TOMATOES;SEASHELLS;4999;3
35600;SUBMISSION;;EMERALDS;SEASHELLS;9998;5
38300;;SUBMISSION;EMERALDS;SEASHELLS;10002;4
38800;SUBMISSION;;EMERALDS;SEASHELLS;9998;6
39000;;SUBMISSION;TOMATOES;SEASHELLS;5000;5
41700;SUBMISSION;;TOMATOES;SEASHELLS;4994;2
42100;;SUBMISSION;EMERALDS;SEASHELLS;10002;8
43200;SUBMISSION;;TOMATOES;SEASHELLS;4996;3
45700;;SUBMISSION;EMERALDS;SEASHELLS;10002;4
47000;;SUBMISSION;EMERALDS;SEASHELLS;10002;4
51500;SUBMISSION;;TOMATOES;SEASHELLS;5003;2
53500;SUBMISSION;;EMERALDS;SEASHELLS;9998;6
62900;;SUBMISSION;EMERALDS;SEASHELLS;10002;5
65000;;SUBMISSION;TOMATOES;SEASHELLS;5012;5
65500;SUBMISSION;;EMERALDS;SEASHELLS;9998;5
67000;;SUBMISSION;TOMATOES;SEASHELLS;5015;5
68300;;SUBMISSION;TOMATOES;SEASHELLS;5016;2
68700;;SUBMISSION;TOMATOES;SEASHELLS;5016;4
69000;SUBMISSION;;TOMATOES;SEASHELLS;5010;5
73400;;SUBMISSION;TOMATOES;SEASHELLS;5017;5
84300;SUBMISSION;;EMERALDS;SEASHELLS;9998;8
91000;;SUBMISSION;EMERALDS;SEASHELLS;10002;3
92800;SUBMISSION;;EMERALDS;SEASHELLS;9998;6
93000;SUBMISSION;;TOMATOES;SEASHELLS;5016;5
93300;SUBMISSION;;TOMATOES;SEASHELLS;5015;3
98800;;SUBMISSION;TOMATOES;SEASHELLS;5019;3
99600;;SUBMISSION;TOMATOES;SEASHELLS;5020;4
103000;SUBMISSION;;TOMATOES;SEASHELLS;5018;3
104300;;SUBMISSION;EMERALDS;SEASHELLS;10002;6
104600;SUBMISSION;;TOMATOES;SEASHELLS;5017;3
111900;SUBMISSION;;EMERALDS;SEASHELLS;9998;7
112000;SUBMISSION;;TOMATOES;SEASHELLS;5018;5
114400;SUBMISSION;;TOMATOES;SEASHELLS;5019;2
115300;SUBMISSION;;TOMATOES;SEASHELLS;5018;4
115500;;SUBMISSION;TOMATOES;SEASHELLS;5020;3
116900;;SUBMISSION;TOMATOES;SEASHELLS;5016;3
117800;;SUBMISSION;TOMATOES;SEASHELLS;5016;3
119100;;SUBMISSION;TOMATOES;SEASHELLS;5019;5
120700;SUBMISSION;;EMERALDS;SEASHELLS;9998;8
120700;;SUBMISSION;TOMATOES;SEASHELLS;5019;2
121200;SUBMISSION;;TOMATOES;SEASHELLS;5012;5
121800;;SUBMISSION;TOMATOES;SEASHELLS;5022;4
122400;;SUBMISSION;TOMATOES;SEASHELLS;5024;5
123000;SUBMISSION;;EMERALDS;SEASHELLS;9998;8
125300;SUBMISSION;;TOMATOES;SEASHELLS;5016;4
125900;SUBMISSION;;EMERALDS;SEASHELLS;9998;4
127200;;SUBMISSION;EMERALDS;SEASHELLS;10002;7
127400;SUBMISSION;;TOMATOES;SEASHELLS;5016;2
129700;SUBMISSION;;EMERALDS;SEASHELLS;9998;3
131400;;SUBMISSION;TOMATOES;SEASHELLS;5015;2
131900;;SUBMISSION;TOMATOES;SEASHELLS;5014;2
132600;;SUBMISSION;EMERALDS;SEASHELLS;10002;5
133800;;SUBMISSION;TOMATOES;SEASHELLS;5012;2
137000;SUBMISSION;;TOMATOES;SEASHELLS;5008;4
139800;;SUBMISSION;TOMATOES;SEASHELLS;5009;3
140400;;SUBMISSION;EMERALDS;SEASHELLS;10002;8
140600;SUBMISSION;;EMERALDS;SEASHELLS;9998;5
143400;SUBMISSION;;TOMATOES;SEASHELLS;5004;2
143800;;SUBMISSION;EMERALDS;SEASHELLS;10002;5
147200;;SUBMISSION;TOMATOES;SEASHELLS;5004;4
147600;;SUBMISSION;TOMATOES;SEASHELLS;5004;4
149200;SUBMISSION;;EMERALDS;SEASHELLS;9998;8
153300;SUBMISSION;;TOMATOES;SEASHELLS;5001;3
156400;SUBMISSION;;EMERALDS;SEASHELLS;9998;6
157200;;SUBMISSION;TOMATOES;SEASHELLS;5002;3
158700;SUBMISSION;;TOMATOES;SEASHELLS;4996;2
159600;SUBMISSION;;EMERALDS;SEASHELLS;9998;8
159700;;SUBMISSION;EMERALDS;SEASHELLS;10002;8
159900;;SUBMISSION;EMERALDS;SEASHELLS;10002;8
164000;SUBMISSION;;EMERALDS;SEASHELLS;9998;3
164200;SUBMISSION;;TOMATOES;SEASHELLS;4992;5
165500;SUBMISSION;;TOMATOES;SEASHELLS;4996;3
165700;SUBMISSION;;TOMATOES;SEASHELLS;4995;3
167200;SUBMISSION;;TOMATOES;SEASHELLS;4997;2
168900;;SUBMISSION;TOMATOES;SEASHELLS;5001;2
174400;SUBMISSION;;TOMATOES;SEASHELLS;4992;5
175800;;SUBMISSION;TOMATOES;SEASHELLS;4996;5
177100;SUBMISSION;;TOMATOES;SEASHELLS;4992;3
178600;SUBMISSION;;EMERALDS;SEASHELLS;9998;5
179200;;SUBMISSION;TOMATOES;SEASHELLS;4999;2
179400;;SUBMISSION;TOMATOES;SEASHELLS;4996;2
182800;;SUBMISSION;TOMATOES;SEASHELLS;4996;5
183100;SUBMISSION;;TOMATOES;SEASHELLS;4991;2
183700;SUBMISSION;;TOMATOES;SEASHELLS;4991;4
183900;;SUBMISSION;TOMATOES;SEASHELLS;4995;2
184800;;SUBMISSION;TOMATOES;SEASHELLS;4990;2
185200;SUBMISSION;;TOMATOES;SEASHELLS;4990;4
187600;SUBMISSION;;TOMATOES;SEASHELLS;4994;4
188000;;SUBMISSION;TOMATOES;SEASHELLS;4998;3
191400;;SUBMISSION;TOMATOES;SEASHELLS;4998;5
192400;SUBMISSION;;TOMATOES;SEASHELLS;4996;5
192900;;SUBMISSION;EMERALDS;SEASHELLS;10002;8
193400;;SUBMISSION;TOMATOES;SEASHELLS;5000;2
193500;SUBMISSION;;TOMATOES;SEASHELLS;4996;3
193700;SUBMISSION;;EMERALDS;SEASHELLS;9998;5
194100;SUBMISSION;;EMERALDS;SEASHELLS;9998;5
197100;SUBMISSION;;TOMATOES;SEASHELLS;4996;3
202400;SUBMISSION;;TOMATOES;SEASHELLS;4998;5
203900;;SUBMISSION;TOMATOES;SEASHELLS;5002;5
204100;;SUBMISSION;TOMATOES;SEASHELLS;5002;3
207600;;SUBMISSION;EMERALDS;SEASHELLS;10002;3
209300;SUBMISSION;;TOMATOES;SEASHELLS;5000;4
209600;SUBMISSION;;TOMATOES;SEASHELLS;5000;2
209900;SUBMISSION;;EMERALDS;SEASHELLS;9998;8
210200;SUBMISSION;;TOMATOES;SEASHELLS;5000;4
211000;SUBMISSION;;TOMATOES;SEASHELLS;5000;4
211800;;SUBMISSION;TOMATOES;SEASHELLS;5004;2
211900;SUBMISSION;;EMERALDS;SEASHELLS;9998;6
211900;SUBMISSION;;TOMATOES;SEASHELLS;5000;4
215200;SUBMISSION;;EMERALDS;SEASHELLS;9998;7
217300;SUBMISSION;;EMERALDS;SEASHELLS;9998;3
217700;;SUBMISSION;TOMATOES;SEASHELLS;5000;3
218700;SUBMISSION;;TOMATOES;SEASHELLS;4996;4
225900;;SUBMISSION;TOMATOES;SEASHELLS;5001;3
232400;SUBMISSION;;EMERALDS;SEASHELLS;9998;5
233400;;SUBMISSION;TOMATOES;SEASHELLS;5000;2
233500;SUBMISSION;;TOMATOES;SEASHELLS;4995;2
233700;SUBMISSION;;TOMATOES;SEASHELLS;4995;4
235100;SUBMISSION;;TOMATOES;SEASHELLS;4996;5
236900;SUBMISSION;;EMERALDS;SEASHELLS;9998;6
243000;SUBMISSION;;TOMATOES;SEASHELLS;4992;3
244200;SUBMISSION;;EMERALDS;SEASHELLS;9998;3
245500;;SUBMISSION;TOMATOES;SEASHELLS;4998;5
247400;SUBMISSION;;TOMATOES;SEASHELLS;4996;4
250200;SUBMISSION;;TOMATOES;SEASHELLS;4996;3
255300;SUBMISSION;;EMERALDS;SEASHELLS;9998;6
255800;SUBMISSION;;TOMATOES;SEASHELLS;4999;3
257600;SUBMISSION;;TOMATOES;SEASHELLS;4994;2
258100;;SUBMISSION;TOMATOES;SEASHELLS;4998;3
258200;;SUBMISSION;TOMATOES;SEASHELLS;4997;4
259000;;SUBMISSION;TOMATOES;SEASHELLS;4996;3
259700;SUBMISSION;;TOMATOES;SEASHELLS;4993;2
259900;;SUBMISSION;TOMATOES;SEASHELLS;4997;3
260200;SUBMISSION;;TOMATOES;SEASHELLS;4994;3
260800;SUBMISSION;;TOMATOES;SEASHELLS;4994;4
261400;;SUBMISSION;EMERALDS;SEASHELLS;10002;3
263300;SUBMISSION;;EMERALDS;SEASHELLS;9998;3
263400;;SUBMISSION;TOMATOES;SEASHELLS;4999;2
263500;SUBMISSION;;TOMATOES;SEASHELLS;4996;3
264200;SUBMISSION;;EMERALDS;SEASHELLS;9998;3
271100;;SUBMISSION;EMERALDS;SEASHELLS;10002;3
272600;;SUBMISSION;TOMATOES;SEASHELLS;5004;4
273100;SUBMISSION;;EMERALDS;SEASHELLS;9998;6
274200;;SUBMISSION;TOMATOES;SEASHELLS;5007;2
275200;;SUBMISSION;TOMATOES;SEASHELLS;5008;2
275500;;SUBMISSION;TOMATOES;SEASHELLS;5008;2
276900;SUBMISSION;;TOMATOES;SEASHELLS;5003;4
278500;;SUBMISSION;EMERALDS;SEASHELLS;10002;5
280900;SUBMISSION;;TOMATOES;SEASHELLS;5010;4
281200;;SUBMISSION;TOMATOES;SEASHELLS;5012;5
282200;;SUBMISSION;TOMATOES;SEASHELLS;5012;4
283400;SUBMISSION;;TOMATOES;SEASHELLS;5006;5
286300;SUBMISSION;;TOMATOES;SEASHELLS;5007;2
289600;;SUBMISSION;EMERALDS;SEASHELLS;10002;4
289600;SUBMISSION;;TOMATOES;SEASHELLS;5000;3
292200;;SUBMISSION;TOMATOES;SEASHELLS;5006;5
298300;;SUBMISSION;TOMATOES;SEASHELLS;5003;3
298800;;SUBMISSION;EMERALDS;SEASHELLS;10002;5
302300;;SUBMISSION;EMERALDS;SEASHELLS;10002;5
305800;;SUBMISSION;EMERALDS;SEASHELLS;10002;7
307300;SUBMISSION;;TOMATOES;SEASHELLS;5002;4
307700;;SUBMISSION;EMERALDS;SEASHELLS;10002;4
308300;SUBMISSION;;EMERALDS;SEASHELLS;9998;5
308400;;SUBMISSION;EMERALDS;SEASHELLS;10002;6
308500;SUBMISSION;;EMERALDS;SEASHELLS;9998;4
311300;SUBMISSION;;TOMATOES;SEASHELLS;4998;3
311600;SUBMISSION;;TOMATOES;SEASHELLS;4998;4
313700;;SUBMISSION;TOMATOES;SEASHELLS;5004;4
316800;;SUBMISSION;TOMATOES;SEASHELLS;5006;4
322400;;SUBMISSION;TOMATOES;SEASHELLS;5008;5
322500;SUBMISSION;;TOMATOES;SEASHELLS;5004;3
324200;SUBMISSION;;EMERALDS;SEASHELLS;9998;4
324400;;SUBMISSION;EMERALDS;SEASHELLS;10002;4
324600;;SUBMISSION;EMERALDS;SEASHELLS;10002;6
325400;SUBMISSION;;EMERALDS;SEASHELLS;9998;4
330500;SUBMISSION;;TOMATOES;SEASHELLS;5011;3
331600;SUBMISSION;;EMERALDS;SEASHELLS;9998;6
332500;SUBMISSION;;EMERALDS;SEASHELLS;9998;4
332500;SUBMISSION;;TOMATOES;SEASHELLS;5012;4
332600;;SUBMISSION;TOMATOES;SEASHELLS;5016;4
334400;;SUBMISSION;TOMATOES;SEASHELLS;5016;3
335100;;SUBMISSION;TOMATOES;SEASHELLS;5016;5
335500;;SUBMISSION;EMERALDS;SEASHELLS;10002;4
337000;;SUBMISSION;TOMATOES;SEASHELLS;5022;4
340000;SUBMISSION;;TOMATOES;SEASHELLS;5013;4
342000;SUBMISSION;;TOMATOES;SEASHELLS;5010;2
345300;SUBMISSION;;EMERALDS;SEASHELLS;9998;5
345400;;SUBMISSION;TOMATOES;SEASHELLS;5018;5
349400;SUBMISSION;;TOMATOES;SEASHELLS;5012;3
350400;SUBMISSION;;EMERALDS;SEASHELLS;9998;3
351100;SUBMISSION;;TOMATOES;SEASHELLS;5013;5
355700;SUBMISSION;;EMERALDS;SEASHELLS;9998;8
356100;;SUBMISSION;TOMATOES;SEASHELLS;5019;2
357700;SUBMISSION;;TOMATOES;SEASHELLS;5015;5
359800;SUBMISSION;;TOMATOES;SEASHELLS;5015;4
363300;;SUBMISSION;EMERALDS;SEASHELLS;10002;6
367500;SUBMISSION;;TOMATOES;SEASHELLS;5014;5
368900;SUBMISSION;;TOMATOES;SEASHELLS;5013;3
370300;;SUBMISSION;TOMATOES;SEASHELLS;5015;5
372000;SUBMISSION;;TOMATOES;SEASHELLS;5013;2
375700;SUBMISSION;;TOMATOES;SEASHELLS;5014;5
376600;;SUBMISSION;EMERALDS;SEASHELLS;10002;5
376700;SUBMISSION;;TOMATOES;SEASHELLS;5014;2
380500;SUBMISSION;;TOMATOES;SEASHELLS;5012;2
382300;SUBMISSION;;TOMATOES;SEASHELLS;5016;5
382700;;SUBMISSION;TOMATOES;SEASHELLS;5023;4
384000;;SUBMISSION;TOMATOES;SEASHELLS;5019;4
386800;;SUBMISSION;TOMATOES;SEASHELLS;5016;5
390300;;SUBMISSION;TOMATOES;SEASHELLS;5013;5
392600;SUBMISSION;;EMERALDS;SEASHELLS;9998;6
394300;;SUBMISSION;TOMATOES;SEASHELLS;5011;3
396600;SUBMISSION;;EMERALDS;SEASHELLS;9998;7
397900;;SUBMISSION;TOMATOES;SEASHELLS;5008;2
398700;;SUBMISSION;EMERALDS;SEASHELLS;10002;8
402300;;SUBMISSION;EMERALDS;SEASHELLS;10002;6
404400;;SUBMISSION;TOMATOES;SEASHELLS;5007;5
404800;;SUBMISSION;EMERALDS;SEASHELLS;10002;5
408800;;SUBMISSION;EMERALDS;SEASHELLS;10002;7
411200;;SUBMISSION;TOMATOES;SEASHELLS;5010;2
413000;;SUBMISSION;EMERALDS;SEASHELLS;10002;4
413600;SUBMISSION;;EMERALDS;SEASHELLS;9998;8
413900;SUBMISSION;;TOMATOES;SEASHELLS;5006;2
414000;SUBMISSION;;EMERALDS;SEASHELLS;9998;7
415800;;SUBMISSION;TOMATOES;SEASHELLS;5006;5
417900;SUBMISSION;;TOMATOES;SEASHELLS;5010;4
419700;SUBMISSION;;EMERALDS;SEASHELLS;9998;4
420800;SUBMISSION;;EMERALDS;SEASHELLS;9998;7
422300;;SUBMISSION;TOMATOES;SEASHELLS;5015;4
426300;SUBMISSION;;TOMATOES;SEASHELLS;5008;2
427500;;SUBMISSION;TOMATOES;SEASHELLS;5009;5
428600;;SUBMISSION;TOMATOES;SEASHELLS;5011;5
429100;;SUBMISSION;EMERALDS;SEASHELLS;10002;8
429500;SUBMISSION;;TOMATOES;SEASHELLS;5008;3
431000;;SUBMISSION;TOMATOES;SEASHELLS;5010;3
431500;;SUBMISSION;TOMATOES;SEASHELLS;5010;2
431900;SUBMISSION;;TOMATOES;SEASHELLS;5006;4
432700;SUBMISSION;;TOMATOES;SEASHELLS;5005;3
432900;;SUBMISSION;TOMATOES;SEASHELLS;5010;5
434900;SUBMISSION;;TOMATOES;SEASHELLS;5008;3
435100;;SUBMISSION;TOMATOES;SEASHELLS;5012;4
436600;;SUBMISSION;EMERALDS;SEASHELLS;10002;4
437300;SUBMISSION;;TOMATOES;SEASHELLS;5007;4
442000;SUBMISSION;;TOMATOES;SEASHELLS;5003;2
443900;;SUBMISSION;TOMATOES;SEASHELLS;5006;2
445800;SUBMISSION;;TOMATOES;SEASHELLS;5004;5
450300;SUBMISSION;;TOMATOES;SEASHELLS;5003;3
452300;SUBMISSION;;TOMATOES;SEASHELLS;4998;2
452400;;SUBMISSION;TOMATOES;SEASHELLS;5006;5
453100;SUBMISSION;;TOMATOES;SEASHELLS;5003;3
456000;;SUBMISSION;EMERALDS;SEASHELLS;10002;8
457800;SUBMISSION;;EMERALDS;SEASHELLS;9998;8
459000;;SUBMISSION;TOMATOES;SEASHELLS;5002;5
459200;;SUBMISSION;TOMATOES;SEASHELLS;5001;3
459700;;SUBMISSION;EMERALDS;SEASHELLS;10002;8
460900;SUBMISSION;;TOMATOES;SEASHELLS;4996;4
463900;;SUBMISSION;TOMATOES;SEASHELLS;5003;5
469700;SUBMISSION;;TOMATOES;SEASHELLS;4996;2
473100;;SUBMISSION;EMERALDS;SEASHELLS;10002;6
474600;SUBMISSION;;TOMATOES;SEASHELLS;4998;2
475300;;SUBMISSION;TOMATOES;SEASHELLS;5004;2
479300;;SUBMISSION;TOMATOES;SEASHELLS;4998;4
480500;;SUBMISSION;TOMATOES;SEASHELLS;5000;4
485700;;SUBMISSION;TOMATOES;SEASHELLS;4996;5
488400;SUBMISSION;;TOMATOES;SEASHELLS;4992;4
488900;SUBMISSION;;TOMATOES;SEASHELLS;4990;5
490800;SUBMISSION;;TOMATOES;SEASHELLS;4990;5
491600;SUBMISSION;;EMERALDS;SEASHELLS;9998;5
491900;SUBMISSION;;EMERALDS;SEASHELLS;9998;5
492400;;SUBMISSION;TOMATOES;SEASHELLS;4997;4
493300;SUBMISSION;;EMERALDS;SEASHELLS;9998;6
496700;SUBMISSION;;TOMATOES;SEASHELLS;4989;5
497600;SUBMISSION;;TOMATOES;SEASHELLS;4994;2
497900;SUBMISSION;;TOMATOES;SEASHELLS;4990;3
499000;SUBMISSION;;TOMATOES;SEASHELLS;4992;4
502900;;SUBMISSION;TOMATOES;SEASHELLS;4994;4
504900;;SUBMISSION;TOMATOES;SEASHELLS;4994;4
506800;SUBMISSION;;TOMATOES;SEASHELLS;4991;3
507200;SUBMISSION;;EMERALDS;SEASHELLS;9998;6
511100;SUBMISSION;;TOMATOES;SEASHELLS;4992;4
517600;SUBMISSION;;EMERALDS;SEASHELLS;9998;6
517700;;SUBMISSION;EMERALDS;SEASHELLS;10002;3
520600;;SUBMISSION;TOMATOES;SEASHELLS;4996;4
521000;;SUBMISSION;EMERALDS;SEASHELLS;10002;4
522600;SUBMISSION;;TOMATOES;SEASHELLS;4993;5
524100;SUBMISSION;;EMERALDS;SEASHELLS;9998;4
527600;SUBMISSION;;EMERALDS;SEASHELLS;9998;4
527700;SUBMISSION;;TOMATOES;SEASHELLS;4988;5
529400;SUBMISSION;;TOMATOES;SEASHELLS;4993;3
529600;SUBMISSION;;EMERALDS;SEASHELLS;9998;3
535200;SUBMISSION;;EMERALDS;SEASHELLS;9998;3
536100;;SUBMISSION;TOMATOES;SEASHELLS;5002;5
540700;SUBMISSION;;TOMATOES;SEASHELLS;5004;3
544200;SUBMISSION;;TOMATOES;SEASHELLS;5002;3
545500;SUBMISSION;;TOMATOES;SEASHELLS;5006;5
548300;;SUBMISSION;TOMATOES;SEASHELLS;5008;4
549100;;SUBMISSION;EMERALDS;SEASHELLS;10002;6
551500;SUBMISSION;;EMERALDS;SEASHELLS;9998;5
553700;;SUBMISSION;TOMATOES;SEASHELLS;5008;4
554300;SUBMISSION;;TOMATOES;SEASHELLS;5002;3
562200;;SUBMISSION;EMERALDS;SEASHELLS;10002;7
563000;;SUBMISSION;TOMATOES;SEASHELLS;5006;5
566200;SUBMISSION;;EMERALDS;SEASHELLS;9998;5
567100;SUBMISSION;;TOMATOES;SEASHELLS;4996;2
568600;SUBMISSION;;TOMATOES;SEASHELLS;4994;4
569200;;SUBMISSION;EMERALDS;SEASHELLS;10002;4
576300;SUBMISSION;;EMERALDS;SEASHELLS;9998;8
576300;;SUBMISSION;TOMATOES;SEASHELLS;5003;4
588900;SUBMISSION;;EMERALDS;SEASHELLS;9998;5
591600;SUBMISSION;;TOMATOES;SEASHELLS;4998;3
592000;;SUBMISSION;TOMATOES;SEASHELLS;5001;5
592200;;SUBMISSION;EMERALDS;SEASHELLS;10002;3
593000;;SUBMISSION;TOMATOES;SEASHELLS;5003;2
593200;;SUBMISSION;EMERALDS;SEASHELLS;10002;5
595200;;SUBMISSION;EMERALDS;SEASHELLS;10002;6
596300;SUBMISSION;;EMERALDS;SEASHELLS;9998;3
598100;;SUBMISSION;EMERALDS;SEASHELLS;10002;5
602100;SUBMISSION;;TOMATOES;SEASHELLS;5002;4
602500;;SUBMISSION;TOMATOES;SEASHELLS;5010;3
603300;;SUBMISSION;TOMATOES;SEASHELLS;5012;2
604600;;SUBMISSION;EMERALDS;SEASHELLS;10002;7
608700;;SUBMISSION;TOMATOES;SEASHELLS;5007;5
609700;SUBMISSION;;TOMATOES;SEASHELLS;5000;2
610200;SUBMISSION;;TOMATOES;SEASHELLS;5007;4
611100;SUBMISSION;;EMERALDS;SEASHELLS;9998;6
611300;;SUBMISSION;TOMATOES;SEASHELLS;5008;4
616700;;SUBMISSION;TOMATOES;SEASHELLS;4998;4
616900;SUBMISSION;;EMERALDS;SEASHELLS;9998;7
619000;SUBMISSION;;EMERALDS;SEASHELLS;9998;5
619700;;SUBMISSION;TOMATOES;SEASHELLS;5004;3
624900;SUBMISSION;;TOMATOES;SEASHELLS;5000;4
625800;;SUBMISSION;TOMATOES;SEASHELLS;5003;5
626200;SUBMISSION;;TOMATOES;SEASHELLS;5000;5
626500;;SUBMISSION;TOMATOES;SEASHELLS;5006;4
627400;SUBMISSION;;EMERALDS;SEASHELLS;9998;7
632600;;SUBMISSION;EMERALDS;SEASHELLS;10002;7
633400;SUBMISSION;;EMERALDS;SEASHELLS;9998;4
635000;;SUBMISSION;EMERALDS;SEASHELLS;10002;6
636300;SUBMISSION;;EMERALDS;SEASHELLS;9998;8
636900;;SUBMISSION;TOMATOES;SEASHELLS;5009;4
637100;SUBMISSION;;EMERALDS;SEASHELLS;9998;2
643800;;SUBMISSION;TOMATOES;SEASHELLS;5010;5
645600;;SUBMISSION;TOMATOES;SEASHELLS;5014;5
646000;;SUBMISSION;TOMATOES;SEASHELLS;5015;3
651300;;SUBMISSION;EMERALDS;SEASHELLS;10002;5
655400;SUBMISSION;;EMERALDS;SEASHELLS;9998;5
661500;;SUBMISSION;EMERALDS;SEASHELLS;10002;3
662600;SUBMISSION;;EMERALDS;SEASHELLS;9998;3
663000;;SUBMISSION;EMERALDS;SEASHELLS;10002;8
665700;SUBMISSION;;EMERALDS;SEASHELLS;9998;4
665700;SUBMISSION;;TOMATOES;SEASHELLS;5017;2
666400;SUBMISSION;;TOMATOES;SEASHELLS;5016;5
669400;SUBMISSION;;TOMATOES;SEASHELLS;5016;3
672600;SUBMISSION;;TOMATOES;SEASHELLS;5010;2
673200;;SUBMISSION;TOMATOES;SEASHELLS;5014;5
673800;SUBMISSION;;TOMATOES;SEASHELLS;5015;2
673800;;SUBMISSION;TOMATOES;SEASHELLS;5019;5
674200;;SUBMISSION;TOMATOES;SEASHELLS;5014;5
674500;;SUBMISSION;EMERALDS;SEASHELLS;10002;8
675500;;SUBMISSION;TOMATOES;SEASHELLS;5011;5
677900;;SUBMISSION;EMERALDS;SEASHELLS;10002;6
678500;SUBMISSION;;EMERALDS;SEASHELLS;9998;6
678800;SUBMISSION;;EMERALDS;SEASHELLS;9998;7
681200;SUBMISSION;;TOMATOES;SEASHELLS;5006;2
682100;SUBMISSION;;EMERALDS;SEASHELLS;9998;4
684400;;SUBMISSION;TOMATOES;SEASHELLS;5008;3
684800;SUBMISSION;;TOMATOES;SEASHELLS;5005;5
685300;;SUBMISSION;EMERALDS;SEASHELLS;10002;3
685600;SUBMISSION;;EMERALDS;SEASHELLS;9998;3
686700;SUBMISSION;;TOMATOES;SEASHELLS;5003;3
687300;;SUBMISSION;TOMATOES;SEASHELLS;5006;4
688200;SUBMISSION;;TOMATOES;SEASHELLS;5000;3
690000;SUBMISSION;;TOMATOES;SEASHELLS;4996;2
690400;;SUBMISSION;TOMATOES;SEASHELLS;5000;3
691700;SUBMISSION;;TOMATOES;SEASHELLS;4994;4
697900;;SUBMISSION;TOMATOES;SEASHELLS;4998;5
698000;;SUBMISSION;EMERALDS;SEASHELLS;10002;3
698400;SUBMISSION;;TOMATOES;SEASHELLS;4993;3
701300;SUBMISSION;;TOMATOES;SEASHELLS;4992;5
702600;;SUBMISSION;TOMATOES;SEASHELLS;4995;3
703300;SUBMISSION;;EMERALDS;SEASHELLS;9998;4
709000;SUBMISSION;;TOMATOES;SEASHELLS;4993;3
709100;SUBMISSION;;TOMATOES;SEASHELLS;4994;2
711900;SUBMISSION;;TOMATOES;SEASHELLS;4998;4
714700;;SUBMISSION;TOMATOES;SEASHELLS;5004;4
714800;;SUBMISSION;TOMATOES;SEASHELLS;5004;4
718700;SUBMISSION;;TOMATOES;SEASHELLS;5004;2
721700;SUBMISSION;;TOMATOES;SEASHELLS;5003;2
722900;SUBMISSION;;TOMATOES;SEASHELLS;5002;5
723200;;SUBMISSION;TOMATOES;SEASHELLS;5005;4
724400;SUBMISSION;;TOMATOES;SEASHELLS;5000;3
727800;SUBMISSION;;TOMATOES;SEASHELLS;5000;4
731400;;SUBMISSION;TOMATOES;SEASHELLS;5006;4
731700;;SUBMISSION;EMERALDS;SEASHELLS;10002;4
735200;;SUBMISSION;TOMATOES;SEASHELLS;5002;4
735300;;SUBMISSION;TOMATOES;SEASHELLS;5007;5
737600;;SUBMISSION;TOMATOES;SEASHELLS;5006;4
737700;SUBMISSION;;TOMATOES;SEASHELLS;5002;2
738800;;SUBMISSION;TOMATOES;SEASHELLS;5006;2
739000;SUBMISSION;;TOMATOES;SEASHELLS;5002;4
740700;;SUBMISSION;TOMATOES;SEASHELLS;5006;5
741900;;SUBMISSION;EMERALDS;SEASHELLS;10002;5
744900;;SUBMISSION;EMERALDS;SEASHELLS;10002;3
745000;;SUBMISSION;EMERALDS;SEASHELLS;10002;8
745700;;SUBMISSION;TOMATOES;SEASHELLS;5003;2
748000;SUBMISSION;;TOMATOES;SEASHELLS;5000;3
748600;SUBMISSION;;EMERALDS;SEASHELLS;9998;8
750000;SUBMISSION;;TOMATOES;SEASHELLS;5000;2
753400;SUBMISSION;;TOMATOES;SEASHELLS;5001;4
757800;;SUBMISSION;TOMATOES;SEASHELLS;5004;3
758400;SUBMISSION;;TOMATOES;SEASHELLS;5002;5
760600;SUBMISSION;;TOMATOES;SEASHELLS;5000;3
761000;;SUBMISSION;EMERALDS;SEASHELLS;10002;8
766500;;SUBMISSION;EMERALDS;SEASHELLS;10002;3
767000;SUBMISSION;;TOMATOES;SEASHELLS;5010;2
767700;SUBMISSION;;TOMATOES;SEASHELLS;5012;3
767900;SUBMISSION;;TOMATOES;SEASHELLS;5012;3
768400;SUBMISSION;;TOMATOES;SEASHELLS;5012;3
771200;SUBMISSION;;TOMATOES;SEASHELLS;5012;2
773400;;SUBMISSION;TOMATOES;SEASHELLS;5017;4
775500;;SUBMISSION;TOMATOES;SEASHELLS;5020;4
776500;SUBMISSION;;TOMATOES;SEASHELLS;5018;2
778600;SUBMISSION;;TOMATOES;SEASHELLS;5016;3
780900;;SUBMISSION;TOMATOES;SEASHELLS;5021;3
783400;;SUBMISSION;EMERALDS;SEASHELLS;10002;7
784200;;SUBMISSION;TOMATOES;SEASHELLS;5018;3
786500;;SUBMISSION;TOMATOES;SEASHELLS;5018;3
792000;;SUBMISSION;EMERALDS;SEASHELLS;10002;4
793300;;SUBMISSION;TOMATOES;SEASHELLS;5020;5
796100;;SUBMISSION;TOMATOES;SEASHELLS;5022;5
797300;;SUBMISSION;TOMATOES;SEASHELLS;5020;2
797800;SUBMISSION;;EMERALDS;SEASHELLS;9998;8
799100;;SUBMISSION;TOMATOES;SEASHELLS;5024;5
799300;SUBMISSION;;TOMATOES;SEASHELLS;5020;4
800400;;SUBMISSION;TOMATOES;SEASHELLS;5022;3
803000;;SUBMISSION;TOMATOES;SEASHELLS;5020;3
806200;SUBMISSION;;EMERALDS;SEASHELLS;9998;7
808200;SUBMISSION;;TOMATOES;SEASHELLS;5020;4
808900;SUBMISSION;;EMERALDS;SEASHELLS;9998;3
808900;SUBMISSION;;TOMATOES;SEASHELLS;5024;3
811500;SUBMISSION;;EMERALDS;SEASHELLS;9998;5
811900;;SUBMISSION;TOMATOES;SEASHELLS;5022;5
814600;;SUBMISSION;TOMATOES;SEASHELLS;5024;3
815100;;SUBMISSION;TOMATOES;SEASHELLS;5028;5
815300;;SUBMISSION;TOMATOES;SEASHELLS;5029;2
817800;SUBMISSION;;EMERALDS;SEASHELLS;9998;4
818800;SUBMISSION;;TOMATOES;SEASHELLS;5029;2
822100;SUBMISSION;;EMERALDS;SEASHELLS;9998;4
822100;SUBMISSION;;TOMATOES;SEASHELLS;5028;5
822200;SUBMISSION;;TOMATOES;SEASHELLS;5028;3
822500;;SUBMISSION;EMERALDS;SEASHELLS;10002;7
822700;;SUBMISSION;EMERALDS;SEASHELLS;10002;7
823100;;SUBMISSION;EMERALDS;SEASHELLS;10002;3
824000;SUBMISSION;;EMERALDS;SEASHELLS;9998;6
825300;;SUBMISSION;TOMATOES;SEASHELLS;5029;4
826800;SUBMISSION;;EMERALDS;SEASHELLS;9998;6
829300;SUBMISSION;;TOMATOES;SEASHELLS;5023;3
830400;;SUBMISSION;TOMATOES;SEASHELLS;5027;4
833200;SUBMISSION;;TOMATOES;SEASHELLS;5021;3
833500;;SUBMISSION;TOMATOES;SEASHELLS;5026;5
834700;;SUBMISSION;EMERALDS;SEASHELLS;10002;8
837600;;SUBMISSION;EMERALDS;SEASHELLS;10002;7
839200;;SUBMISSION;EMERALDS;SEASHELLS;10002;3
845200;SUBMISSION;;TOMATOES;SEASHELLS;5016;2
846300;SUBMISSION;;TOMATOES;SEASHELLS;5016;2
846400;SUBMISSION;;TOMATOES;SEASHELLS;5016;4
848000;;SUBMISSION;EMERALDS;SEASHELLS;10002;7
848300;SUBMISSION;;TOMATOES;SEASHELLS;5016;5
849500;SUBMISSION;;EMERALDS;SEASHELLS;9998;6
851000;;SUBMISSION;EMERALDS;SEASHELLS;10002;7
851300;SUBMISSION;;TOMATOES;SEASHELLS;5020;5
853700;;SUBMISSION;TOMATOES;SEASHELLS;5024;5
855100;SUBMISSION;;TOMATOES;SEASHELLS;5022;4
856000;;SUBMISSION;TOMATOES;SEASHELLS;5028;2
856600;;SUBMISSION;TOMATOES;SEASHELLS;5028;4
858500;;SUBMISSION;TOMATOES;SEASHELLS;5028;5
860200;SUBMISSION;;TOMATOES;SEASHELLS;5024;2
860400;;SUBMISSION;TOMATOES;SEASHELLS;5028;5
861500;SUBMISSION;;TOMATOES;SEASHELLS;5024;3
862300;SUBMISSION;;TOMATOES;SEASHELLS;5026;5
864100;SUBMISSION;;TOMATOES;SEASHELLS;5028;5
864900;SUBMISSION;;EMERALDS;SEASHELLS;9998;5
864900;;SUBMISSION;TOMATOES;SEASHELLS;5034;4
867700;;SUBMISSION;TOMATOES;SEASHELLS;5033;5
868200;SUBMISSION;;EMERALDS;SEASHELLS;9998;5
868300;;SUBMISSION;TOMATOES;SEASHELLS;5034;5
868600;SUBMISSION;;TOMATOES;SEASHELLS;5030;4
870400;;SUBMISSION;EMERALDS;SEASHELLS;10002;7
871800;SUBMISSION;;TOMATOES;SEASHELLS;5023;5
873300;;SUBMISSION;TOMATOES;SEASHELLS;5028;3
876000;SUBMISSION;;TOMATOES;SEASHELLS;5022;2
884000;SUBMISSION;;TOMATOES;SEASHELLS;5026;2
884100;SUBMISSION;;TOMATOES;SEASHELLS;5026;4
886000;SUBMISSION;;TOMATOES;SEASHELLS;5027;5
886600;;SUBMISSION;TOMATOES;SEASHELLS;5032;2
889100;SUBMISSION;;TOMATOES;SEASHELLS;5027;2
889900;SUBMISSION;;TOMATOES;SEASHELLS;5028;4
890100;SUBMISSION;;TOMATOES;SEASHELLS;5028;3
891100;SUBMISSION;;TOMATOES;SEASHELLS;5026;2
891200;;SUBMISSION;EMERALDS;SEASHELLS;10002;8
893200;SUBMISSION;;TOMATOES;SEASHELLS;5026;4
894700;;SUBMISSION;TOMATOES;SEASHELLS;5034;5
895400;SUBMISSION;;TOMATOES;SEASHELLS;5033;5
896700;;SUBMISSION;TOMATOES;SEASHELLS;5030;6
898100;;SUBMISSION;TOMATOES;SEASHELLS;5036;4
898300;;SUBMISSION;TOMATOES;SEASHELLS;5035;4
900000;;SUBMISSION;TOMATOES;SEASHELLS;5032;3
901700;SUBMISSION;;TOMATOES;SEASHELLS;5028;3
902600;SUBMISSION;;TOMATOES;SEASHELLS;5029;2
906300;;SUBMISSION;TOMATOES;SEASHELLS;5032;5
906500;;SUBMISSION;TOMATOES;SEASHELLS;5033;3
909600;;SUBMISSION;EMERALDS;SEASHELLS;10002;3
910000;SUBMISSION;;TOMATOES;SEASHELLS;5025;4
910800;SUBMISSION;;TOMATOES;SEASHELLS;5025;4
912100;SUBMISSION;;TOMATOES;SEASHELLS;5022;3
913500;SUBMISSION;;TOMATOES;SEASHELLS;5020;5
916800;;SUBMISSION;TOMATOES;SEASHELLS;5018;5
919800;;SUBMISSION;EMERALDS;SEASHELLS;10002;3
923000;SUBMISSION;;TOMATOES;SEASHELLS;5024;2
927400;SUBMISSION;;EMERALDS;SEASHELLS;9998;5
928900;SUBMISSION;;TOMATOES;SEASHELLS;5024;5
932900;;SUBMISSION;EMERALDS;SEASHELLS;10002;5
937200;;SUBMISSION;TOMATOES;SEASHELLS;5027;4
940200;;SUBMISSION;EMERALDS;SEASHELLS;10002;7
941100;SUBMISSION;;TOMATOES;SEASHELLS;5024;5
942400;SUBMISSION;;EMERALDS;SEASHELLS;9998;6
943600;SUBMISSION;;EMERALDS;SEASHELLS;9998;6
945100;;SUBMISSION;TOMATOES;SEASHELLS;5024;4
947200;;SUBMISSION;EMERALDS;SEASHELLS;10002;4
949400;;SUBMISSION;EMERALDS;SEASHELLS;10002;6
949800;;SUBMISSION;TOMATOES;SEASHELLS;5016;5
950000;;SUBMISSION;EMERALDS;SEASHELLS;10002;8
950300;SUBMISSION;;TOMATOES;SEASHELLS;5012;2
950600;SUBMISSION;;TOMATOES;SEASHELLS;5011;2
952400;SUBMISSION;;EMERALDS;SEASHELLS;9998;6
954600;;SUBMISSION;EMERALDS;SEASHELLS;10002;5
957400;;SUBMISSION;EMERALDS;SEASHELLS;10002;8
957800;;SUBMISSION;TOMATOES;SEASHELLS;5015;2
958200;SUBMISSION;;TOMATOES;SEASHELLS;5012;4
960300;;SUBMISSION;EMERALDS;SEASHELLS;10002;4
961000;;SUBMISSION;TOMATOES;SEASHELLS;5012;5
961100;SUBMISSION;;TOMATOES;SEASHELLS;5008;5
962800;SUBMISSION;;TOMATOES;SEASHELLS;5008;2
965400;SUBMISSION;;TOMATOES;SEASHELLS;5007;4
966900;;SUBMISSION;EMERALDS;SEASHELLS;10002;6
968300;;SUBMISSION;TOMATOES;SEASHELLS;5010;4
969000;;SUBMISSION;EMERALDS;SEASHELLS;10002;3
969000;;SUBMISSION;TOMATOES;SEASHELLS;5011;2
969800;;SUBMISSION;TOMATOES;SEASHELLS;5012;2
972700;;SUBMISSION;TOMATOES;SEASHELLS;5012;2
973400;;SUBMISSION;TOMATOES;SEASHELLS;5011;3
973600;SUBMISSION;;TOMATOES;SEASHELLS;5008;2
974800;SUBMISSION;;TOMATOES;SEASHELLS;5007;5
976300;SUBMISSION;;TOMATOES;SEASHELLS;5009;5
980300;;SUBMISSION;TOMATOES;SEASHELLS;5014;3
985400;;SUBMISSION;TOMATOES;SEASHELLS;5011;2
985800;;SUBMISSION;TOMATOES;SEASHELLS;5010;2
986100;SUBMISSION;;TOMATOES;SEASHELLS;5007;5
988600;SUBMISSION;;TOMATOES;SEASHELLS;5009;5
989300;;SUBMISSION;TOMATOES;SEASHELLS;5012;2
991500;;SUBMISSION;TOMATOES;SEASHELLS;5012;2
991700;SUBMISSION;;TOMATOES;SEASHELLS;5009;4
