timestamp;buyer;seller;symbol;currency;price;quantity
900;SUBMISSION;;VELVETFRUIT_EXTRACT;SEASHELLS;5262;8
1300;SUBMISSION;;VEV_4000;SEASHELLS;1256;3
2900;;SUBMISSION;VELVETFRUIT_EXTRACT;SEASHELLS;5271;8
3400;;SUBMISSION;HYDROGEL_PACK;SEASHELLS;10023;11
3400;;SUBMISSION;HYDROGEL_PACK;SEASHELLS;10021;25
4800;;SUBMISSION;VELVETFRUIT_EXTRACT;SEASHELLS;5272;3
5500;;SUBMISSION;VELVETFRUIT_EXTRACT;SEASHELLS;5273;63
5600;;SUBMISSION;VELVETFRUIT_EXTRACT;SEASHELLS;5273;68
5700;;SUBMISSION;VELVETFRUIT_EXTRACT;SEASHELLS;5273;66
9000;;SUBMISSION;VEV_4000;SEASHELLS;1273;1
9600;SUBMISSION;;VELVETFRUIT_EXTRACT;SEASHELLS;5265;20
9700;SUBMISSION;;VELVETFRUIT_EXTRACT;SEASHELLS;5265;23
9800;SUBMISSION;;VELVETFRUIT_EXTRACT;SEASHELLS;5265;16
9900;SUBMISSION;;VELVETFRUIT_EXTRACT;SEASHELLS;5265;60
9900;SUBMISSION;;VELVETFRUIT_EXTRACT;SEASHELLS;5262;5
10000;SUBMISSION;;VELVETFRUIT_EXTRACT;SEASHELLS;5265;18
10200;SUBMISSION;;VELVETFRUIT_EXTRACT;SEASHELLS;5265;67
10300;SUBMISSION;;VELVETFRUIT_EXTRACT;SEASHELLS;5263;15
10300;SUBMISSION;;VELVETFRUIT_EXTRACT;SEASHELLS;5264;32
10400;SUBMISSION;;VELVETFRUIT_EXTRACT;SEASHELLS;5265;73
10500;SUBMISSION;;VELVETFRUIT_EXTRACT;SEASHELLS;5264;59
10600;SUBMISSION;;VELVETFRUIT_EXTRACT;SEASHELLS;5264;12
11200;;SUBMISSION;HYDROGEL_PACK;SEASHELLS;10029;4
13900;;SUBMISSION;VELVETFRUIT_EXTRACT;SEASHELLS;5268;4
15700;;SUBMISSION;HYDROGEL_PACK;SEASHELLS;10034;2
16300;;SUBMISSION;VELVETFRUIT_EXTRACT;SEASHELLS;5274;5
17300;;SUBMISSION;VELVETFRUIT_EXTRACT;SEASHELLS;5273;22
17300;;SUBMISSION;VELVETFRUIT_EXTRACT;SEASHELLS;5272;30
17400;;SUBMISSION;VELVETFRUIT_EXTRACT;SEASHELLS;5274;17
17400;;SUBMISSION;VELVETFRUIT_EXTRACT;SEASHELLS;5273;49
17500;;SUBMISSION;VELVETFRUIT_EXTRACT;SEASHELLS;5274;19
17500;;SUBMISSION;VELVETFRUIT_EXTRACT;SEASHELLS;5273;40
17600;;SUBMISSION;VELVETFRUIT_EXTRACT;SEASHELLS;5273;22
17600;;SUBMISSION;VELVETFRUIT_EXTRACT;SEASHELLS;5272;43
18000;;SUBMISSION;VELVETFRUIT_EXTRACT;SEASHELLS;5273;21
18000;;SUBMISSION;VELVETFRUIT_EXTRACT;SEASHELLS;5272;44
19100;;SUBMISSION;HYDROGEL_PACK;SEASHELLS;10019;6
19700;SUBMISSION;;VELVETFRUIT_EXTRACT;SEASHELLS;5266;13
22300;SUBMISSION;;HYDROGEL_PACK;SEASHELLS;10001;4
23100;SUBMISSION;;VELVETFRUIT_EXTRACT;SEASHELLS;5265;4
23200;SUBMISSION;;HYDROGEL_PACK;SEASHELLS;10003;7
23300;SUBMISSION;;HYDROGEL_PACK;SEASHELLS;10008;12
23400;SUBMISSION;;VELVETFRUIT_EXTRACT;SEASHELLS;5266;58
23600;SUBMISSION;;HYDROGEL_PACK;SEASHELLS;10008;15
23600;SUBMISSION;;VELVETFRUIT_EXTRACT;SEASHELLS;5265;18
23600;SUBMISSION;;VELVETFRUIT_EXTRACT;SEASHELLS;5266;31
23800;SUBMISSION;;VELVETFRUIT_EXTRACT;SEASHELLS;5266;18
24100;SUBMISSION;;HYDROGEL_PACK;SEASHELLS;10007;12
24200;SUBMISSION;;HYDROGEL_PACK;SEASHELLS;10004;11
24200;SUBMISSION;;HYDROGEL_PACK;SEASHELLS;10007;30
24300;SUBMISSION;;HYDROGEL_PACK;SEASHELLS;10005;12
24300;SUBMISSION;;HYDROGEL_PACK;SEASHELLS;10007;30
24400;SUBMISSION;;HYDROGEL_PACK;SEASHELLS;9997;9
24400;SUBMISSION;;HYDROGEL_PACK;SEASHELLS;10006;14
24400;SUBMISSION;;HYDROGEL_PACK;SEASHELLS;10008;20
24500;SUBMISSION;;HYDROGEL_PACK;SEASHELLS;10003;11
24500;SUBMISSION;;HYDROGEL_PACK;SEASHELLS;10006;24
24600;SUBMISSION;;HYDROGEL_PACK;SEASHELLS;10003;14
24600;SUBMISSION;;HYDROGEL_PACK;SEASHELLS;10005;23
24600;SUBMISSION;;VELVETFRUIT_EXTRACT;SEASHELLS;5265;5
25500;SUBMISSION;;VELVETFRUIT_EXTRACT;SEASHELLS;5265;6
26500;;SUBMISSION;VELVETFRUIT_EXTRACT;SEASHELLS;5268;6
28000;SUBMISSION;;VELVETFRUIT_EXTRACT;SEASHELLS;5265;23
30300;SUBMISSION;;VELVETFRUIT_EXTRACT;SEASHELLS;5265;25
30400;SUBMISSION;;VELVETFRUIT_EXTRACT;SEASHELLS;5265;70
30500;SUBMISSION;;VELVETFRUIT_EXTRACT;SEASHELLS;5265;18
30600;SUBMISSION;;VELVETFRUIT_EXTRACT;SEASHELLS;5264;33
33300;;SUBMISSION;VELVETFRUIT_EXTRACT;SEASHELLS;5270;7
34100;;SUBMISSION;VEV_4000;SEASHELLS;1277;1
35700;;SUBMISSION;VELVETFRUIT_EXTRACT;SEASHELLS;5269;3
35800;SUBMISSION;;VELVETFRUIT_EXTRACT;SEASHELLS;5265;7
36100;;SUBMISSION;VELVETFRUIT_EXTRACT;SEASHELLS;5270;4
38400;SUBMISSION;;VELVETFRUIT_EXTRACT;SEASHELLS;5266;7
39500;SUBMISSION;;VEV_4000;SEASHELLS;1259;2
41600;SUBMISSION;;VEV_5100;SEASHELLS;167;11
41600;SUBMISSION;;VEV_5100;SEASHELLS;168;19
41900;SUBMISSION;;VEV_4000;SEASHELLS;1250;2
41900;SUBMISSION;;VEV_4000;SEASHELLS;1261;15
41900;SUBMISSION;;VEV_4000;SEASHELLS;1263;13
41900;SUBMISSION;;VEV_4500;SEASHELLS;750;2
41900;SUBMISSION;;VEV_4500;SEASHELLS;758;10
41900;SUBMISSION;;VEV_4500;SEASHELLS;760;18
41900;SUBMISSION;;VEV_5100;SEASHELLS;164;2
41900;SUBMISSION;;VEV_5100;SEASHELLS;167;28
41900;SUBMISSION;;VEV_5200;SEASHELLS;93;2
41900;SUBMISSION;;VEV_5200;SEASHELLS;95;28
41900;SUBMISSION;;VEV_5300;SEASHELLS;45;2
41900;SUBMISSION;;VEV_5300;SEASHELLS;46;15
42000;SUBMISSION;;VEV_5100;SEASHELLS;166;29
42000;SUBMISSION;;VEV_5200;SEASHELLS;94;29
45100;SUBMISSION;;VEV_5400;SEASHELLS;15;4
50200;SUBMISSION;;VEV_4000;SEASHELLS;1254;3
58000;SUBMISSION;;VEV_5200;SEASHELLS;93;8
58000;SUBMISSION;;VEV_5200;SEASHELLS;94;21
58400;SUBMISSION;;VEV_5100;SEASHELLS;164;8
58400;SUBMISSION;;VEV_5100;SEASHELLS;165;15
58500;SUBMISSION;;VEV_5100;SEASHELLS;164;6
58500;SUBMISSION;;VEV_5100;SEASHELLS;165;23
58600;SUBMISSION;;VEV_5100;SEASHELLS;164;6
58600;SUBMISSION;;VEV_5100;SEASHELLS;165;21
58700;SUBMISSION;;VEV_5000;SEASHELLS;252;6
58700;SUBMISSION;;VEV_5000;SEASHELLS;253;18
58700;SUBMISSION;;VEV_5100;SEASHELLS;163;24
58700;SUBMISSION;;VEV_5200;SEASHELLS;92;24
58700;SUBMISSION;;VEV_5300;SEASHELLS;44;19
58800;SUBMISSION;;VEV_4000;SEASHELLS;1254;10
58800;SUBMISSION;;VEV_4000;SEASHELLS;1256;17
58800;SUBMISSION;;VEV_4500;SEASHELLS;751;7
58800;SUBMISSION;;VEV_4500;SEASHELLS;753;22
58800;SUBMISSION;;VEV_5000;SEASHELLS;250;7
58800;SUBMISSION;;VEV_5000;SEASHELLS;251;22
58800;SUBMISSION;;VEV_5100;SEASHELLS;161;29
58800;SUBMISSION;;VEV_5200;SEASHELLS;91;29
58800;SUBMISSION;;VEV_5300;SEASHELLS;43;25
58800;SUBMISSION;;VEV_5500;SEASHELLS;5;25
58900;SUBMISSION;;VEV_4000;SEASHELLS;1253;12
58900;SUBMISSION;;VEV_4000;SEASHELLS;1255;18
58900;SUBMISSION;;VEV_4500;SEASHELLS;750;10
58900;SUBMISSION;;VEV_4500;SEASHELLS;752;20
58900;SUBMISSION;;VEV_5000;SEASHELLS;250;30
58900;SUBMISSION;;VEV_5100;SEASHELLS;160;10
58900;SUBMISSION;;VEV_5100;SEASHELLS;161;20
58900;SUBMISSION;;VEV_5200;SEASHELLS;90;30
58900;SUBMISSION;;VEV_5300;SEASHELLS;43;25
58900;SUBMISSION;;VEV_5500;SEASHELLS;5;25
59000;SUBMISSION;;VEV_4000;SEASHELLS;1253;8
59000;SUBMISSION;;VEV_4000;SEASHELLS;1256;18
59000;SUBMISSION;;VEV_4500;SEASHELLS;751;8
59000;SUBMISSION;;VEV_4500;SEASHELLS;753;20
59000;SUBMISSION;;VEV_5000;SEASHELLS;250;8
59000;SUBMISSION;;VEV_5000;SEASHELLS;251;20
59000;SUBMISSION;;VEV_5100;SEASHELLS;161;28
59000;SUBMISSION;;VEV_5200;SEASHELLS;90;8
59000;SUBMISSION;;VEV_5200;SEASHELLS;91;20
59000;SUBMISSION;;VEV_5300;SEASHELLS;43;26
59000;SUBMISSION;;VEV_5500;SEASHELLS;5;26
59100;SUBMISSION;;VEV_4000;SEASHELLS;1253;7
59100;SUBMISSION;;VEV_4000;SEASHELLS;1255;23
59100;SUBMISSION;;VEV_4500;SEASHELLS;750;11
59100;SUBMISSION;;VEV_4500;SEASHELLS;752;13
59100;SUBMISSION;;VEV_5000;SEASHELLS;249;11
59100;SUBMISSION;;VEV_5000;SEASHELLS;250;13
59100;SUBMISSION;;VEV_5100;SEASHELLS;160;16
59100;SUBMISSION;;VEV_5200;SEASHELLS;90;24
59100;SUBMISSION;;VEV_5300;SEASHELLS;43;24
59100;SUBMISSION;;VEV_5400;SEASHELLS;13;24
59100;SUBMISSION;;VEV_5500;SEASHELLS;5;24
59200;SUBMISSION;;VEV_4000;SEASHELLS;1252;12
59200;SUBMISSION;;VEV_4000;SEASHELLS;1254;18
59200;SUBMISSION;;VEV_4500;SEASHELLS;749;6
59200;SUBMISSION;;VEV_4500;SEASHELLS;751;22
59200;SUBMISSION;;VEV_5000;SEASHELLS;248;6
59200;SUBMISSION;;VEV_5000;SEASHELLS;249;22
59200;SUBMISSION;;VEV_5200;SEASHELLS;89;6
59200;SUBMISSION;;VEV_5200;SEASHELLS;90;22
59200;SUBMISSION;;VEV_5300;SEASHELLS;42;9
59200;SUBMISSION;;VEV_5300;SEASHELLS;43;19
59200;SUBMISSION;;VEV_5400;SEASHELLS;13;28
59300;SUBMISSION;;VEV_4000;SEASHELLS;1253;11
59300;SUBMISSION;;VEV_4000;SEASHELLS;1256;19
59300;SUBMISSION;;VEV_4500;SEASHELLS;751;8
59300;SUBMISSION;;VEV_4500;SEASHELLS;753;22
59300;SUBMISSION;;VEV_5000;SEASHELLS;250;8
59300;SUBMISSION;;VEV_5000;SEASHELLS;251;22
59300;SUBMISSION;;VEV_5200;SEASHELLS;90;8
59300;SUBMISSION;;VEV_5200;SEASHELLS;91;22
59300;SUBMISSION;;VEV_5300;SEASHELLS;43;24
59400;SUBMISSION;;VEV_4000;SEASHELLS;1253;13
59400;SUBMISSION;;VEV_4000;SEASHELLS;1255;15
59400;SUBMISSION;;VEV_4500;SEASHELLS;750;8
59400;SUBMISSION;;VEV_4500;SEASHELLS;752;13
59400;SUBMISSION;;VEV_5000;SEASHELLS;250;21
59400;SUBMISSION;;VEV_5200;SEASHELLS;90;14
59400;SUBMISSION;;VEV_5300;SEASHELLS;43;21
59500;SUBMISSION;;VEV_4000;SEASHELLS;1252;14
59500;SUBMISSION;;VEV_4000;SEASHELLS;1254;16
59500;SUBMISSION;;VEV_4500;SEASHELLS;749;7
59500;SUBMISSION;;VEV_4500;SEASHELLS;751;12
59500;SUBMISSION;;VEV_5000;SEASHELLS;249;19
59500;SUBMISSION;;VEV_5300;SEASHELLS;43;21
59500;SUBMISSION;;VEV_5400;SEASHELLS;13;21
59600;SUBMISSION;;VEV_4000;SEASHELLS;1252;8
59600;SUBMISSION;;VEV_4000;SEASHELLS;1254;19
59600;SUBMISSION;;VEV_4500;SEASHELLS;749;9
59600;SUBMISSION;;VEV_4500;SEASHELLS;751;16
59600;SUBMISSION;;VEV_5000;SEASHELLS;248;9
59600;SUBMISSION;;VEV_5000;SEASHELLS;249;16
59600;SUBMISSION;;VEV_5300;SEASHELLS;42;5
59600;SUBMISSION;;VEV_5300;SEASHELLS;43;12
59600;SUBMISSION;;VEV_5400;SEASHELLS;13;17
59700;SUBMISSION;;VEV_4000;SEASHELLS;1252;1
59700;SUBMISSION;;VEV_4500;SEASHELLS;749;6
59700;SUBMISSION;;VEV_4500;SEASHELLS;751;17
59700;SUBMISSION;;VEV_5000;SEASHELLS;248;6
59700;SUBMISSION;;VEV_5000;SEASHELLS;249;17
59700;SUBMISSION;;VEV_5300;SEASHELLS;42;21
59700;SUBMISSION;;VEV_5400;SEASHELLS;13;21
59800;SUBMISSION;;VEV_4500;SEASHELLS;750;7
59800;SUBMISSION;;VEV_4500;SEASHELLS;752;1
59800;SUBMISSION;;VEV_5000;SEASHELLS;250;14
59800;SUBMISSION;;VEV_5300;SEASHELLS;43;24
59900;SUBMISSION;;VEV_5300;SEASHELLS;43;3
59900;SUBMISSION;;VEV_5400;SEASHELLS;13;19
60300;SUBMISSION;;VEV_5400;SEASHELLS;13;24
63800;;SUBMISSION;VEV_4000;SEASHELLS;1257;3
67600;;SUBMISSION;VELVETFRUIT_EXTRACT;SEASHELLS;5261;4
68600;SUBMISSION;;VELVETFRUIT_EXTRACT;SEASHELLS;5258;4
79300;SUBMISSION;;VEV_5300;SEASHELLS;47;1
80800;;SUBMISSION;VEV_4000;SEASHELLS;1269;1
82100;;SUBMISSION;VELVETFRUIT_EXTRACT;SEASHELLS;5269;5
83000;;SUBMISSION;VELVETFRUIT_EXTRACT;SEASHELLS;5270;6
84100;;SUBMISSION;VELVETFRUIT_EXTRACT;SEASHELLS;5271;8
84400;;SUBMISSION;VELVETFRUIT_EXTRACT;SEASHELLS;5272;5
84700;;SUBMISSION;VELVETFRUIT_EXTRACT;SEASHELLS;5273;19
84700;;SUBMISSION;VELVETFRUIT_EXTRACT;SEASHELLS;5272;44
84800;;SUBMISSION;VELVETFRUIT_EXTRACT;SEASHELLS;5275;5
85500;;SUBMISSION;VELVETFRUIT_EXTRACT;SEASHELLS;5272;8
86300;;SUBMISSION;VELVETFRUIT_EXTRACT;SEASHELLS;5267;21
92600;;SUBMISSION;VELVETFRUIT_EXTRACT;SEASHELLS;5270;4
97200;;SUBMISSION;VELVETFRUIT_EXTRACT;SEASHELLS;5264;7
97400;SUBMISSION;;VELVETFRUIT_EXTRACT;SEASHELLS;5259;5
98600;SUBMISSION;;VEV_4000;SEASHELLS;1260;1
99300;SUBMISSION;;VELVETFRUIT_EXTRACT;SEASHELLS;5262;8
101000;SUBMISSION;;VELVETFRUIT_EXTRACT;SEASHELLS;5260;69
101200;SUBMISSION;;VELVETFRUIT_EXTRACT;SEASHELLS;5259;11
103300;SUBMISSION;;VEV_4000;SEASHELLS;1259;1
103700;SUBMISSION;;VEV_4000;SEASHELLS;1259;3
104000;SUBMISSION;;VELVETFRUIT_EXTRACT;SEASHELLS;5260;8
109100;SUBMISSION;;VEV_4000;SEASHELLS;1259;1
109400;;SUBMISSION;VELVETFRUIT_EXTRACT;SEASHELLS;5265;6
109800;;SUBMISSION;VELVETFRUIT_EXTRACT;SEASHELLS;5266;3
111300;;SUBMISSION;VELVETFRUIT_EXTRACT;SEASHELLS;5262;7
111900;SUBMISSION;;VEV_4000;SEASHELLS;1257;2
112600;SUBMISSION;;VELVETFRUIT_EXTRACT;SEASHELLS;5257;10
112600;SUBMISSION;;VELVETFRUIT_EXTRACT;SEASHELLS;5257;10
113300;SUBMISSION;;VELVETFRUIT_EXTRACT;SEASHELLS;5259;27
114700;;SUBMISSION;VEV_4000;SEASHELLS;1264;2
116800;;SUBMISSION;VEV_4000;SEASHELLS;1263;2
124900;;SUBMISSION;HYDROGEL_PACK;SEASHELLS;10021;3
126800;;SUBMISSION;HYDROGEL_PACK;SEASHELLS;10014;2
129400;;SUBMISSION;HYDROGEL_PACK;SEASHELLS;10008;4
138700;;SUBMISSION;VELVETFRUIT_EXTRACT;SEASHELLS;5261;3
139300;SUBMISSION;;VELVETFRUIT_EXTRACT;SEASHELLS;5256;3
140900;SUBMISSION;;VEV_4000;SEASHELLS;1251;1
141500;;SUBMISSION;HYDROGEL_PACK;SEASHELLS;10020;12
141500;;SUBMISSION;HYDROGEL_PACK;SEASHELLS;10017;20
141600;;SUBMISSION;HYDROGEL_PACK;SEASHELLS;10020;13
141600;;SUBMISSION;HYDROGEL_PACK;SEASHELLS;10017;25
141700;;SUBMISSION;HYDROGEL_PACK;SEASHELLS;10021;15
141700;;SUBMISSION;HYDROGEL_PACK;SEASHELLS;10018;24
143100;;SUBMISSION;VELVETFRUIT_EXTRACT;SEASHELLS;5260;7
143800;SUBMISSION;;HYDROGEL_PACK;SEASHELLS;9997;5
144300;;SUBMISSION;VELVETFRUIT_EXTRACT;SEASHELLS;5265;6
144400;SUBMISSION;;VEV_4000;SEASHELLS;1258;1
145100;;SUBMISSION;HYDROGEL_PACK;SEASHELLS;10011;5
145400;SUBMISSION;;HYDROGEL_PACK;SEASHELLS;9996;2
145800;SUBMISSION;;VEV_4000;SEASHELLS;1262;1
150400;;SUBMISSION;VEV_4000;SEASHELLS;1273;1
150600;;SUBMISSION;HYDROGEL_PACK;SEASHELLS;10027;4
152500;;SUBMISSION;VELVETFRUIT_EXTRACT;SEASHELLS;5272;18
152500;;SUBMISSION;VELVETFRUIT_EXTRACT;SEASHELLS;5271;8
152700;;SUBMISSION;VELVETFRUIT_EXTRACT;SEASHELLS;5272;59
153100;;SUBMISSION;VEV_4000;SEASHELLS;1279;3
154300;;SUBMISSION;VELVETFRUIT_EXTRACT;SEASHELLS;5274;6
155100;;SUBMISSION;VELVETFRUIT_EXTRACT;SEASHELLS;5276;8
155200;;SUBMISSION;VELVETFRUIT_EXTRACT;SEASHELLS;5273;20
155200;;SUBMISSION;VELVETFRUIT_EXTRACT;SEASHELLS;5272;44
155300;;SUBMISSION;VELVETFRUIT_EXTRACT;SEASHELLS;5276;3
155400;;SUBMISSION;VELVETFRUIT_EXTRACT;SEASHELLS;5272;21
155700;;SUBMISSION;VELVETFRUIT_EXTRACT;SEASHELLS;5276;4
155800;;SUBMISSION;VELVETFRUIT_EXTRACT;SEASHELLS;5274;18
155800;;SUBMISSION;VELVETFRUIT_EXTRACT;SEASHELLS;5273;47
155900;;SUBMISSION;VEV_4000;SEASHELLS;1280;2
156000;;SUBMISSION;VELVETFRUIT_EXTRACT;SEASHELLS;5273;24
156000;;SUBMISSION;VELVETFRUIT_EXTRACT;SEASHELLS;5272;34
156200;;SUBMISSION;VELVETFRUIT_EXTRACT;SEASHELLS;5274;25
156200;;SUBMISSION;VELVETFRUIT_EXTRACT;SEASHELLS;5274;5
156300;;SUBMISSION;VELVETFRUIT_EXTRACT;SEASHELLS;5274;43
157000;;SUBMISSION;HYDROGEL_PACK;SEASHELLS;10023;4
160400;;SUBMISSION;HYDROGEL_PACK;SEASHELLS;10021;13
160500;;SUBMISSION;HYDROGEL_PACK;SEASHELLS;10022;14
160500;;SUBMISSION;HYDROGEL_PACK;SEASHELLS;10020;24
161100;;SUBMISSION;HYDROGEL_PACK;SEASHELLS;10027;4
164000;;SUBMISSION;VEV_5100;SEASHELLS;187;26
164000;;SUBMISSION;VEV_5200;SEASHELLS;111;26
164100;;SUBMISSION;VEV_5100;SEASHELLS;187;30
164100;;SUBMISSION;VEV_5200;SEASHELLS;111;30
164200;;SUBMISSION;VEV_5100;SEASHELLS;188;12
164200;;SUBMISSION;VEV_5100;SEASHELLS;187;12
164200;;SUBMISSION;VEV_5200;SEASHELLS;111;24
164300;;SUBMISSION;VEV_5000;SEASHELLS;281;7
164300;;SUBMISSION;VEV_5000;SEASHELLS;280;16
164300;;SUBMISSION;VEV_5100;SEASHELLS;189;7
164300;;SUBMISSION;VEV_5100;SEASHELLS;188;16
164300;;SUBMISSION;VEV_5200;SEASHELLS;112;23
164400;;SUBMISSION;VEV_5100;SEASHELLS;188;23
164400;;SUBMISSION;VEV_5200;SEASHELLS;111;23
164500;;SUBMISSION;HYDROGEL_PACK;SEASHELLS;10023;14
164500;;SUBMISSION;HYDROGEL_PACK;SEASHELLS;10020;20
164500;;SUBMISSION;VEV_5100;SEASHELLS;188;30
164500;;SUBMISSION;VEV_5200;SEASHELLS;112;10
164500;;SUBMISSION;VEV_5200;SEASHELLS;111;20
164600;;SUBMISSION;HYDROGEL_PACK;SEASHELLS;10023;10
164600;;SUBMISSION;HYDROGEL_PACK;SEASHELLS;10021;25
164600;;SUBMISSION;VEV_5000;SEASHELLS;281;6
164600;;SUBMISSION;VEV_5000;SEASHELLS;280;14
164600;;SUBMISSION;VEV_5100;SEASHELLS;189;20
164600;;SUBMISSION;VEV_5200;SEASHELLS;112;20
164600;;SUBMISSION;VEV_5300;SEASHELLS;57;6
164600;;SUBMISSION;VEV_5300;SEASHELLS;56;13
164700;;SUBMISSION;HYDROGEL_PACK;SEASHELLS;10023;15
164700;;SUBMISSION;HYDROGEL_PACK;SEASHELLS;10020;1
164700;;SUBMISSION;VEV_5100;SEASHELLS;188;11
164700;;SUBMISSION;VEV_5100;SEASHELLS;187;19
164700;;SUBMISSION;VEV_5200;SEASHELLS;111;30
164800;;SUBMISSION;VEV_5100;SEASHELLS;188;7
164800;;SUBMISSION;VEV_5100;SEASHELLS;187;18
164800;;SUBMISSION;VEV_5200;SEASHELLS;111;25
164900;;SUBMISSION;VEV_5100;SEASHELLS;188;11
164900;;SUBMISSION;VEV_5100;SEASHELLS;187;14
164900;;SUBMISSION;VEV_5200;SEASHELLS;111;25
165500;;SUBMISSION;HYDROGEL_PACK;SEASHELLS;10029;4
165500;;SUBMISSION;HYDROGEL_PACK;SEASHELLS;10021;10
165500;;SUBMISSION;HYDROGEL_PACK;SEASHELLS;10019;29
166700;;SUBMISSION;VEV_4000;SEASHELLS;1278;3
169000;;SUBMISSION;HYDROGEL_PACK;SEASHELLS;10027;2
169200;;SUBMISSION;HYDROGEL_PACK;SEASHELLS;10024;5
169200;SUBMISSION;;VEV_4000;SEASHELLS;1266;3
170100;;SUBMISSION;HYDROGEL_PACK;SEASHELLS;10019;4
176200;;SUBMISSION;VEV_5100;SEASHELLS;187;30
176300;;SUBMISSION;VEV_5100;SEASHELLS;187;7
176300;;SUBMISSION;VEV_5100;SEASHELLS;186;23
176500;;SUBMISSION;VEV_5100;SEASHELLS;187;24
176600;;SUBMISSION;VEV_5100;SEASHELLS;188;12
176600;;SUBMISSION;VEV_5100;SEASHELLS;187;17
176700;;SUBMISSION;VEV_5100;SEASHELLS;187;29
176800;;SUBMISSION;VEV_5100;SEASHELLS;188;18
176800;;SUBMISSION;VEV_5200;SEASHELLS;111;18
176900;;SUBMISSION;VEV_5100;SEASHELLS;188;21
176900;;SUBMISSION;VEV_5200;SEASHELLS;111;21
177000;;SUBMISSION;VEV_5100;SEASHELLS;187;29
177100;;SUBMISSION;VEV_5100;SEASHELLS;187;7
177100;;SUBMISSION;VEV_5100;SEASHELLS;186;14
181600;SUBMISSION;;HYDROGEL_PACK;SEASHELLS;9997;5
183900;SUBMISSION;;VELVETFRUIT_EXTRACT;SEASHELLS;5263;9
184200;SUBMISSION;;VELVETFRUIT_EXTRACT;SEASHELLS;5264;23
184400;SUBMISSION;;VELVETFRUIT_EXTRACT;SEASHELLS;5264;52
184500;SUBMISSION;;VELVETFRUIT_EXTRACT;SEASHELLS;5264;54
184600;SUBMISSION;;VELVETFRUIT_EXTRACT;SEASHELLS;5264;54
184700;SUBMISSION;;VELVETFRUIT_EXTRACT;SEASHELLS;5264;25
185500;SUBMISSION;;VELVETFRUIT_EXTRACT;SEASHELLS;5262;19
185500;SUBMISSION;;VELVETFRUIT_EXTRACT;SEASHELLS;5263;43
185600;SUBMISSION;;VELVETFRUIT_EXTRACT;SEASHELLS;5263;56
186100;SUBMISSION;;VELVETFRUIT_EXTRACT;SEASHELLS;5263;24
186200;SUBMISSION;;VELVETFRUIT_EXTRACT;SEASHELLS;5262;19
186200;SUBMISSION;;VELVETFRUIT_EXTRACT;SEASHELLS;5263;22
188500;SUBMISSION;;HYDROGEL_PACK;SEASHELLS;9999;14
188600;SUBMISSION;;HYDROGEL_PACK;SEASHELLS;9994;14
188600;SUBMISSION;;HYDROGEL_PACK;SEASHELLS;9997;24
188700;SUBMISSION;;HYDROGEL_PACK;SEASHELLS;9992;14
188700;SUBMISSION;;HYDROGEL_PACK;SEASHELLS;9995;21
188800;SUBMISSION;;HYDROGEL_PACK;SEASHELLS;9990;11
188800;SUBMISSION;;HYDROGEL_PACK;SEASHELLS;9992;23
188900;SUBMISSION;;HYDROGEL_PACK;SEASHELLS;9988;10
188900;SUBMISSION;;HYDROGEL_PACK;SEASHELLS;9991;20
189000;SUBMISSION;;HYDROGEL_PACK;SEASHELLS;9990;10
189000;SUBMISSION;;HYDROGEL_PACK;SEASHELLS;9993;26
189100;SUBMISSION;;HYDROGEL_PACK;SEASHELLS;9989;13
189100;SUBMISSION;;HYDROGEL_PACK;SEASHELLS;9992;22
189200;SUBMISSION;;HYDROGEL_PACK;SEASHELLS;9991;11
189200;SUBMISSION;;HYDROGEL_PACK;SEASHELLS;9994;26
189300;SUBMISSION;;HYDROGEL_PACK;SEASHELLS;9991;11
189300;SUBMISSION;;HYDROGEL_PACK;SEASHELLS;9994;21
189400;SUBMISSION;;HYDROGEL_PACK;SEASHELLS;9990;10
189400;SUBMISSION;;HYDROGEL_PACK;SEASHELLS;9992;12
190900;;SUBMISSION;VEV_4000;SEASHELLS;1265;1
192700;SUBMISSION;;VEV_4000;SEASHELLS;1258;2
195200;;SUBMISSION;VEV_4000;SEASHELLS;1265;2
196800;SUBMISSION;;VEV_4000;SEASHELLS;1258;2
200400;SUBMISSION;;VEV_4000;SEASHELLS;1257;1
201500;SUBMISSION;;VEV_4000;SEASHELLS;1253;1
202300;SUBMISSION;;VEV_4000;SEASHELLS;1254;1
206000;;SUBMISSION;VELVETFRUIT_EXTRACT;SEASHELLS;5267;6
207000;;SUBMISSION;VELVETFRUIT_EXTRACT;SEASHELLS;5267;15
212100;;SUBMISSION;VELVETFRUIT_EXTRACT;SEASHELLS;5270;4
212100;SUBMISSION;;VEV_4000;SEASHELLS;1262;2
212200;;SUBMISSION;VELVETFRUIT_EXTRACT;SEASHELLS;5266;5
217200;SUBMISSION;;VELVETFRUIT_EXTRACT;SEASHELLS;5263;4
217800;SUBMISSION;;VELVETFRUIT_EXTRACT;SEASHELLS;5261;6
220600;SUBMISSION;;VELVETFRUIT_EXTRACT;SEASHELLS;5261;4
221300;SUBMISSION;;VELVETFRUIT_EXTRACT;SEASHELLS;5258;9
221300;SUBMISSION;;VELVETFRUIT_EXTRACT;SEASHELLS;5262;7
225500;SUBMISSION;;VEV_5300;SEASHELLS;50;3
231900;;SUBMISSION;VEV_4000;SEASHELLS;1270;2
232000;;SUBMISSION;VELVETFRUIT_EXTRACT;SEASHELLS;5266;8
235900;;SUBMISSION;VELVETFRUIT_EXTRACT;SEASHELLS;5272;19
235900;;SUBMISSION;VELVETFRUIT_EXTRACT;SEASHELLS;5271;17
237400;;SUBMISSION;VELVETFRUIT_EXTRACT;SEASHELLS;5272;6
237600;;SUBMISSION;VELVETFRUIT_EXTRACT;SEASHELLS;5270;8
237700;;SUBMISSION;VELVETFRUIT_EXTRACT;SEASHELLS;5272;8
241600;;SUBMISSION;VELVETFRUIT_EXTRACT;SEASHELLS;5274;16
241600;;SUBMISSION;VELVETFRUIT_EXTRACT;SEASHELLS;5273;47
241700;;SUBMISSION;VELVETFRUIT_EXTRACT;SEASHELLS;5273;64
241900;;SUBMISSION;VELVETFRUIT_EXTRACT;SEASHELLS;5272;7
242100;;SUBMISSION;VELVETFRUIT_EXTRACT;SEASHELLS;5275;8
242600;;SUBMISSION;VELVETFRUIT_EXTRACT;SEASHELLS;5274;7
242600;;SUBMISSION;VELVETFRUIT_EXTRACT;SEASHELLS;5272;25
242600;;SUBMISSION;VELVETFRUIT_EXTRACT;SEASHELLS;5271;41
243500;;SUBMISSION;VELVETFRUIT_EXTRACT;SEASHELLS;5273;4
244000;;SUBMISSION;VELVETFRUIT_EXTRACT;SEASHELLS;5273;25
244000;;SUBMISSION;VELVETFRUIT_EXTRACT;SEASHELLS;5272;44
244100;;SUBMISSION;VELVETFRUIT_EXTRACT;SEASHELLS;5273;2
244900;;SUBMISSION;VELVETFRUIT_EXTRACT;SEASHELLS;5275;4
246400;;SUBMISSION;VELVETFRUIT_EXTRACT;SEASHELLS;5276;22
246400;;SUBMISSION;VELVETFRUIT_EXTRACT;SEASHELLS;5275;18
249400;;SUBMISSION;VEV_4000;SEASHELLS;1281;3
249800;SUBMISSION;;VEV_4000;SEASHELLS;1272;2
261600;;SUBMISSION;VEV_5500;SEASHELLS;8;23
261700;;SUBMISSION;VEV_5500;SEASHELLS;8;27
261900;;SUBMISSION;VEV_5500;SEASHELLS;8;20
262000;;SUBMISSION;VEV_5100;SEASHELLS;189;30
262000;;SUBMISSION;VEV_5200;SEASHELLS;112;11
262000;;SUBMISSION;VEV_5200;SEASHELLS;111;19
262000;;SUBMISSION;VEV_5500;SEASHELLS;8;20
262100;;SUBMISSION;VEV_5100;SEASHELLS;189;30
262100;;SUBMISSION;VEV_5200;SEASHELLS;112;30
262100;;SUBMISSION;VEV_5500;SEASHELLS;8;19
262200;;SUBMISSION;VEV_5100;SEASHELLS;189;9
262200;;SUBMISSION;VEV_5100;SEASHELLS;188;21
262200;;SUBMISSION;VEV_5200;SEASHELLS;112;9
262200;;SUBMISSION;VEV_5200;SEASHELLS;111;21
262300;;SUBMISSION;VEV_5000;SEASHELLS;282;30
262300;;SUBMISSION;VEV_5100;SEASHELLS;190;13
262300;;SUBMISSION;VEV_5200;SEASHELLS;113;11
262300;;SUBMISSION;VEV_5200;SEASHELLS;112;19
262400;;SUBMISSION;VEV_5200;SEASHELLS;112;12
262400;;SUBMISSION;VEV_5200;SEASHELLS;111;18
263800;;SUBMISSION;VEV_5200;SEASHELLS;112;30
263900;;SUBMISSION;VEV_5000;SEASHELLS;282;7
263900;;SUBMISSION;VEV_5000;SEASHELLS;281;17
263900;;SUBMISSION;VEV_5200;SEASHELLS;112;24
264000;;SUBMISSION;VEV_5000;SEASHELLS;282;6
264000;;SUBMISSION;VEV_5000;SEASHELLS;281;24
264000;;SUBMISSION;VEV_5200;SEASHELLS;112;30
264100;;SUBMISSION;VEV_4500;SEASHELLS;776;9
264100;;SUBMISSION;VEV_4500;SEASHELLS;774;17
264100;;SUBMISSION;VEV_5000;SEASHELLS;283;9
264100;;SUBMISSION;VEV_5000;SEASHELLS;282;17
264100;;SUBMISSION;VEV_5200;SEASHELLS;113;26
264100;;SUBMISSION;VEV_5400;SEASHELLS;20;9
264100;;SUBMISSION;VEV_5400;SEASHELLS;19;15
264200;;SUBMISSION;VEV_4000;SEASHELLS;1275;7
264200;;SUBMISSION;VEV_4000;SEASHELLS;1273;23
264200;;SUBMISSION;VEV_4500;SEASHELLS;778;8
264200;;SUBMISSION;VEV_4500;SEASHELLS;776;17
264200;;SUBMISSION;VEV_5000;SEASHELLS;285;8
264200;;SUBMISSION;VEV_5000;SEASHELLS;284;17
264200;;SUBMISSION;VEV_5200;SEASHELLS;115;8
264200;;SUBMISSION;VEV_5200;SEASHELLS;114;17
264200;;SUBMISSION;VEV_5300;SEASHELLS;57;19
264200;;SUBMISSION;VEV_5400;SEASHELLS;20;19
264300;;SUBMISSION;VEV_4000;SEASHELLS;1275;9
264300;;SUBMISSION;VEV_4000;SEASHELLS;1273;21
264300;;SUBMISSION;VEV_4500;SEASHELLS;778;7
264300;;SUBMISSION;VEV_4500;SEASHELLS;776;18
264300;;SUBMISSION;VEV_5000;SEASHELLS;284;25
264300;;SUBMISSION;VEV_5200;SEASHELLS;114;10
264300;;SUBMISSION;VEV_5300;SEASHELLS;57;22
264300;;SUBMISSION;VEV_5400;SEASHELLS;20;22
264400;;SUBMISSION;VEV_4000;SEASHELLS;1276;8
264400;;SUBMISSION;VEV_4000;SEASHELLS;1273;22
264400;;SUBMISSION;VEV_4500;SEASHELLS;778;10
264400;;SUBMISSION;VEV_4500;SEASHELLS;776;16
264400;;SUBMISSION;VEV_5000;SEASHELLS;285;10
264400;;SUBMISSION;VEV_5000;SEASHELLS;284;16
264400;;SUBMISSION;VEV_5300;SEASHELLS;58;8
264400;;SUBMISSION;VEV_5300;SEASHELLS;57;11
264400;;SUBMISSION;VEV_5400;SEASHELLS;20;19
264500;;SUBMISSION;VEV_4000;SEASHELLS;1275;8
264500;;SUBMISSION;VEV_4000;SEASHELLS;1272;22
264500;;SUBMISSION;VEV_4500;SEASHELLS;777;10
264500;;SUBMISSION;VEV_4500;SEASHELLS;775;20
264500;;SUBMISSION;VEV_5000;SEASHELLS;284;10
264500;;SUBMISSION;VEV_5000;SEASHELLS;283;20
264500;;SUBMISSION;VEV_5400;SEASHELLS;20;25
264600;;SUBMISSION;VEV_4000;SEASHELLS;1275;14
264600;;SUBMISSION;VEV_4000;SEASHELLS;1272;16
264600;;SUBMISSION;VEV_4500;SEASHELLS;777;9
264600;;SUBMISSION;VEV_4500;SEASHELLS;775;17
264600;;SUBMISSION;VEV_5000;SEASHELLS;284;9
264600;;SUBMISSION;VEV_5000;SEASHELLS;283;17
264600;;SUBMISSION;VEV_5300;SEASHELLS;57;30
264600;;SUBMISSION;VEV_5400;SEASHELLS;20;30
264700;;SUBMISSION;VEV_4000;SEASHELLS;1275;9
264700;;SUBMISSION;VEV_4000;SEASHELLS;1272;21
264700;;SUBMISSION;VEV_4500;SEASHELLS;777;12
264700;;SUBMISSION;VEV_4500;SEASHELLS;775;13
264700;;SUBMISSION;VEV_5000;SEASHELLS;284;25
264700;;SUBMISSION;VEV_5300;SEASHELLS;57;24
264700;;SUBMISSION;VEV_5400;SEASHELLS;20;24
264800;;SUBMISSION;VEV_5000;SEASHELLS;283;12
264800;;SUBMISSION;VEV_5000;SEASHELLS;282;18
264800;;SUBMISSION;VEV_5400;SEASHELLS;20;27
264900;;SUBMISSION;VEV_4000;SEASHELLS;1275;15
264900;;SUBMISSION;VEV_4000;SEASHELLS;1273;15
264900;;SUBMISSION;VEV_4500;SEASHELLS;778;10
264900;;SUBMISSION;VEV_4500;SEASHELLS;776;20
264900;;SUBMISSION;VEV_5000;SEASHELLS;285;10
264900;;SUBMISSION;VEV_5000;SEASHELLS;284;20
264900;;SUBMISSION;VEV_5300;SEASHELLS;57;21
264900;;SUBMISSION;VEV_5400;SEASHELLS;20;21
265000;;SUBMISSION;VEV_4000;SEASHELLS;1276;12
265000;;SUBMISSION;VEV_4000;SEASHELLS;1273;18
265000;;SUBMISSION;VEV_4500;SEASHELLS;778;6
265000;;SUBMISSION;VEV_4500;SEASHELLS;777;12
265000;;SUBMISSION;VEV_5000;SEASHELLS;285;18
265000;;SUBMISSION;VEV_5300;SEASHELLS;58;23
265000;;SUBMISSION;VEV_5400;SEASHELLS;20;23
265100;;SUBMISSION;VEV_4000;SEASHELLS;1277;12
265100;;SUBMISSION;VEV_4000;SEASHELLS;1274;15
265100;;SUBMISSION;VEV_4500;SEASHELLS;779;8
265100;;SUBMISSION;VEV_4500;SEASHELLS;777;21
265100;;SUBMISSION;VEV_5000;SEASHELLS;286;8
265100;;SUBMISSION;VEV_5000;SEASHELLS;285;21
265100;;SUBMISSION;VEV_5300;SEASHELLS;58;20
265100;;SUBMISSION;VEV_5400;SEASHELLS;20;20
265100;;SUBMISSION;VEV_5500;SEASHELLS;8;20
265200;;SUBMISSION;VEV_4000;SEASHELLS;1277;11
265200;;SUBMISSION;VEV_4000;SEASHELLS;1274;19
265200;;SUBMISSION;VEV_4500;SEASHELLS;779;11
265200;;SUBMISSION;VEV_4500;SEASHELLS;777;17
265200;;SUBMISSION;VEV_5000;SEASHELLS;286;11
265200;;SUBMISSION;VEV_5000;SEASHELLS;285;17
265200;;SUBMISSION;VEV_5300;SEASHELLS;58;19
265200;;SUBMISSION;VEV_5400;SEASHELLS;20;19
265200;;SUBMISSION;VEV_5500;SEASHELLS;8;19
265300;;SUBMISSION;VEV_4000;SEASHELLS;1276;14
265300;;SUBMISSION;VEV_4000;SEASHELLS;1274;16
265300;;SUBMISSION;VEV_4500;SEASHELLS;779;7
265300;;SUBMISSION;VEV_4500;SEASHELLS;777;20
265300;;SUBMISSION;VEV_5000;SEASHELLS;286;7
265300;;SUBMISSION;VEV_5000;SEASHELLS;285;20
265300;;SUBMISSION;VEV_5300;SEASHELLS;58;25
265300;;SUBMISSION;VEV_5400;SEASHELLS;20;25
265300;;SUBMISSION;VEV_5500;SEASHELLS;8;25
265400;;SUBMISSION;VEV_4000;SEASHELLS;1277;10
265400;;SUBMISSION;VEV_4000;SEASHELLS;1274;19
265400;;SUBMISSION;VEV_4500;SEASHELLS;779;12
265400;;SUBMISSION;VEV_4500;SEASHELLS;777;18
265400;;SUBMISSION;VEV_5000;SEASHELLS;286;12
265400;;SUBMISSION;VEV_5000;SEASHELLS;285;18
265400;;SUBMISSION;VEV_5300;SEASHELLS;58;27
265400;;SUBMISSION;VEV_5400;SEASHELLS;20;27
265400;;SUBMISSION;VEV_5500;SEASHELLS;8;27
265500;;SUBMISSION;VEV_4000;SEASHELLS;1287;3
265500;;SUBMISSION;VEV_4000;SEASHELLS;1277;14
265500;;SUBMISSION;VEV_4000;SEASHELLS;1274;13
265500;;SUBMISSION;VEV_4500;SEASHELLS;787;3
265500;;SUBMISSION;VEV_4500;SEASHELLS;779;8
265500;;SUBMISSION;VEV_4500;SEASHELLS;777;19
265500;;SUBMISSION;VEV_5000;SEASHELLS;289;3
265500;;SUBMISSION;VEV_5000;SEASHELLS;286;8
265500;;SUBMISSION;VEV_5000;SEASHELLS;285;19
265500;;SUBMISSION;VEV_5300;SEASHELLS;59;3
265500;;SUBMISSION;VEV_5300;SEASHELLS;58;23
265500;;SUBMISSION;VEV_5400;SEASHELLS;21;3
265500;;SUBMISSION;VEV_5400;SEASHELLS;20;23
265500;;SUBMISSION;VEV_5500;SEASHELLS;8;26
265600;;SUBMISSION;VEV_4000;SEASHELLS;1276;13
265600;;SUBMISSION;VEV_4000;SEASHELLS;1274;17
265600;;SUBMISSION;VEV_4500;SEASHELLS;779;9
265600;;SUBMISSION;VEV_4500;SEASHELLS;777;14
265600;;SUBMISSION;VEV_5000;SEASHELLS;285;23
265600;;SUBMISSION;VEV_5300;SEASHELLS;58;23
265600;;SUBMISSION;VEV_5400;SEASHELLS;20;23
265700;;SUBMISSION;VEV_4000;SEASHELLS;1286;4
265700;;SUBMISSION;VEV_4000;SEASHELLS;1276;8
265700;;SUBMISSION;VEV_4000;SEASHELLS;1274;18
265700;;SUBMISSION;VEV_4500;SEASHELLS;786;4
265700;;SUBMISSION;VEV_4500;SEASHELLS;779;10
265700;;SUBMISSION;VEV_4500;SEASHELLS;777;16
265700;;SUBMISSION;VEV_5000;SEASHELLS;288;4
265700;;SUBMISSION;VEV_5000;SEASHELLS;286;10
265700;;SUBMISSION;VEV_5000;SEASHELLS;285;16
265700;;SUBMISSION;VEV_5300;SEASHELLS;58;26
265700;;SUBMISSION;VEV_5400;SEASHELLS;20;26
265800;;SUBMISSION;VEV_4000;SEASHELLS;1277;15
265800;;SUBMISSION;VEV_4000;SEASHELLS;1274;15
265800;;SUBMISSION;VEV_4500;SEASHELLS;779;7
265800;;SUBMISSION;VEV_4500;SEASHELLS;777;12
265800;;SUBMISSION;VEV_5000;SEASHELLS;286;5
265800;;SUBMISSION;VEV_5300;SEASHELLS;58;21
265800;;SUBMISSION;VEV_5400;SEASHELLS;20;21
265800;;SUBMISSION;VEV_5500;SEASHELLS;8;21
265900;;SUBMISSION;VEV_4000;SEASHELLS;1277;8
265900;;SUBMISSION;VEV_4000;SEASHELLS;1275;22
265900;;SUBMISSION;VEV_4500;SEASHELLS;780;12
265900;;SUBMISSION;VEV_4500;SEASHELLS;778;18
265900;;SUBMISSION;VEV_5300;SEASHELLS;58;21
265900;;SUBMISSION;VEV_5400;SEASHELLS;20;21
265900;;SUBMISSION;VEV_5500;SEASHELLS;8;21
266000;;SUBMISSION;VEV_4000;SEASHELLS;1278;14
266000;;SUBMISSION;VEV_4000;SEASHELLS;1275;16
266000;;SUBMISSION;VEV_4500;SEASHELLS;780;7
266000;;SUBMISSION;VEV_4500;SEASHELLS;778;23
266000;;SUBMISSION;VEV_5300;SEASHELLS;59;8
266000;;SUBMISSION;VEV_5300;SEASHELLS;58;16
266000;;SUBMISSION;VEV_5400;SEASHELLS;21;11
266000;;SUBMISSION;VEV_5500;SEASHELLS;8;24
266100;;SUBMISSION;VEV_4000;SEASHELLS;1277;14
266100;;SUBMISSION;VEV_4000;SEASHELLS;1275;16
266100;;SUBMISSION;VEV_4500;SEASHELLS;780;6
266100;;SUBMISSION;VEV_4500;SEASHELLS;778;21
266100;;SUBMISSION;VEV_5300;SEASHELLS;58;22
266100;;SUBMISSION;VEV_5500;SEASHELLS;8;22
266200;;SUBMISSION;VEV_4000;SEASHELLS;1278;11
266200;;SUBMISSION;VEV_4000;SEASHELLS;1275;13
266200;;SUBMISSION;VEV_4500;SEASHELLS;780;10
266200;;SUBMISSION;VEV_4500;SEASHELLS;778;20
266200;;SUBMISSION;VEV_5300;SEASHELLS;58;30
266200;;SUBMISSION;VEV_5500;SEASHELLS;8;30
266300;;SUBMISSION;VEV_4500;SEASHELLS;781;7
266300;;SUBMISSION;VEV_4500;SEASHELLS;779;19
266300;;SUBMISSION;VEV_5300;SEASHELLS;59;18
266300;;SUBMISSION;VEV_5500;SEASHELLS;8;18
266400;;SUBMISSION;VEV_5300;SEASHELLS;59;22
266400;;SUBMISSION;VEV_5500;SEASHELLS;9;22
266500;;SUBMISSION;VEV_5300;SEASHELLS;59;23
266500;;SUBMISSION;VEV_5500;SEASHELLS;8;11
266600;;SUBMISSION;VEV_5300;SEASHELLS;58;20
266700;;SUBMISSION;VEV_5300;SEASHELLS;58;18
266800;SUBMISSION;;VEV_4000;SEASHELLS;1280;1
266900;;SUBMISSION;VEV_4000;SEASHELLS;1275;1
266900;;SUBMISSION;VEV_5300;SEASHELLS;57;18
267000;;SUBMISSION;VEV_5300;SEASHELLS;58;10
267000;;SUBMISSION;VEV_5300;SEASHELLS;57;4
269700;;SUBMISSION;VEV_4000;SEASHELLS;1283;1
270500;;SUBMISSION;VEV_4000;SEASHELLS;1286;1
272900;;SUBMISSION;VEV_4000;SEASHELLS;1285;3
277900;SUBMISSION;;VEV_4000;SEASHELLS;1264;3
278100;SUBMISSION;;VELVETFRUIT_EXTRACT;SEASHELLS;5269;15
278700;;SUBMISSION;VELVETFRUIT_EXTRACT;SEASHELLS;5273;6
278800;;SUBMISSION;VELVETFRUIT_EXTRACT;SEASHELLS;5275;4
280700;SUBMISSION;;VELVETFRUIT_EXTRACT;SEASHELLS;5269;6
281000;SUBMISSION;;VELVETFRUIT_EXTRACT;SEASHELLS;5269;66
281100;;SUBMISSION;VEV_4000;SEASHELLS;1273;1
281200;SUBMISSION;;VELVETFRUIT_EXTRACT;SEASHELLS;5269;21
281400;SUBMISSION;;VELVETFRUIT_EXTRACT;SEASHELLS;5269;9
281800;SUBMISSION;;VELVETFRUIT_EXTRACT;SEASHELLS;5269;19
282600;SUBMISSION;;VELVETFRUIT_EXTRACT;SEASHELLS;5270;10
283300;SUBMISSION;;VELVETFRUIT_EXTRACT;SEASHELLS;5271;5
285600;;SUBMISSION;VELVETFRUIT_EXTRACT;SEASHELLS;5277;4
285800;;SUBMISSION;VELVETFRUIT_EXTRACT;SEASHELLS;5275;6
285900;;SUBMISSION;VELVETFRUIT_EXTRACT;SEASHELLS;5275;24
285900;;SUBMISSION;VELVETFRUIT_EXTRACT;SEASHELLS;5274;44
286000;;SUBMISSION;VELVETFRUIT_EXTRACT;SEASHELLS;5277;17
286000;;SUBMISSION;VELVETFRUIT_EXTRACT;SEASHELLS;5276;32
286100;;SUBMISSION;VELVETFRUIT_EXTRACT;SEASHELLS;5278;5
286100;;SUBMISSION;VELVETFRUIT_EXTRACT;SEASHELLS;5276;9
286900;SUBMISSION;;VEV_4000;SEASHELLS;1271;3
291800;SUBMISSION;;VELVETFRUIT_EXTRACT;SEASHELLS;5268;4
293100;;SUBMISSION;VELVETFRUIT_EXTRACT;SEASHELLS;5273;4
293600;SUBMISSION;;VEV_4000;SEASHELLS;1265;2
293700;SUBMISSION;;VELVETFRUIT_EXTRACT;SEASHELLS;5268;8
296800;SUBMISSION;;VELVETFRUIT_EXTRACT;SEASHELLS;5269;8
297000;SUBMISSION;;VELVETFRUIT_EXTRACT;SEASHELLS;5267;15
297500;SUBMISSION;;VELVETFRUIT_EXTRACT;SEASHELLS;5268;10
300500;SUBMISSION;;VELVETFRUIT_EXTRACT;SEASHELLS;5267;12
301000;SUBMISSION;;VELVETFRUIT_EXTRACT;SEASHELLS;5268;8
301200;SUBMISSION;;VELVETFRUIT_EXTRACT;SEASHELLS;5269;21
301300;SUBMISSION;;VELVETFRUIT_EXTRACT;SEASHELLS;5268;74
301400;SUBMISSION;;VELVETFRUIT_EXTRACT;SEASHELLS;5269;23
301700;SUBMISSION;;VELVETFRUIT_EXTRACT;SEASHELLS;5266;6
301700;SUBMISSION;;VELVETFRUIT_EXTRACT;SEASHELLS;5269;55
301700;SUBMISSION;;VEV_4000;SEASHELLS;1261;2
301800;SUBMISSION;;VELVETFRUIT_EXTRACT;SEASHELLS;5268;71
301900;SUBMISSION;;VELVETFRUIT_EXTRACT;SEASHELLS;5267;20
301900;SUBMISSION;;VELVETFRUIT_EXTRACT;SEASHELLS;5268;45
302000;SUBMISSION;;VELVETFRUIT_EXTRACT;SEASHELLS;5267;19
302000;SUBMISSION;;VELVETFRUIT_EXTRACT;SEASHELLS;5268;5
303100;SUBMISSION;;VEV_4000;SEASHELLS;1261;1
306000;;SUBMISSION;VELVETFRUIT_EXTRACT;SEASHELLS;5273;5
307600;;SUBMISSION;VEV_4000;SEASHELLS;1276;2
307900;SUBMISSION;;VELVETFRUIT_EXTRACT;SEASHELLS;5269;5
309200;;SUBMISSION;VELVETFRUIT_EXTRACT;SEASHELLS;5273;8
310200;;SUBMISSION;VELVETFRUIT_EXTRACT;SEASHELLS;5274;5
310300;;SUBMISSION;VELVETFRUIT_EXTRACT;SEASHELLS;5273;11
311200;SUBMISSION;;VELVETFRUIT_EXTRACT;SEASHELLS;5266;8
311700;;SUBMISSION;VELVETFRUIT_EXTRACT;SEASHELLS;5272;6
314000;SUBMISSION;;VELVETFRUIT_EXTRACT;SEASHELLS;5268;7
316000;;SUBMISSION;VELVETFRUIT_EXTRACT;SEASHELLS;5273;19
316600;;SUBMISSION;VELVETFRUIT_EXTRACT;SEASHELLS;5273;22
316700;;SUBMISSION;VELVETFRUIT_EXTRACT;SEASHELLS;5273;22
316800;;SUBMISSION;VELVETFRUIT_EXTRACT;SEASHELLS;5274;7
318100;;SUBMISSION;VEV_4000;SEASHELLS;1279;1
319600;;SUBMISSION;VELVETFRUIT_EXTRACT;SEASHELLS;5274;58
319700;;SUBMISSION;VELVETFRUIT_EXTRACT;SEASHELLS;5275;66
319800;;SUBMISSION;VELVETFRUIT_EXTRACT;SEASHELLS;5276;57
319900;;SUBMISSION;VELVETFRUIT_EXTRACT;SEASHELLS;5281;11
319900;;SUBMISSION;VELVETFRUIT_EXTRACT;SEASHELLS;5278;22
319900;;SUBMISSION;VELVETFRUIT_EXTRACT;SEASHELLS;5277;31
320000;;SUBMISSION;VELVETFRUIT_EXTRACT;SEASHELLS;5277;63
320100;;SUBMISSION;VELVETFRUIT_EXTRACT;SEASHELLS;5276;7
322300;;SUBMISSION;VEV_4000;SEASHELLS;1277;2
323500;SUBMISSION;;VELVETFRUIT_EXTRACT;SEASHELLS;5269;14
325800;SUBMISSION;;VELVETFRUIT_EXTRACT;SEASHELLS;5269;17
325900;SUBMISSION;;VELVETFRUIT_EXTRACT;SEASHELLS;5268;58
326000;SUBMISSION;;VELVETFRUIT_EXTRACT;SEASHELLS;5269;52
326100;SUBMISSION;;VELVETFRUIT_EXTRACT;SEASHELLS;5269;55
326200;SUBMISSION;;VELVETFRUIT_EXTRACT;SEASHELLS;5267;19
326200;SUBMISSION;;VELVETFRUIT_EXTRACT;SEASHELLS;5268;42
326300;SUBMISSION;;VELVETFRUIT_EXTRACT;SEASHELLS;5266;21
326300;SUBMISSION;;VELVETFRUIT_EXTRACT;SEASHELLS;5267;32
326400;SUBMISSION;;VELVETFRUIT_EXTRACT;SEASHELLS;5265;51
326500;SUBMISSION;;VELVETFRUIT_EXTRACT;SEASHELLS;5264;39
328700;SUBMISSION;;VEV_4000;SEASHELLS;1260;3
332600;;SUBMISSION;VELVETFRUIT_EXTRACT;SEASHELLS;5273;8
333900;;SUBMISSION;VELVETFRUIT_EXTRACT;SEASHELLS;5272;7
336800;SUBMISSION;;VELVETFRUIT_EXTRACT;SEASHELLS;5269;5
336900;SUBMISSION;;VELVETFRUIT_EXTRACT;SEASHELLS;5270;10
340500;SUBMISSION;;VEV_4000;SEASHELLS;1262;3
341400;SUBMISSION;;VEV_5500;SEASHELLS;7;2
363300;;SUBMISSION;VEV_4000;SEASHELLS;1267;1
366500;;SUBMISSION;HYDROGEL_PACK;SEASHELLS;10000;2
368200;;SUBMISSION;VEV_4000;SEASHELLS;1265;2
370200;SUBMISSION;;VEV_5100;SEASHELLS;165;8
370200;SUBMISSION;;VEV_5100;SEASHELLS;166;22
370200;SUBMISSION;;VEV_5200;SEASHELLS;93;30
370300;SUBMISSION;;VEV_5100;SEASHELLS;165;23
370300;SUBMISSION;;VEV_5200;SEASHELLS;93;23
370400;SUBMISSION;;VEV_5100;SEASHELLS;165;12
370400;SUBMISSION;;VEV_5100;SEASHELLS;166;12
370400;SUBMISSION;;VEV_5200;SEASHELLS;93;24
370600;;SUBMISSION;VEV_4000;SEASHELLS;1256;3
370600;SUBMISSION;;VEV_5100;SEASHELLS;165;23
370600;SUBMISSION;;VEV_5200;SEASHELLS;93;23
370700;SUBMISSION;;VEV_4000;SEASHELLS;1246;2
371100;SUBMISSION;;VEV_5100;SEASHELLS;165;9
371100;SUBMISSION;;VEV_5100;SEASHELLS;166;21
371100;SUBMISSION;;VEV_5200;SEASHELLS;93;30
371200;SUBMISSION;;VEV_5100;SEASHELLS;165;8
371200;SUBMISSION;;VEV_5100;SEASHELLS;166;22
371200;SUBMISSION;;VEV_5200;SEASHELLS;93;30
371300;SUBMISSION;;VEV_5100;SEASHELLS;165;6
371300;SUBMISSION;;VEV_5100;SEASHELLS;166;18
371300;SUBMISSION;;VEV_5200;SEASHELLS;93;24
372300;;SUBMISSION;VEV_4000;SEASHELLS;1259;2
373700;SUBMISSION;;VEV_5200;SEASHELLS;93;30
373800;SUBMISSION;;VEV_5100;SEASHELLS;163;4
373800;SUBMISSION;;VEV_5100;SEASHELLS;166;26
373800;SUBMISSION;;VEV_5200;SEASHELLS;91;4
373800;SUBMISSION;;VEV_5200;SEASHELLS;93;26
374100;SUBMISSION;;VEV_5100;SEASHELLS;165;8
374100;SUBMISSION;;VEV_5100;SEASHELLS;166;16
374100;SUBMISSION;;VEV_5200;SEASHELLS;93;24
374900;SUBMISSION;;VEV_5100;SEASHELLS;165;7
374900;SUBMISSION;;VEV_5100;SEASHELLS;166;23
374900;SUBMISSION;;VEV_5200;SEASHELLS;93;30
376800;SUBMISSION;;VEV_5200;SEASHELLS;93;12
376800;SUBMISSION;;VEV_5200;SEASHELLS;94;17
377000;SUBMISSION;;VEV_5100;SEASHELLS;165;8
377000;SUBMISSION;;VEV_5100;SEASHELLS;166;14
377000;SUBMISSION;;VEV_5200;SEASHELLS;93;22
377200;SUBMISSION;;VEV_5100;SEASHELLS;165;11
377200;SUBMISSION;;VEV_5100;SEASHELLS;166;19
377200;SUBMISSION;;VEV_5200;SEASHELLS;93;30
377300;SUBMISSION;;VEV_5100;SEASHELLS;165;12
377300;SUBMISSION;;VEV_5100;SEASHELLS;166;18
377300;SUBMISSION;;VEV_5200;SEASHELLS;93;30
377500;SUBMISSION;;VEV_5100;SEASHELLS;165;8
377500;SUBMISSION;;VEV_5100;SEASHELLS;166;13
377500;SUBMISSION;;VEV_5200;SEASHELLS;93;21
377600;SUBMISSION;;VEV_5100;SEASHELLS;165;30
377600;SUBMISSION;;VEV_5200;SEASHELLS;93;30
377700;SUBMISSION;;VEV_5100;SEASHELLS;164;6
377700;SUBMISSION;;VEV_5100;SEASHELLS;165;18
377700;SUBMISSION;;VEV_5200;SEASHELLS;92;6
377700;SUBMISSION;;VEV_5200;SEASHELLS;93;18
377800;SUBMISSION;;VEV_5100;SEASHELLS;164;12
377800;SUBMISSION;;VEV_5100;SEASHELLS;165;12
377800;SUBMISSION;;VEV_5200;SEASHELLS;92;12
377800;SUBMISSION;;VEV_5200;SEASHELLS;93;12
377900;SUBMISSION;;VEV_5100;SEASHELLS;165;28
377900;SUBMISSION;;VEV_5200;SEASHELLS;93;28
378000;SUBMISSION;;VEV_5100;SEASHELLS;164;10
378000;SUBMISSION;;VEV_5100;SEASHELLS;165;19
378000;SUBMISSION;;VEV_5200;SEASHELLS;92;10
378000;SUBMISSION;;VEV_5200;SEASHELLS;93;19
378100;SUBMISSION;;VEV_5100;SEASHELLS;164;19
378100;SUBMISSION;;VEV_5200;SEASHELLS;92;19
378100;SUBMISSION;;VEV_5300;SEASHELLS;43;27
378200;SUBMISSION;;VEV_5100;SEASHELLS;164;6
378200;SUBMISSION;;VEV_5100;SEASHELLS;165;13
378200;SUBMISSION;;VEV_5200;SEASHELLS;92;6
378300;SUBMISSION;;VEV_5100;SEASHELLS;164;28
378300;SUBMISSION;;VEV_5300;SEASHELLS;43;30
378400;SUBMISSION;;VEV_5100;SEASHELLS;164;8
378400;SUBMISSION;;VEV_5100;SEASHELLS;165;10
381700;SUBMISSION;;VEV_5300;SEASHELLS;43;22
381800;SUBMISSION;;VEV_5300;SEASHELLS;43;21
381900;SUBMISSION;;VEV_5300;SEASHELLS;43;21
385000;SUBMISSION;;VEV_5300;SEASHELLS;43;25
385100;SUBMISSION;;VEV_5000;SEASHELLS;253;6
385100;SUBMISSION;;VEV_5000;SEASHELLS;254;17
385100;SUBMISSION;;VEV_5300;SEASHELLS;42;22
385100;SUBMISSION;;VEV_5500;SEASHELLS;5;22
385200;SUBMISSION;;VEV_5000;SEASHELLS;252;12
385200;SUBMISSION;;VEV_5000;SEASHELLS;253;13
385200;SUBMISSION;;VEV_5300;SEASHELLS;42;23
385200;SUBMISSION;;VEV_5500;SEASHELLS;5;23
385300;SUBMISSION;;VEV_5000;SEASHELLS;253;20
385300;SUBMISSION;;VEV_5300;SEASHELLS;42;18
385300;SUBMISSION;;VEV_5500;SEASHELLS;5;18
385400;SUBMISSION;;VEV_5000;SEASHELLS;252;8
385400;SUBMISSION;;VEV_5000;SEASHELLS;253;16
385400;SUBMISSION;;VEV_5300;SEASHELLS;42;18
385400;SUBMISSION;;VEV_5500;SEASHELLS;5;18
385500;SUBMISSION;;HYDROGEL_PACK;SEASHELLS;9973;2
385500;SUBMISSION;;VEV_5000;SEASHELLS;252;11
385500;SUBMISSION;;VEV_5000;SEASHELLS;253;12
385500;SUBMISSION;;VEV_5300;SEASHELLS;42;23
385500;SUBMISSION;;VEV_5500;SEASHELLS;5;23
385600;SUBMISSION;;VEV_5000;SEASHELLS;253;30
385600;SUBMISSION;;VEV_5300;SEASHELLS;42;19
385600;SUBMISSION;;VEV_5500;SEASHELLS;5;19
385700;SUBMISSION;;VEV_5300;SEASHELLS;43;25
385800;SUBMISSION;;VEV_5000;SEASHELLS;253;11
385800;SUBMISSION;;VEV_5000;SEASHELLS;254;19
385800;SUBMISSION;;VEV_5300;SEASHELLS;42;21
385800;SUBMISSION;;VEV_5500;SEASHELLS;5;8
385800;SUBMISSION;;VEV_5500;SEASHELLS;6;13
385900;SUBMISSION;;VEV_5000;SEASHELLS;253;7
385900;SUBMISSION;;VEV_5000;SEASHELLS;254;23
385900;SUBMISSION;;VEV_5300;SEASHELLS;42;18
385900;SUBMISSION;;VEV_5500;SEASHELLS;5;18
386000;SUBMISSION;;VEV_4500;SEASHELLS;753;9
386000;SUBMISSION;;VEV_4500;SEASHELLS;755;12
386000;SUBMISSION;;VEV_5000;SEASHELLS;252;9
386000;SUBMISSION;;VEV_5000;SEASHELLS;253;12
386000;SUBMISSION;;VEV_5300;SEASHELLS;42;27
386000;SUBMISSION;;VEV_5500;SEASHELLS;5;27
386100;SUBMISSION;;VEV_5000;SEASHELLS;253;11
386100;SUBMISSION;;VEV_5000;SEASHELLS;254;14
386100;SUBMISSION;;VEV_5300;SEASHELLS;42;5
386100;SUBMISSION;;VEV_5300;SEASHELLS;43;14
386200;SUBMISSION;;VEV_4000;SEASHELLS;1254;10
386200;SUBMISSION;;VEV_4000;SEASHELLS;1257;19
386200;SUBMISSION;;VEV_4500;SEASHELLS;752;8
386200;SUBMISSION;;VEV_4500;SEASHELLS;754;19
386200;SUBMISSION;;VEV_5000;SEASHELLS;251;27
386200;SUBMISSION;;VEV_5300;SEASHELLS;41;17
386200;SUBMISSION;;VEV_5400;SEASHELLS;13;17
386200;SUBMISSION;;VEV_5500;SEASHELLS;5;17
386300;SUBMISSION;;VEV_4000;SEASHELLS;1253;13
386300;SUBMISSION;;VEV_4000;SEASHELLS;1255;17
386300;SUBMISSION;;VEV_4500;SEASHELLS;750;6
386300;SUBMISSION;;VEV_4500;SEASHELLS;752;14
386300;SUBMISSION;;VEV_5000;SEASHELLS;249;6
386300;SUBMISSION;;VEV_5000;SEASHELLS;250;14
386300;SUBMISSION;;VEV_5300;SEASHELLS;41;20
386300;SUBMISSION;;VEV_5400;SEASHELLS;12;20
386300;SUBMISSION;;VEV_5500;SEASHELLS;5;20
386400;SUBMISSION;;VEV_4000;SEASHELLS;1253;11
386400;SUBMISSION;;VEV_4000;SEASHELLS;1256;19
386400;SUBMISSION;;VEV_4500;SEASHELLS;751;11
386400;SUBMISSION;;VEV_4500;SEASHELLS;753;19
386400;SUBMISSION;;VEV_5000;SEASHELLS;250;30
386400;SUBMISSION;;VEV_5300;SEASHELLS;41;18
386400;SUBMISSION;;VEV_5400;SEASHELLS;12;6
386400;SUBMISSION;;VEV_5400;SEASHELLS;13;12
386400;SUBMISSION;;VEV_5500;SEASHELLS;5;18
386500;SUBMISSION;;VEV_4000;SEASHELLS;1254;8
386500;SUBMISSION;;VEV_4000;SEASHELLS;1256;22
386500;SUBMISSION;;VEV_4500;SEASHELLS;751;11
386500;SUBMISSION;;VEV_4500;SEASHELLS;753;15
386500;SUBMISSION;;VEV_5000;SEASHELLS;250;11
386500;SUBMISSION;;VEV_5000;SEASHELLS;251;15
386500;SUBMISSION;;VEV_5300;SEASHELLS;41;24
386500;SUBMISSION;;VEV_5400;SEASHELLS;13;24
386500;SUBMISSION;;VEV_5500;SEASHELLS;5;24
386600;SUBMISSION;;VEV_4000;SEASHELLS;1254;10
386600;SUBMISSION;;VEV_4000;SEASHELLS;1256;20
386600;SUBMISSION;;VEV_4500;SEASHELLS;751;11
386600;SUBMISSION;;VEV_4500;SEASHELLS;753;19
386600;SUBMISSION;;VEV_5000;SEASHELLS;250;30
386600;SUBMISSION;;VEV_5300;SEASHELLS;41;20
386600;SUBMISSION;;VEV_5400;SEASHELLS;13;20
386600;SUBMISSION;;VEV_5500;SEASHELLS;5;20
386700;SUBMISSION;;VEV_4000;SEASHELLS;1254;9
386700;SUBMISSION;;VEV_4000;SEASHELLS;1256;20
386700;SUBMISSION;;VEV_4500;SEASHELLS;751;10
386700;SUBMISSION;;VEV_4500;SEASHELLS;753;16
386700;SUBMISSION;;VEV_5000;SEASHELLS;250;10
386700;SUBMISSION;;VEV_5000;SEASHELLS;251;16
386700;SUBMISSION;;VEV_5300;SEASHELLS;41;23
386700;SUBMISSION;;VEV_5400;SEASHELLS;13;23
386700;SUBMISSION;;VEV_5500;SEASHELLS;5;23
386800;SUBMISSION;;VEV_4000;SEASHELLS;1253;7
386800;SUBMISSION;;VEV_4000;SEASHELLS;1255;23
386800;SUBMISSION;;VEV_4500;SEASHELLS;750;12
386800;SUBMISSION;;VEV_4500;SEASHELLS;752;18
386800;SUBMISSION;;VEV_5000;SEASHELLS;249;12
386800;SUBMISSION;;VEV_5000;SEASHELLS;250;18
386800;SUBMISSION;;VEV_5300;SEASHELLS;41;19
386800;SUBMISSION;;VEV_5400;SEASHELLS;12;19
386800;SUBMISSION;;VEV_5500;SEASHELLS;5;19
386900;SUBMISSION;;VEV_4000;SEASHELLS;1252;12
386900;SUBMISSION;;VEV_4000;SEASHELLS;1254;18
386900;SUBMISSION;;VEV_4500;SEASHELLS;749;8
386900;SUBMISSION;;VEV_4500;SEASHELLS;751;19
386900;SUBMISSION;;VEV_5000;SEASHELLS;248;8
386900;SUBMISSION;;VEV_5000;SEASHELLS;249;19
386900;SUBMISSION;;VEV_5300;SEASHELLS;40;18
386900;SUBMISSION;;VEV_5400;SEASHELLS;12;18
386900;SUBMISSION;;VEV_5500;SEASHELLS;5;18
387000;SUBMISSION;;VEV_4000;SEASHELLS;1251;9
387000;SUBMISSION;;VEV_4000;SEASHELLS;1253;21
387000;SUBMISSION;;VEV_4500;SEASHELLS;748;11
387000;SUBMISSION;;VEV_4500;SEASHELLS;750;13
387000;SUBMISSION;;VEV_5000;SEASHELLS;247;11
387000;SUBMISSION;;VEV_5000;SEASHELLS;248;13
387000;SUBMISSION;;VEV_5300;SEASHELLS;40;27
387000;SUBMISSION;;VEV_5400;SEASHELLS;12;27
387000;SUBMISSION;;VEV_5500;SEASHELLS;5;27
387100;SUBMISSION;;VEV_4000;SEASHELLS;1250;8
387100;SUBMISSION;;VEV_4000;SEASHELLS;1253;22
387100;SUBMISSION;;VEV_4500;SEASHELLS;748;11
387100;SUBMISSION;;VEV_4500;SEASHELLS;750;19
387100;SUBMISSION;;VEV_5000;SEASHELLS;247;30
387100;SUBMISSION;;VEV_5300;SEASHELLS;40;18
387100;SUBMISSION;;VEV_5400;SEASHELLS;12;18
387100;SUBMISSION;;VEV_5500;SEASHELLS;5;18
387200;SUBMISSION;;VEV_4000;SEASHELLS;1251;8
387200;SUBMISSION;;VEV_4000;SEASHELLS;1254;22
387200;SUBMISSION;;VEV_4500;SEASHELLS;749;12
387200;SUBMISSION;;VEV_4500;SEASHELLS;751;18
387200;SUBMISSION;;VEV_5000;SEASHELLS;248;12
387200;SUBMISSION;;VEV_5000;SEASHELLS;249;18
387200;SUBMISSION;;VEV_5300;SEASHELLS;40;7
387200;SUBMISSION;;VEV_5400;SEASHELLS;12;17
387200;SUBMISSION;;VEV_5500;SEASHELLS;5;17
387300;SUBMISSION;;VEV_4000;SEASHELLS;1250;11
387300;SUBMISSION;;VEV_4000;SEASHELLS;1253;19
387300;SUBMISSION;;VEV_4500;SEASHELLS;748;12
387300;SUBMISSION;;VEV_4500;SEASHELLS;750;18
387300;SUBMISSION;;VEV_5000;SEASHELLS;247;30
387300;SUBMISSION;;VEV_5400;SEASHELLS;12;18
387300;SUBMISSION;;VEV_5500;SEASHELLS;5;18
387400;SUBMISSION;;VEV_4000;SEASHELLS;1250;7
387400;SUBMISSION;;VEV_4000;SEASHELLS;1252;15
387400;SUBMISSION;;VEV_4500;SEASHELLS;747;9
387400;SUBMISSION;;VEV_4500;SEASHELLS;749;20
387400;SUBMISSION;;VEV_5000;SEASHELLS;246;9
387400;SUBMISSION;;VEV_5400;SEASHELLS;12;18
387400;SUBMISSION;;VEV_5500;SEASHELLS;5;18
387500;;SUBMISSION;HYDROGEL_PACK;SEASHELLS;9990;3
387500;SUBMISSION;;VEV_4000;SEASHELLS;1251;9
387500;SUBMISSION;;VEV_4000;SEASHELLS;1253;21
387500;SUBMISSION;;VEV_4500;SEASHELLS;748;9
387500;SUBMISSION;;VEV_4500;SEASHELLS;750;17
387500;SUBMISSION;;VEV_5400;SEASHELLS;12;21
387500;SUBMISSION;;VEV_5500;SEASHELLS;5;21
387600;SUBMISSION;;VEV_4000;SEASHELLS;1251;8
387600;SUBMISSION;;VEV_4000;SEASHELLS;1254;22
387600;SUBMISSION;;VEV_4500;SEASHELLS;749;9
387600;SUBMISSION;;VEV_4500;SEASHELLS;751;21
387600;SUBMISSION;;VEV_5400;SEASHELLS;12;29
387600;SUBMISSION;;VEV_5500;SEASHELLS;5;29
387700;SUBMISSION;;VEV_4000;SEASHELLS;1251;8
387700;SUBMISSION;;VEV_4000;SEASHELLS;1253;20
387700;SUBMISSION;;VEV_4500;SEASHELLS;748;11
387700;SUBMISSION;;VEV_4500;SEASHELLS;750;16
387700;SUBMISSION;;VEV_5400;SEASHELLS;12;22
387700;SUBMISSION;;VEV_5500;SEASHELLS;5;22
387800;SUBMISSION;;VEV_4000;SEASHELLS;1251;10
387800;SUBMISSION;;VEV_4000;SEASHELLS;1254;15
387800;SUBMISSION;;VEV_4500;SEASHELLS;749;6
387800;SUBMISSION;;VEV_4500;SEASHELLS;751;13
387800;SUBMISSION;;VEV_5400;SEASHELLS;12;20
387800;SUBMISSION;;VEV_5500;SEASHELLS;5;20
387900;SUBMISSION;;VEV_4000;SEASHELLS;1251;10
387900;SUBMISSION;;VEV_4000;SEASHELLS;1253;20
387900;SUBMISSION;;VEV_4500;SEASHELLS;748;10
387900;SUBMISSION;;VEV_4500;SEASHELLS;750;19
387900;SUBMISSION;;VEV_5400;SEASHELLS;12;19
387900;SUBMISSION;;VEV_5500;SEASHELLS;5;19
388000;SUBMISSION;;VEV_4000;SEASHELLS;1249;10
388000;SUBMISSION;;VEV_4000;SEASHELLS;1252;20
388000;SUBMISSION;;VEV_4500;SEASHELLS;747;10
388000;SUBMISSION;;VEV_4500;SEASHELLS;749;14
388000;SUBMISSION;;VEV_5400;SEASHELLS;12;21
388000;SUBMISSION;;VEV_5500;SEASHELLS;5;21
388100;SUBMISSION;;VEV_4000;SEASHELLS;1250;8
388100;SUBMISSION;;VEV_4000;SEASHELLS;1252;22
388100;SUBMISSION;;VEV_4500;SEASHELLS;747;8
388100;SUBMISSION;;VEV_4500;SEASHELLS;749;22
388100;SUBMISSION;;VEV_5400;SEASHELLS;12;24
388100;SUBMISSION;;VEV_5500;SEASHELLS;5;10
388200;SUBMISSION;;VEV_4000;SEASHELLS;1250;7
388200;SUBMISSION;;VEV_4500;SEASHELLS;747;7
388200;SUBMISSION;;VEV_4500;SEASHELLS;749;13
388200;SUBMISSION;;VEV_5400;SEASHELLS;12;16
388300;SUBMISSION;;VEV_4500;SEASHELLS;747;5
388300;SUBMISSION;;VEV_5400;SEASHELLS;12;22
388400;SUBMISSION;;VEV_5400;SEASHELLS;12;26
388500;SUBMISSION;;VEV_5400;SEASHELLS;12;27
388600;SUBMISSION;;VEV_5400;SEASHELLS;12;27
388700;SUBMISSION;;VEV_5400;SEASHELLS;12;17
388800;SUBMISSION;;VEV_5400;SEASHELLS;12;16
388900;SUBMISSION;;VEV_5400;SEASHELLS;12;24
389000;SUBMISSION;;VEV_5400;SEASHELLS;12;2
389600;;SUBMISSION;VEV_4000;SEASHELLS;1244;3
389700;SUBMISSION;;VEV_4000;SEASHELLS;1250;3
390200;SUBMISSION;;VEV_4000;SEASHELLS;1234;1
391600;SUBMISSION;;HYDROGEL_PACK;SEASHELLS;9971;2
391700;;SUBMISSION;HYDROGEL_PACK;SEASHELLS;9987;2
392400;;SUBMISSION;HYDROGEL_PACK;SEASHELLS;9989;5
394300;SUBMISSION;;HYDROGEL_PACK;SEASHELLS;9970;8
397300;SUBMISSION;;VEV_4000;SEASHELLS;1231;2
406300;SUBMISSION;;VEV_4000;SEASHELLS;1225;2
408000;;SUBMISSION;HYDROGEL_PACK;SEASHELLS;9990;3
409400;;SUBMISSION;HYDROGEL_PACK;SEASHELLS;9987;3
410100;;SUBMISSION;HYDROGEL_PACK;SEASHELLS;9987;6
416600;;SUBMISSION;HYDROGEL_PACK;SEASHELLS;9980;4
421100;SUBMISSION;;HYDROGEL_PACK;SEASHELLS;9962;5
422200;SUBMISSION;;HYDROGEL_PACK;SEASHELLS;9964;2
423800;SUBMISSION;;VEV_5200;SEASHELLS;79;2
423900;SUBMISSION;;HYDROGEL_PACK;SEASHELLS;9968;9
424400;;SUBMISSION;VEV_4000;SEASHELLS;1239;2
428400;;SUBMISSION;VEV_4000;SEASHELLS;1243;1
430700;;SUBMISSION;HYDROGEL_PACK;SEASHELLS;9975;4
432000;SUBMISSION;;HYDROGEL_PACK;SEASHELLS;9965;4
438300;SUBMISSION;;VEV_4000;SEASHELLS;1235;3
438900;;SUBMISSION;VEV_4000;SEASHELLS;1244;3
445300;;SUBMISSION;HYDROGEL_PACK;SEASHELLS;9973;2
448600;;SUBMISSION;VELVETFRUIT_EXTRACT;SEASHELLS;5251;7
448900;SUBMISSION;;VELVETFRUIT_EXTRACT;SEASHELLS;5247;7
449500;SUBMISSION;;VEV_4000;SEASHELLS;1243;2
450900;;SUBMISSION;HYDROGEL_PACK;SEASHELLS;9987;6
452000;SUBMISSION;;HYDROGEL_PACK;SEASHELLS;9966;3
454400;SUBMISSION;;HYDROGEL_PACK;SEASHELLS;9965;5
454700;;SUBMISSION;VEV_4000;SEASHELLS;1242;1
478900;;SUBMISSION;HYDROGEL_PACK;SEASHELLS;9996;3
482400;;SUBMISSION;HYDROGEL_PACK;SEASHELLS;10012;3
483400;;SUBMISSION;VELVETFRUIT_EXTRACT;SEASHELLS;5248;3
485900;SUBMISSION;;VELVETFRUIT_EXTRACT;SEASHELLS;5242;3
488600;;SUBMISSION;VEV_4000;SEASHELLS;1242;2
490600;;SUBMISSION;VEV_4000;SEASHELLS;1246;2
493800;;SUBMISSION;HYDROGEL_PACK;SEASHELLS;10019;6
495100;;SUBMISSION;VELVETFRUIT_EXTRACT;SEASHELLS;5246;8
495700;SUBMISSION;;VEV_4000;SEASHELLS;1242;1
498100;SUBMISSION;;VELVETFRUIT_EXTRACT;SEASHELLS;5243;8
499900;;SUBMISSION;VEV_4000;SEASHELLS;1251;3
500000;;SUBMISSION;VELVETFRUIT_EXTRACT;SEASHELLS;5247;3
501300;;SUBMISSION;VELVETFRUIT_EXTRACT;SEASHELLS;5246;7
501900;SUBMISSION;;VEV_4000;SEASHELLS;1241;3
503400;SUBMISSION;;VELVETFRUIT_EXTRACT;SEASHELLS;5241;10
513600;;SUBMISSION;VELVETFRUIT_EXTRACT;SEASHELLS;5243;5
516500;SUBMISSION;;HYDROGEL_PACK;SEASHELLS;9978;5
519600;SUBMISSION;;VEV_5200;SEASHELLS;87;3
521000;;SUBMISSION;VEV_4000;SEASHELLS;1252;1
521700;;SUBMISSION;VELVETFRUIT_EXTRACT;SEASHELLS;5243;8
524600;SUBMISSION;;HYDROGEL_PACK;SEASHELLS;9970;5
526300;SUBMISSION;;HYDROGEL_PACK;SEASHELLS;9967;2
527300;;SUBMISSION;VELVETFRUIT_EXTRACT;SEASHELLS;5247;5
529800;;SUBMISSION;VELVETFRUIT_EXTRACT;SEASHELLS;5248;3
530600;;SUBMISSION;VELVETFRUIT_EXTRACT;SEASHELLS;5245;5
534400;SUBMISSION;;VELVETFRUIT_EXTRACT;SEASHELLS;5242;26
536500;;SUBMISSION;VEV_4000;SEASHELLS;1247;2
538700;;SUBMISSION;VELVETFRUIT_EXTRACT;SEASHELLS;5246;5
542300;SUBMISSION;;VELVETFRUIT_EXTRACT;SEASHELLS;5241;5
543900;SUBMISSION;;VEV_4000;SEASHELLS;1236;1
545400;SUBMISSION;;VEV_4000;SEASHELLS;1248;2
555000;;SUBMISSION;VELVETFRUIT_EXTRACT;SEASHELLS;5245;3
555700;SUBMISSION;;VELVETFRUIT_EXTRACT;SEASHELLS;5240;3
561000;;SUBMISSION;HYDROGEL_PACK;SEASHELLS;9995;4
563200;SUBMISSION;;VEV_4000;SEASHELLS;1234;3
563700;;SUBMISSION;VEV_4000;SEASHELLS;1241;1
568500;SUBMISSION;;HYDROGEL_PACK;SEASHELLS;9972;2
571300;SUBMISSION;;VEV_4000;SEASHELLS;1224;3
573800;;SUBMISSION;HYDROGEL_PACK;SEASHELLS;9988;3
574200;;SUBMISSION;HYDROGEL_PACK;SEASHELLS;9987;6
576700;;SUBMISSION;HYDROGEL_PACK;SEASHELLS;9999;5
578300;;SUBMISSION;HYDROGEL_PACK;SEASHELLS;9991;6
581600;;SUBMISSION;HYDROGEL_PACK;SEASHELLS;9999;2
587700;;SUBMISSION;HYDROGEL_PACK;SEASHELLS;10012;4
588400;;SUBMISSION;HYDROGEL_PACK;SEASHELLS;10014;6
588800;;SUBMISSION;HYDROGEL_PACK;SEASHELLS;10015;2
590700;;SUBMISSION;VEV_4000;SEASHELLS;1220;1
592200;;SUBMISSION;HYDROGEL_PACK;SEASHELLS;10019;4
596600;;SUBMISSION;HYDROGEL_PACK;SEASHELLS;10011;6
597500;;SUBMISSION;HYDROGEL_PACK;SEASHELLS;10014;4
600300;;SUBMISSION;VEV_4000;SEASHELLS;1249;2
602700;;SUBMISSION;HYDROGEL_PACK;SEASHELLS;10020;11
602700;;SUBMISSION;HYDROGEL_PACK;SEASHELLS;10018;17
603200;;SUBMISSION;HYDROGEL_PACK;SEASHELLS;10023;12
603200;;SUBMISSION;HYDROGEL_PACK;SEASHELLS;10020;28
603300;;SUBMISSION;HYDROGEL_PACK;SEASHELLS;10021;11
603300;;SUBMISSION;HYDROGEL_PACK;SEASHELLS;10018;10
603700;;SUBMISSION;HYDROGEL_PACK;SEASHELLS;10023;14
603700;;SUBMISSION;HYDROGEL_PACK;SEASHELLS;10020;23
603700;;SUBMISSION;VELVETFRUIT_EXTRACT;SEASHELLS;5243;18
603800;;SUBMISSION;HYDROGEL_PACK;SEASHELLS;10024;12
603800;;SUBMISSION;HYDROGEL_PACK;SEASHELLS;10021;29
603900;;SUBMISSION;HYDROGEL_PACK;SEASHELLS;10023;14
603900;;SUBMISSION;HYDROGEL_PACK;SEASHELLS;10021;21
604300;;SUBMISSION;HYDROGEL_PACK;SEASHELLS;10026;15
604300;;SUBMISSION;HYDROGEL_PACK;SEASHELLS;10024;24
604400;;SUBMISSION;HYDROGEL_PACK;SEASHELLS;10027;11
604400;;SUBMISSION;HYDROGEL_PACK;SEASHELLS;10024;27
604400;;SUBMISSION;HYDROGEL_PACK;SEASHELLS;10042;3
604500;;SUBMISSION;HYDROGEL_PACK;SEASHELLS;10027;13
604500;;SUBMISSION;HYDROGEL_PACK;SEASHELLS;10024;22
604500;;SUBMISSION;VELVETFRUIT_EXTRACT;SEASHELLS;5244;7
604600;;SUBMISSION;HYDROGEL_PACK;SEASHELLS;10028;12
604600;;SUBMISSION;HYDROGEL_PACK;SEASHELLS;10025;21
605100;SUBMISSION;;VEV_4000;SEASHELLS;1238;3
607400;;SUBMISSION;VEV_4000;SEASHELLS;1254;2
608800;;SUBMISSION;VELVETFRUIT_EXTRACT;SEASHELLS;5254;3
610900;SUBMISSION;;VEV_4000;SEASHELLS;1244;2
611300;;SUBMISSION;VELVETFRUIT_EXTRACT;SEASHELLS;5243;6
614100;;SUBMISSION;VELVETFRUIT_EXTRACT;SEASHELLS;5243;10
620600;SUBMISSION;;VELVETFRUIT_EXTRACT;SEASHELLS;5234;23
620800;SUBMISSION;;VELVETFRUIT_EXTRACT;SEASHELLS;5234;20
620900;SUBMISSION;;VELVETFRUIT_EXTRACT;SEASHELLS;5233;1
625900;;SUBMISSION;VEV_4000;SEASHELLS;1248;2
626300;;SUBMISSION;VELVETFRUIT_EXTRACT;SEASHELLS;5247;5
627100;;SUBMISSION;VEV_4000;SEASHELLS;1249;3
627400;;SUBMISSION;VELVETFRUIT_EXTRACT;SEASHELLS;5245;7
630800;;SUBMISSION;VELVETFRUIT_EXTRACT;SEASHELLS;5241;18
634400;;SUBMISSION;VELVETFRUIT_EXTRACT;SEASHELLS;5244;5
635100;SUBMISSION;;VEV_4000;SEASHELLS;1240;3
636200;;SUBMISSION;VELVETFRUIT_EXTRACT;SEASHELLS;5245;17
637900;;SUBMISSION;VEV_4000;SEASHELLS;1251;3
638600;;SUBMISSION;VELVETFRUIT_EXTRACT;SEASHELLS;5245;22
641500;;SUBMISSION;VELVETFRUIT_EXTRACT;SEASHELLS;5247;5
643300;;SUBMISSION;VEV_4000;SEASHELLS;1247;1
648700;SUBMISSION;;VEV_4000;SEASHELLS;1240;3
650200;;SUBMISSION;VELVETFRUIT_EXTRACT;SEASHELLS;5245;6
650600;;SUBMISSION;VELVETFRUIT_EXTRACT;SEASHELLS;5243;8
651100;SUBMISSION;;VELVETFRUIT_EXTRACT;SEASHELLS;5240;15
651300;;SUBMISSION;VELVETFRUIT_EXTRACT;SEASHELLS;5246;8
653800;;SUBMISSION;VELVETFRUIT_EXTRACT;SEASHELLS;5251;5
656600;;SUBMISSION;VELVETFRUIT_EXTRACT;SEASHELLS;5252;8
658100;;SUBMISSION;VEV_4000;SEASHELLS;1258;3
662600;;SUBMISSION;VELVETFRUIT_EXTRACT;SEASHELLS;5250;6
667800;;SUBMISSION;VELVETFRUIT_EXTRACT;SEASHELLS;5261;5
669900;;SUBMISSION;VEV_4000;SEASHELLS;1270;3
672600;;SUBMISSION;VELVETFRUIT_EXTRACT;SEASHELLS;5270;3
672800;;SUBMISSION;VELVETFRUIT_EXTRACT;SEASHELLS;5270;10
672800;;SUBMISSION;VEV_5100;SEASHELLS;179;11
672800;;SUBMISSION;VEV_5100;SEASHELLS;178;15
672900;;SUBMISSION;VEV_5100;SEASHELLS;179;27
673000;;SUBMISSION;VEV_5100;SEASHELLS;180;11
673000;;SUBMISSION;VEV_5100;SEASHELLS;179;19
673100;;SUBMISSION;VEV_4000;SEASHELLS;1264;14
673100;;SUBMISSION;VEV_4000;SEASHELLS;1261;16
673100;;SUBMISSION;VEV_4500;SEASHELLS;766;10
673100;;SUBMISSION;VEV_4500;SEASHELLS;764;16
673100;;SUBMISSION;VEV_5000;SEASHELLS;274;10
673100;;SUBMISSION;VEV_5000;SEASHELLS;273;16
673100;;SUBMISSION;VEV_5100;SEASHELLS;181;26
673100;;SUBMISSION;VEV_5200;SEASHELLS;104;10
673100;;SUBMISSION;VEV_5200;SEASHELLS;103;16
673200;;SUBMISSION;VEV_5100;SEASHELLS;179;27
673300;;SUBMISSION;VEV_5100;SEASHELLS;179;29
673400;;SUBMISSION;VEV_5100;SEASHELLS;179;30
673500;;SUBMISSION;VEV_5100;SEASHELLS;179;30
673600;;SUBMISSION;VELVETFRUIT_EXTRACT;SEASHELLS;5274;6
673600;;SUBMISSION;VEV_5100;SEASHELLS;179;12
673600;;SUBMISSION;VEV_5100;SEASHELLS;178;18
674000;;SUBMISSION;VEV_5100;SEASHELLS;179;6
674000;;SUBMISSION;VEV_5100;SEASHELLS;178;19
674100;;SUBMISSION;VEV_5100;SEASHELLS;179;30
674800;;SUBMISSION;VEV_5100;SEASHELLS;179;8
674800;;SUBMISSION;VEV_5100;SEASHELLS;178;15
674900;;SUBMISSION;VEV_5100;SEASHELLS;180;29
675000;;SUBMISSION;VEV_5100;SEASHELLS;179;23
675600;;SUBMISSION;VELVETFRUIT_EXTRACT;SEASHELLS;5271;7
676600;;SUBMISSION;VEV_4000;SEASHELLS;1274;2
678600;;SUBMISSION;VEV_5100;SEASHELLS;179;8
678600;;SUBMISSION;VEV_5100;SEASHELLS;178;20
678700;;SUBMISSION;VEV_5100;SEASHELLS;179;30
678800;;SUBMISSION;VEV_5000;SEASHELLS;273;11
678800;;SUBMISSION;VEV_5000;SEASHELLS;272;18
678800;;SUBMISSION;VEV_5100;SEASHELLS;180;29
678900;;SUBMISSION;VEV_5000;SEASHELLS;273;9
678900;;SUBMISSION;VEV_5000;SEASHELLS;272;14
678900;;SUBMISSION;VEV_5100;SEASHELLS;180;23
679000;;SUBMISSION;VELVETFRUIT_EXTRACT;SEASHELLS;5272;5
679000;;SUBMISSION;VEV_5000;SEASHELLS;273;7
679000;;SUBMISSION;VEV_5000;SEASHELLS;272;15
679000;;SUBMISSION;VEV_5100;SEASHELLS;180;22
679100;;SUBMISSION;VEV_5000;SEASHELLS;273;9
679100;;SUBMISSION;VEV_5000;SEASHELLS;272;13
679100;;SUBMISSION;VEV_5100;SEASHELLS;181;9
679100;;SUBMISSION;VEV_5100;SEASHELLS;180;13
679200;;SUBMISSION;VEV_5000;SEASHELLS;273;10
679200;;SUBMISSION;VEV_5000;SEASHELLS;272;18
679200;;SUBMISSION;VEV_5100;SEASHELLS;180;28
679300;;SUBMISSION;VEV_4000;SEASHELLS;1264;12
679300;;SUBMISSION;VEV_4000;SEASHELLS;1261;18
679300;;SUBMISSION;VEV_4500;SEASHELLS;766;12
679300;;SUBMISSION;VEV_4500;SEASHELLS;764;18
679300;;SUBMISSION;VEV_5000;SEASHELLS;273;30
679300;;SUBMISSION;VEV_5100;SEASHELLS;181;12
679300;;SUBMISSION;VEV_5100;SEASHELLS;180;11
679400;;SUBMISSION;VELVETFRUIT_EXTRACT;SEASHELLS;5274;17
679400;;SUBMISSION;VELVETFRUIT_EXTRACT;SEASHELLS;5273;47
679400;;SUBMISSION;VEV_4000;SEASHELLS;1265;11
679400;;SUBMISSION;VEV_4000;SEASHELLS;1263;19
679400;;SUBMISSION;VEV_4500;SEASHELLS;768;6
679400;;SUBMISSION;VEV_4500;SEASHELLS;766;17
679400;;SUBMISSION;VEV_5000;SEASHELLS;275;6
679400;;SUBMISSION;VEV_5000;SEASHELLS;274;17
679400;;SUBMISSION;VEV_5200;SEASHELLS;104;23
679500;;SUBMISSION;VELVETFRUIT_EXTRACT;SEASHELLS;5274;24
679500;;SUBMISSION;VELVETFRUIT_EXTRACT;SEASHELLS;5273;31
679500;;SUBMISSION;VEV_4000;SEASHELLS;1266;13
679500;;SUBMISSION;VEV_4000;SEASHELLS;1263;17
679500;;SUBMISSION;VEV_4500;SEASHELLS;768;11
679500;;SUBMISSION;VEV_4500;SEASHELLS;766;15
679500;;SUBMISSION;VEV_5000;SEASHELLS;275;26
679500;;SUBMISSION;VEV_5200;SEASHELLS;105;11
679500;;SUBMISSION;VEV_5200;SEASHELLS;104;15
679600;;SUBMISSION;VELVETFRUIT_EXTRACT;SEASHELLS;5274;20
679600;;SUBMISSION;VELVETFRUIT_EXTRACT;SEASHELLS;5273;31
679600;;SUBMISSION;VEV_4000;SEASHELLS;1266;7
679600;;SUBMISSION;VEV_4000;SEASHELLS;1263;23
679600;;SUBMISSION;VEV_4500;SEASHELLS;768;6
679600;;SUBMISSION;VEV_4500;SEASHELLS;766;24
679600;;SUBMISSION;VEV_5000;SEASHELLS;275;6
679600;;SUBMISSION;VEV_5000;SEASHELLS;274;24
679600;;SUBMISSION;VEV_5200;SEASHELLS;105;6
679600;;SUBMISSION;VEV_5200;SEASHELLS;104;24
679700;;SUBMISSION;VELVETFRUIT_EXTRACT;SEASHELLS;5274;67
679700;;SUBMISSION;VEV_4000;SEASHELLS;1266;9
679700;;SUBMISSION;VEV_4000;SEASHELLS;1264;21
679700;;SUBMISSION;VEV_4500;SEASHELLS;769;7
679700;;SUBMISSION;VEV_4500;SEASHELLS;767;17
679700;;SUBMISSION;VEV_5000;SEASHELLS;276;7
679700;;SUBMISSION;VEV_5000;SEASHELLS;275;17
679700;;SUBMISSION;VEV_5200;SEASHELLS;105;24
679800;;SUBMISSION;VELVETFRUIT_EXTRACT;SEASHELLS;5274;22
679800;;SUBMISSION;VEV_4000;SEASHELLS;1266;11
679800;;SUBMISSION;VEV_4000;SEASHELLS;1263;19
679800;;SUBMISSION;VEV_4500;SEASHELLS;768;9
679800;;SUBMISSION;VEV_4500;SEASHELLS;766;21
679800;;SUBMISSION;VEV_5000;SEASHELLS;275;30
679800;;SUBMISSION;VEV_5200;SEASHELLS;105;9
679800;;SUBMISSION;VEV_5200;SEASHELLS;104;21
679900;;SUBMISSION;VEV_4000;SEASHELLS;1266;14
679900;;SUBMISSION;VEV_4000;SEASHELLS;1263;16
679900;;SUBMISSION;VEV_4500;SEASHELLS;768;12
679900;;SUBMISSION;VEV_4500;SEASHELLS;766;18
679900;;SUBMISSION;VEV_5000;SEASHELLS;275;30
679900;;SUBMISSION;VEV_5200;SEASHELLS;105;12
679900;;SUBMISSION;VEV_5200;SEASHELLS;104;18
680000;;SUBMISSION;VEV_4000;SEASHELLS;1265;10
680000;;SUBMISSION;VEV_4000;SEASHELLS;1263;20
680000;;SUBMISSION;VEV_4500;SEASHELLS;768;7
680000;;SUBMISSION;VEV_4500;SEASHELLS;766;22
680000;;SUBMISSION;VEV_5000;SEASHELLS;275;7
680000;;SUBMISSION;VEV_5000;SEASHELLS;274;22
680000;;SUBMISSION;VEV_5200;SEASHELLS;104;29
680100;;SUBMISSION;VEV_4000;SEASHELLS;1265;13
680100;;SUBMISSION;VEV_4000;SEASHELLS;1262;17
680100;;SUBMISSION;VEV_4500;SEASHELLS;767;12
680100;;SUBMISSION;VEV_4500;SEASHELLS;765;18
680100;;SUBMISSION;VEV_5000;SEASHELLS;274;12
680100;;SUBMISSION;VEV_5000;SEASHELLS;273;18
680100;;SUBMISSION;VEV_5200;SEASHELLS;104;12
680100;;SUBMISSION;VEV_5200;SEASHELLS;103;18
680500;;SUBMISSION;VEV_5000;SEASHELLS;273;9
680500;;SUBMISSION;VEV_5000;SEASHELLS;272;14
680600;;SUBMISSION;VEV_4000;SEASHELLS;1264;14
680600;;SUBMISSION;VEV_4000;SEASHELLS;1262;16
680600;;SUBMISSION;VEV_4500;SEASHELLS;767;10
680600;;SUBMISSION;VEV_4500;SEASHELLS;765;20
680600;;SUBMISSION;VEV_5000;SEASHELLS;274;10
680600;;SUBMISSION;VEV_5000;SEASHELLS;273;20
680700;;SUBMISSION;VEV_4000;SEASHELLS;1264;7
680700;;SUBMISSION;VEV_4000;SEASHELLS;1262;19
680700;;SUBMISSION;VEV_4500;SEASHELLS;767;9
680700;;SUBMISSION;VEV_4500;SEASHELLS;765;15
680700;;SUBMISSION;VEV_5000;SEASHELLS;274;9
680700;;SUBMISSION;VEV_5000;SEASHELLS;273;15
680700;;SUBMISSION;VEV_5200;SEASHELLS;104;9
680700;;SUBMISSION;VEV_5200;SEASHELLS;103;15
680800;;SUBMISSION;VEV_4000;SEASHELLS;1264;15
680800;;SUBMISSION;VEV_4000;SEASHELLS;1262;15
680800;;SUBMISSION;VEV_4500;SEASHELLS;767;8
680800;;SUBMISSION;VEV_4500;SEASHELLS;765;21
680800;;SUBMISSION;VEV_5000;SEASHELLS;274;8
680800;;SUBMISSION;VEV_5000;SEASHELLS;273;21
680800;;SUBMISSION;VEV_5200;SEASHELLS;104;8
680800;;SUBMISSION;VEV_5200;SEASHELLS;103;21
680900;;SUBMISSION;VEV_4000;SEASHELLS;1264;8
680900;;SUBMISSION;VEV_4000;SEASHELLS;1262;22
680900;;SUBMISSION;VEV_4500;SEASHELLS;767;8
680900;;SUBMISSION;VEV_4500;SEASHELLS;765;20
680900;;SUBMISSION;VEV_5000;SEASHELLS;274;8
680900;;SUBMISSION;VEV_5000;SEASHELLS;273;20
680900;;SUBMISSION;VEV_5200;SEASHELLS;104;8
680900;;SUBMISSION;VEV_5200;SEASHELLS;103;20
681000;;SUBMISSION;VEV_4000;SEASHELLS;1266;9
681000;;SUBMISSION;VEV_4000;SEASHELLS;1264;18
681000;;SUBMISSION;VEV_4500;SEASHELLS;769;11
681000;;SUBMISSION;VEV_4500;SEASHELLS;767;19
681000;;SUBMISSION;VEV_5000;SEASHELLS;276;11
681000;;SUBMISSION;VEV_5000;SEASHELLS;275;19
681000;;SUBMISSION;VEV_5200;SEASHELLS;105;30
681100;;SUBMISSION;VEV_4000;SEASHELLS;1265;9
681100;;SUBMISSION;VEV_4000;SEASHELLS;1263;19
681100;;SUBMISSION;VEV_4500;SEASHELLS;768;11
681100;;SUBMISSION;VEV_4500;SEASHELLS;766;14
681100;;SUBMISSION;VEV_5000;SEASHELLS;275;11
681100;;SUBMISSION;VEV_5000;SEASHELLS;274;13
681100;;SUBMISSION;VEV_5200;SEASHELLS;104;25
681200;;SUBMISSION;VEV_4000;SEASHELLS;1267;15
681200;;SUBMISSION;VEV_4000;SEASHELLS;1264;15
681200;;SUBMISSION;VEV_4500;SEASHELLS;769;12
681200;;SUBMISSION;VEV_4500;SEASHELLS;767;12
681200;;SUBMISSION;VEV_5200;SEASHELLS;105;24
681300;;SUBMISSION;VEV_4000;SEASHELLS;1278;2
681300;;SUBMISSION;VEV_4000;SEASHELLS;1267;11
681300;;SUBMISSION;VEV_4000;SEASHELLS;1265;15
681300;;SUBMISSION;VEV_4500;SEASHELLS;778;2
681300;;SUBMISSION;VEV_4500;SEASHELLS;770;7
681300;;SUBMISSION;VEV_4500;SEASHELLS;768;14
681300;;SUBMISSION;VEV_5200;SEASHELLS;107;2
681300;;SUBMISSION;VEV_5200;SEASHELLS;106;7
681300;;SUBMISSION;VEV_5200;SEASHELLS;105;14
681400;;SUBMISSION;VEV_4000;SEASHELLS;1268;15
681400;;SUBMISSION;VEV_4000;SEASHELLS;1266;15
681400;;SUBMISSION;VEV_4500;SEASHELLS;771;8
681400;;SUBMISSION;VEV_4500;SEASHELLS;769;18
681400;;SUBMISSION;VEV_5200;SEASHELLS;106;26
681400;;SUBMISSION;VEV_5300;SEASHELLS;52;8
681400;;SUBMISSION;VEV_5300;SEASHELLS;51;17
681500;;SUBMISSION;VEV_4000;SEASHELLS;1267;12
681500;;SUBMISSION;VEV_4000;SEASHELLS;1265;13
681500;;SUBMISSION;VEV_4500;SEASHELLS;770;8
681500;;SUBMISSION;VEV_4500;SEASHELLS;768;17
681500;;SUBMISSION;VEV_5200;SEASHELLS;106;8
681500;;SUBMISSION;VEV_5200;SEASHELLS;105;17
681600;;SUBMISSION;VEV_4500;SEASHELLS;768;11
681600;;SUBMISSION;VEV_4500;SEASHELLS;766;19
681600;;SUBMISSION;VEV_5200;SEASHELLS;105;11
681600;;SUBMISSION;VEV_5200;SEASHELLS;104;19
681700;;SUBMISSION;VEV_4500;SEASHELLS;770;8
681700;;SUBMISSION;VEV_4500;SEASHELLS;768;10
681700;;SUBMISSION;VEV_5200;SEASHELLS;105;27
681800;;SUBMISSION;VEV_5200;SEASHELLS;105;30
681900;;SUBMISSION;VEV_5200;SEASHELLS;105;26
682000;;SUBMISSION;VEV_5300;SEASHELLS;52;29
682100;;SUBMISSION;VEV_5300;SEASHELLS;52;23
682200;;SUBMISSION;VEV_5300;SEASHELLS;53;5
682200;;SUBMISSION;VEV_5300;SEASHELLS;52;18
682300;;SUBMISSION;VEV_5300;SEASHELLS;52;24
682400;;SUBMISSION;VEV_5300;SEASHELLS;52;6
682400;;SUBMISSION;VEV_5300;SEASHELLS;51;14
682700;;SUBMISSION;VEV_5300;SEASHELLS;52;24
682800;;SUBMISSION;VEV_5300;SEASHELLS;52;28
682900;;SUBMISSION;VEV_5300;SEASHELLS;52;26
683000;;SUBMISSION;VEV_5300;SEASHELLS;52;23
683100;;SUBMISSION;VEV_5300;SEASHELLS;52;20
683200;;SUBMISSION;VEV_5300;SEASHELLS;52;19
683300;;SUBMISSION;VEV_5300;SEASHELLS;52;19
683400;;SUBMISSION;VEV_5300;SEASHELLS;52;22
683500;;SUBMISSION;VEV_5300;SEASHELLS;52;28
683600;;SUBMISSION;VEV_5300;SEASHELLS;52;26
683700;;SUBMISSION;VEV_5300;SEASHELLS;53;10
683700;;SUBMISSION;VEV_5300;SEASHELLS;52;20
683800;;SUBMISSION;VEV_5300;SEASHELLS;52;17
683900;;SUBMISSION;VEV_5300;SEASHELLS;52;20
684000;;SUBMISSION;VEV_5300;SEASHELLS;52;25
684100;;SUBMISSION;VEV_5300;SEASHELLS;52;18
686100;SUBMISSION;;HYDROGEL_PACK;SEASHELLS;9997;6
686700;;SUBMISSION;HYDROGEL_PACK;SEASHELLS;10015;5
690500;SUBMISSION;;VEV_4000;SEASHELLS;1268;1
690800;SUBMISSION;;HYDROGEL_PACK;SEASHELLS;9991;5
691600;SUBMISSION;;HYDROGEL_PACK;SEASHELLS;9991;5
692000;;SUBMISSION;VEV_4000;SEASHELLS;1277;1
694500;;SUBMISSION;HYDROGEL_PACK;SEASHELLS;10015;4
696000;;SUBMISSION;HYDROGEL_PACK;SEASHELLS;10015;2
697000;;SUBMISSION;HYDROGEL_PACK;SEASHELLS;10016;4
697400;;SUBMISSION;HYDROGEL_PACK;SEASHELLS;10017;1
699800;SUBMISSION;;VEV_4000;SEASHELLS;1265;3
711200;SUBMISSION;;VEV_4000;SEASHELLS;1253;3
714100;SUBMISSION;;VELVETFRUIT_EXTRACT;SEASHELLS;5248;8
714600;SUBMISSION;;VELVETFRUIT_EXTRACT;SEASHELLS;5250;72
714700;SUBMISSION;;VELVETFRUIT_EXTRACT;SEASHELLS;5249;21
714700;SUBMISSION;;VELVETFRUIT_EXTRACT;SEASHELLS;5250;42
714800;SUBMISSION;;VELVETFRUIT_EXTRACT;SEASHELLS;5248;61
714900;SUBMISSION;;VELVETFRUIT_EXTRACT;SEASHELLS;5246;21
714900;SUBMISSION;;VELVETFRUIT_EXTRACT;SEASHELLS;5247;42
715000;SUBMISSION;;VELVETFRUIT_EXTRACT;SEASHELLS;5249;25
715000;SUBMISSION;;VELVETFRUIT_EXTRACT;SEASHELLS;5250;42
715100;SUBMISSION;;VELVETFRUIT_EXTRACT;SEASHELLS;5249;65
715200;SUBMISSION;;VELVETFRUIT_EXTRACT;SEASHELLS;5249;1
718100;SUBMISSION;;VEV_5200;SEASHELLS;85;24
718400;SUBMISSION;;VEV_5200;SEASHELLS;85;30
718500;SUBMISSION;;VEV_5200;SEASHELLS;84;7
718500;SUBMISSION;;VEV_5200;SEASHELLS;85;23
718500;SUBMISSION;;VEV_5300;SEASHELLS;38;22
718600;SUBMISSION;;VEV_5200;SEASHELLS;85;26
719900;SUBMISSION;;VEV_5200;SEASHELLS;84;8
719900;SUBMISSION;;VEV_5200;SEASHELLS;85;12
719900;SUBMISSION;;VEV_5300;SEASHELLS;38;28
720000;SUBMISSION;;VEV_5200;SEASHELLS;85;24
720000;SUBMISSION;;VEV_5300;SEASHELLS;38;28
720100;SUBMISSION;;VEV_5200;SEASHELLS;84;30
720100;SUBMISSION;;VEV_5300;SEASHELLS;38;26
720200;SUBMISSION;;VEV_5200;SEASHELLS;84;25
720200;SUBMISSION;;VEV_5300;SEASHELLS;38;22
720300;SUBMISSION;;VEV_5100;SEASHELLS;155;11
720300;SUBMISSION;;VEV_5100;SEASHELLS;156;19
720300;SUBMISSION;;VEV_5200;SEASHELLS;83;11
720300;SUBMISSION;;VEV_5200;SEASHELLS;84;19
720300;SUBMISSION;;VEV_5300;SEASHELLS;38;22
720400;SUBMISSION;;VEV_5100;SEASHELLS;155;29
720400;SUBMISSION;;VEV_5200;SEASHELLS;83;29
720400;SUBMISSION;;VEV_5300;SEASHELLS;37;20
720500;SUBMISSION;;VEV_5100;SEASHELLS;154;18
720500;SUBMISSION;;VEV_5200;SEASHELLS;82;6
720500;SUBMISSION;;VEV_5200;SEASHELLS;83;12
720500;SUBMISSION;;VEV_5300;SEASHELLS;37;16
720600;SUBMISSION;;VEV_5100;SEASHELLS;154;25
720600;SUBMISSION;;VEV_5200;SEASHELLS;82;25
720600;SUBMISSION;;VEV_5300;SEASHELLS;37;25
720700;SUBMISSION;;VEV_5100;SEASHELLS;153;6
720700;SUBMISSION;;VEV_5100;SEASHELLS;154;18
720700;SUBMISSION;;VEV_5200;SEASHELLS;82;24
720700;SUBMISSION;;VEV_5300;SEASHELLS;37;24
720800;SUBMISSION;;VEV_5100;SEASHELLS;154;23
720800;SUBMISSION;;VEV_5200;SEASHELLS;82;10
720800;SUBMISSION;;VEV_5200;SEASHELLS;83;13
720800;SUBMISSION;;VEV_5300;SEASHELLS;37;24
720900;SUBMISSION;;VEV_5100;SEASHELLS;154;12
720900;SUBMISSION;;VEV_5100;SEASHELLS;155;18
720900;SUBMISSION;;VEV_5200;SEASHELLS;83;30
720900;SUBMISSION;;VEV_5300;SEASHELLS;37;21
721000;SUBMISSION;;VEV_5100;SEASHELLS;155;30
721000;SUBMISSION;;VEV_5200;SEASHELLS;83;30
721000;SUBMISSION;;VEV_5300;SEASHELLS;37;18
721100;SUBMISSION;;VEV_5100;SEASHELLS;153;6
721100;SUBMISSION;;VEV_5100;SEASHELLS;154;16
721100;SUBMISSION;;VEV_5200;SEASHELLS;82;22
721100;SUBMISSION;;VEV_5300;SEASHELLS;37;21
721200;SUBMISSION;;VEV_5100;SEASHELLS;155;20
721200;SUBMISSION;;VEV_5200;SEASHELLS;83;20
721200;SUBMISSION;;VEV_5300;SEASHELLS;37;21
721300;SUBMISSION;;VEV_5100;SEASHELLS;155;10
721300;SUBMISSION;;VEV_5100;SEASHELLS;156;20
721300;SUBMISSION;;VEV_5200;SEASHELLS;83;10
721300;SUBMISSION;;VEV_5200;SEASHELLS;84;20
721300;SUBMISSION;;VEV_5300;SEASHELLS;38;25
721400;SUBMISSION;;VEV_5100;SEASHELLS;155;26
721400;SUBMISSION;;VEV_5200;SEASHELLS;83;26
721400;SUBMISSION;;VEV_5300;SEASHELLS;37;18
721500;SUBMISSION;;VEV_5200;SEASHELLS;84;28
721500;SUBMISSION;;VEV_5300;SEASHELLS;38;27
721600;SUBMISSION;;VEV_5100;SEASHELLS;155;20
721600;SUBMISSION;;VEV_5200;SEASHELLS;83;20
721600;SUBMISSION;;VEV_5300;SEASHELLS;37;7
721600;SUBMISSION;;VEV_5300;SEASHELLS;38;10
721700;SUBMISSION;;VEV_5100;SEASHELLS;155;26
721700;SUBMISSION;;VEV_5200;SEASHELLS;83;26
721700;SUBMISSION;;VEV_5300;SEASHELLS;37;25
721800;SUBMISSION;;VEV_5100;SEASHELLS;155;30
721800;SUBMISSION;;VEV_5300;SEASHELLS;37;21
721900;SUBMISSION;;VEV_5100;SEASHELLS;153;24
721900;SUBMISSION;;VEV_5300;SEASHELLS;36;8
721900;SUBMISSION;;VEV_5300;SEASHELLS;37;10
722000;SUBMISSION;;VEV_5100;SEASHELLS;153;6
722000;SUBMISSION;;VEV_5100;SEASHELLS;154;24
722100;SUBMISSION;;VEV_5100;SEASHELLS;154;24
722200;SUBMISSION;;VEV_5100;SEASHELLS;154;28
722300;SUBMISSION;;VEV_5100;SEASHELLS;155;24
722400;SUBMISSION;;VEV_5100;SEASHELLS;154;12
722400;SUBMISSION;;VEV_5100;SEASHELLS;155;12
722500;SUBMISSION;;VEV_5100;SEASHELLS;154;23
722600;SUBMISSION;;VEV_5100;SEASHELLS;155;30
723600;SUBMISSION;;VEV_5000;SEASHELLS;242;7
723600;SUBMISSION;;VEV_5000;SEASHELLS;243;12
723700;SUBMISSION;;VEV_5000;SEASHELLS;242;10
723700;SUBMISSION;;VEV_5000;SEASHELLS;243;15
723800;SUBMISSION;;VEV_5000;SEASHELLS;242;29
723900;SUBMISSION;;VEV_5000;SEASHELLS;243;27
724000;SUBMISSION;;VEV_5000;SEASHELLS;242;6
724000;SUBMISSION;;VEV_5000;SEASHELLS;243;19
724100;SUBMISSION;;VEV_4000;SEASHELLS;1245;13
724100;SUBMISSION;;VEV_4000;SEASHELLS;1247;17
724100;SUBMISSION;;VEV_4500;SEASHELLS;742;7
724100;SUBMISSION;;VEV_4500;SEASHELLS;744;23
724100;SUBMISSION;;VEV_5000;SEASHELLS;241;7
724100;SUBMISSION;;VEV_5000;SEASHELLS;242;23
724200;SUBMISSION;;VEV_5000;SEASHELLS;241;11
724200;SUBMISSION;;VEV_5000;SEASHELLS;242;19
724300;SUBMISSION;;VEV_5000;SEASHELLS;242;7
724300;SUBMISSION;;VEV_5000;SEASHELLS;243;17
724400;SUBMISSION;;VEV_4000;SEASHELLS;1245;13
724400;SUBMISSION;;VEV_4000;SEASHELLS;1247;17
724400;SUBMISSION;;VEV_4500;SEASHELLS;742;8
724400;SUBMISSION;;VEV_4500;SEASHELLS;744;14
724400;SUBMISSION;;VEV_5000;SEASHELLS;241;8
724400;SUBMISSION;;VEV_5000;SEASHELLS;242;14
724600;SUBMISSION;;VEV_5000;SEASHELLS;242;12
724600;SUBMISSION;;VEV_5000;SEASHELLS;243;18
724700;SUBMISSION;;VEV_5000;SEASHELLS;242;12
724700;SUBMISSION;;VEV_5000;SEASHELLS;243;15
724800;SUBMISSION;;VEV_5000;SEASHELLS;242;6
724800;SUBMISSION;;VEV_5000;SEASHELLS;243;12
724900;SUBMISSION;;VEV_5000;SEASHELLS;242;6
724900;SUBMISSION;;VEV_5000;SEASHELLS;243;20
725000;SUBMISSION;;VEV_5000;SEASHELLS;243;11
725000;SUBMISSION;;VEV_5000;SEASHELLS;244;18
725100;SUBMISSION;;VEV_5000;SEASHELLS;243;10
725100;SUBMISSION;;VEV_5000;SEASHELLS;244;20
725200;SUBMISSION;;VEV_5000;SEASHELLS;242;11
725200;SUBMISSION;;VEV_5000;SEASHELLS;243;18
725300;SUBMISSION;;VEV_5000;SEASHELLS;243;30
725400;SUBMISSION;;VEV_5000;SEASHELLS;242;7
725400;SUBMISSION;;VEV_5000;SEASHELLS;243;22
725500;SUBMISSION;;VEV_4000;SEASHELLS;1245;14
725500;SUBMISSION;;VEV_4000;SEASHELLS;1248;16
725500;SUBMISSION;;VEV_5000;SEASHELLS;241;10
725500;SUBMISSION;;VEV_5000;SEASHELLS;242;20
725600;SUBMISSION;;VEV_5000;SEASHELLS;242;11
725600;SUBMISSION;;VEV_5000;SEASHELLS;243;15
725700;SUBMISSION;;VEV_4000;SEASHELLS;1245;7
725700;SUBMISSION;;VEV_4000;SEASHELLS;1248;17
725700;SUBMISSION;;VEV_5000;SEASHELLS;242;26
725800;SUBMISSION;;VEV_4000;SEASHELLS;1245;10
725800;SUBMISSION;;VEV_4000;SEASHELLS;1247;19
725800;SUBMISSION;;VEV_4500;SEASHELLS;742;12
725800;SUBMISSION;;VEV_4500;SEASHELLS;744;15
725800;SUBMISSION;;VEV_5000;SEASHELLS;241;12
725800;SUBMISSION;;VEV_5000;SEASHELLS;242;15
725900;SUBMISSION;;VEV_4000;SEASHELLS;1243;12
725900;SUBMISSION;;VEV_4000;SEASHELLS;1246;18
725900;SUBMISSION;;VEV_4500;SEASHELLS;741;9
725900;SUBMISSION;;VEV_4500;SEASHELLS;743;17
725900;SUBMISSION;;VEV_5000;SEASHELLS;240;2
726000;SUBMISSION;;VEV_4000;SEASHELLS;1244;14
726000;SUBMISSION;;VEV_4000;SEASHELLS;1246;15
726000;SUBMISSION;;VEV_4500;SEASHELLS;741;8
726000;SUBMISSION;;VEV_4500;SEASHELLS;743;13
726100;SUBMISSION;;VEV_4000;SEASHELLS;1244;9
726100;SUBMISSION;;VEV_4000;SEASHELLS;1246;21
726100;SUBMISSION;;VEV_4500;SEASHELLS;741;10
726100;SUBMISSION;;VEV_4500;SEASHELLS;743;13
726200;SUBMISSION;;VEV_4000;SEASHELLS;1243;8
726200;SUBMISSION;;VEV_4000;SEASHELLS;1246;22
726200;SUBMISSION;;VEV_4500;SEASHELLS;741;9
726200;SUBMISSION;;VEV_4500;SEASHELLS;742;12
726300;SUBMISSION;;VEV_4000;SEASHELLS;1241;12
726300;SUBMISSION;;VEV_4000;SEASHELLS;1244;18
726300;SUBMISSION;;VEV_4500;SEASHELLS;739;8
726300;SUBMISSION;;VEV_4500;SEASHELLS;741;12
726400;SUBMISSION;;VEV_4000;SEASHELLS;1240;14
726400;SUBMISSION;;VEV_4000;SEASHELLS;1243;16
726400;SUBMISSION;;VEV_4500;SEASHELLS;738;11
726400;SUBMISSION;;VEV_4500;SEASHELLS;740;12
726500;SUBMISSION;;VEV_4000;SEASHELLS;1241;11
726500;SUBMISSION;;VEV_4000;SEASHELLS;1244;17
726500;SUBMISSION;;VEV_4500;SEASHELLS;739;6
726500;SUBMISSION;;VEV_4500;SEASHELLS;740;21
726600;SUBMISSION;;VEV_4000;SEASHELLS;1229;2
726600;SUBMISSION;;VEV_4000;SEASHELLS;1240;10
726600;SUBMISSION;;VEV_4000;SEASHELLS;1243;18
726600;SUBMISSION;;VEV_4500;SEASHELLS;729;2
726600;SUBMISSION;;VEV_4500;SEASHELLS;738;10
726600;SUBMISSION;;VEV_4500;SEASHELLS;740;18
726700;SUBMISSION;;VEV_4000;SEASHELLS;1240;12
726700;SUBMISSION;;VEV_4000;SEASHELLS;1242;18
726700;SUBMISSION;;VEV_4500;SEASHELLS;737;6
726700;SUBMISSION;;VEV_4500;SEASHELLS;739;23
726800;SUBMISSION;;VEV_4000;SEASHELLS;1241;12
726800;SUBMISSION;;VEV_4000;SEASHELLS;1243;18
726800;SUBMISSION;;VEV_4500;SEASHELLS;738;7
726800;SUBMISSION;;VEV_4500;SEASHELLS;740;14
726900;SUBMISSION;;VEV_4000;SEASHELLS;1241;7
726900;SUBMISSION;;VEV_4000;SEASHELLS;1244;15
726900;SUBMISSION;;VEV_4500;SEASHELLS;739;9
726900;SUBMISSION;;VEV_4500;SEASHELLS;740;12
727000;SUBMISSION;;VEV_4000;SEASHELLS;1242;8
727000;SUBMISSION;;VEV_4000;SEASHELLS;1244;22
727000;SUBMISSION;;VEV_4500;SEASHELLS;739;6
727000;SUBMISSION;;VEV_4500;SEASHELLS;741;12
727100;SUBMISSION;;VEV_4000;SEASHELLS;1242;15
727100;SUBMISSION;;VEV_4000;SEASHELLS;1244;15
727100;SUBMISSION;;VEV_4500;SEASHELLS;739;6
727100;SUBMISSION;;VEV_4500;SEASHELLS;741;15
727200;SUBMISSION;;VEV_4000;SEASHELLS;1242;13
727200;SUBMISSION;;VEV_4000;SEASHELLS;1244;17
727200;SUBMISSION;;VEV_4500;SEASHELLS;739;10
727200;SUBMISSION;;VEV_4500;SEASHELLS;741;19
727300;SUBMISSION;;VEV_4000;SEASHELLS;1242;15
727300;SUBMISSION;;VEV_4000;SEASHELLS;1245;15
727300;SUBMISSION;;VEV_4500;SEASHELLS;740;8
727300;SUBMISSION;;VEV_4500;SEASHELLS;742;19
727400;SUBMISSION;;VEV_4000;SEASHELLS;1241;2
727400;SUBMISSION;;VEV_4500;SEASHELLS;739;7
727400;SUBMISSION;;VEV_4500;SEASHELLS;741;16
727500;SUBMISSION;;VEV_4500;SEASHELLS;740;9
727500;SUBMISSION;;VEV_4500;SEASHELLS;742;21
727600;SUBMISSION;;VEV_4500;SEASHELLS;740;8
727600;SUBMISSION;;VEV_4500;SEASHELLS;742;22
727700;SUBMISSION;;VEV_4500;SEASHELLS;740;7
727700;SUBMISSION;;VEV_4500;SEASHELLS;742;18
727800;SUBMISSION;;VEV_4500;SEASHELLS;739;8
727800;SUBMISSION;;VEV_4500;SEASHELLS;741;17
727900;SUBMISSION;;VEV_4000;SEASHELLS;1227;2
727900;SUBMISSION;;VEV_4500;SEASHELLS;740;10
727900;SUBMISSION;;VEV_4500;SEASHELLS;742;11
736100;;SUBMISSION;VEV_4000;SEASHELLS;1234;1
736200;SUBMISSION;;HYDROGEL_PACK;SEASHELLS;10005;6
737300;;SUBMISSION;HYDROGEL_PACK;SEASHELLS;10013;6
739000;SUBMISSION;;HYDROGEL_PACK;SEASHELLS;9997;4
739600;;SUBMISSION;VEV_4000;SEASHELLS;1222;3
739700;SUBMISSION;;VEV_4000;SEASHELLS;1227;2
740000;SUBMISSION;;HYDROGEL_PACK;SEASHELLS;10002;4
743500;SUBMISSION;;HYDROGEL_PACK;SEASHELLS;10004;5
746900;;SUBMISSION;VEV_4000;SEASHELLS;1216;1
747000;SUBMISSION;;VEV_4000;SEASHELLS;1221;1
747700;SUBMISSION;;HYDROGEL_PACK;SEASHELLS;9989;3
748100;SUBMISSION;;HYDROGEL_PACK;SEASHELLS;10001;15
748400;SUBMISSION;;HYDROGEL_PACK;SEASHELLS;10002;11
748500;SUBMISSION;;HYDROGEL_PACK;SEASHELLS;10002;11
748600;SUBMISSION;;HYDROGEL_PACK;SEASHELLS;10002;15
748700;SUBMISSION;;HYDROGEL_PACK;SEASHELLS;10001;10
748800;SUBMISSION;;HYDROGEL_PACK;SEASHELLS;10001;12
748900;SUBMISSION;;HYDROGEL_PACK;SEASHELLS;10002;10
749400;;SUBMISSION;HYDROGEL_PACK;SEASHELLS;10015;5
752100;;SUBMISSION;HYDROGEL_PACK;SEASHELLS;10011;6
752300;;SUBMISSION;VEV_4000;SEASHELLS;1225;2
752400;SUBMISSION;;VEV_4000;SEASHELLS;1231;2
752500;SUBMISSION;;HYDROGEL_PACK;SEASHELLS;9998;5
755000;SUBMISSION;;HYDROGEL_PACK;SEASHELLS;10003;4
757200;;SUBMISSION;VEV_4000;SEASHELLS;1225;2
757300;SUBMISSION;;VEV_4000;SEASHELLS;1230;2
760700;;SUBMISSION;HYDROGEL_PACK;SEASHELLS;10024;10
760700;;SUBMISSION;HYDROGEL_PACK;SEASHELLS;10021;14
760800;;SUBMISSION;HYDROGEL_PACK;SEASHELLS;10027;12
760800;;SUBMISSION;HYDROGEL_PACK;SEASHELLS;10024;27
760900;;SUBMISSION;HYDROGEL_PACK;SEASHELLS;10029;12
760900;;SUBMISSION;HYDROGEL_PACK;SEASHELLS;10026;23
762200;;SUBMISSION;VEV_4000;SEASHELLS;1231;2
762300;SUBMISSION;;VEV_4000;SEASHELLS;1238;2
774200;;SUBMISSION;VEV_4000;SEASHELLS;1239;2
774300;SUBMISSION;;VEV_4000;SEASHELLS;1243;2
775500;;SUBMISSION;VELVETFRUIT_EXTRACT;SEASHELLS;5241;7
777200;SUBMISSION;;VELVETFRUIT_EXTRACT;SEASHELLS;5238;7
779700;;SUBMISSION;VELVETFRUIT_EXTRACT;SEASHELLS;5242;4
781500;SUBMISSION;;VELVETFRUIT_EXTRACT;SEASHELLS;5236;4
787000;;SUBMISSION;VELVETFRUIT_EXTRACT;SEASHELLS;5250;6
790200;SUBMISSION;;HYDROGEL_PACK;SEASHELLS;10008;12
790300;SUBMISSION;;HYDROGEL_PACK;SEASHELLS;10007;14
790400;SUBMISSION;;HYDROGEL_PACK;SEASHELLS;10005;10
790400;SUBMISSION;;HYDROGEL_PACK;SEASHELLS;10007;26
790500;SUBMISSION;;HYDROGEL_PACK;SEASHELLS;10007;13
790600;SUBMISSION;;HYDROGEL_PACK;SEASHELLS;10005;14
790600;SUBMISSION;;HYDROGEL_PACK;SEASHELLS;10008;30
790700;SUBMISSION;;HYDROGEL_PACK;SEASHELLS;10008;10
790800;SUBMISSION;;HYDROGEL_PACK;SEASHELLS;10008;14
791700;SUBMISSION;;HYDROGEL_PACK;SEASHELLS;10007;11
791800;SUBMISSION;;HYDROGEL_PACK;SEASHELLS;10006;13
791900;SUBMISSION;;HYDROGEL_PACK;SEASHELLS;10006;12
792000;SUBMISSION;;HYDROGEL_PACK;SEASHELLS;10003;11
792000;SUBMISSION;;HYDROGEL_PACK;SEASHELLS;10006;22
792100;SUBMISSION;;HYDROGEL_PACK;SEASHELLS;10003;14
792100;SUBMISSION;;HYDROGEL_PACK;SEASHELLS;10006;24
792200;SUBMISSION;;HYDROGEL_PACK;SEASHELLS;10003;14
792200;SUBMISSION;;HYDROGEL_PACK;SEASHELLS;10006;25
792300;SUBMISSION;;HYDROGEL_PACK;SEASHELLS;10003;13
792300;SUBMISSION;;HYDROGEL_PACK;SEASHELLS;10005;24
792400;SUBMISSION;;HYDROGEL_PACK;SEASHELLS;10002;13
792400;SUBMISSION;;HYDROGEL_PACK;SEASHELLS;10005;22
792500;SUBMISSION;;HYDROGEL_PACK;SEASHELLS;10001;15
792500;SUBMISSION;;HYDROGEL_PACK;SEASHELLS;10004;20
792600;SUBMISSION;;HYDROGEL_PACK;SEASHELLS;10004;4
793900;;SUBMISSION;VELVETFRUIT_EXTRACT;SEASHELLS;5242;5
795100;SUBMISSION;;VELVETFRUIT_EXTRACT;SEASHELLS;5239;11
796100;;SUBMISSION;VELVETFRUIT_EXTRACT;SEASHELLS;5244;5
796600;;SUBMISSION;VELVETFRUIT_EXTRACT;SEASHELLS;5243;7
796800;SUBMISSION;;VEV_4000;SEASHELLS;1233;1
798800;SUBMISSION;;VELVETFRUIT_EXTRACT;SEASHELLS;5241;12
798900;;SUBMISSION;VELVETFRUIT_EXTRACT;SEASHELLS;5244;8
800000;;SUBMISSION;VEV_4000;SEASHELLS;1255;1
803000;;SUBMISSION;VELVETFRUIT_EXTRACT;SEASHELLS;5256;3
804500;;SUBMISSION;HYDROGEL_PACK;SEASHELLS;10019;5
805000;;SUBMISSION;VELVETFRUIT_EXTRACT;SEASHELLS;5258;3
805600;SUBMISSION;;VEV_4000;SEASHELLS;1251;2
807300;;SUBMISSION;VELVETFRUIT_EXTRACT;SEASHELLS;5262;6
808200;SUBMISSION;;VEV_4000;SEASHELLS;1258;2
809100;SUBMISSION;;VEV_4000;SEASHELLS;1253;1
809500;SUBMISSION;;HYDROGEL_PACK;SEASHELLS;10000;5
810000;;SUBMISSION;VELVETFRUIT_EXTRACT;SEASHELLS;5255;5
812600;;SUBMISSION;VELVETFRUIT_EXTRACT;SEASHELLS;5250;5
813500;SUBMISSION;;VELVETFRUIT_EXTRACT;SEASHELLS;5241;4
814600;;SUBMISSION;HYDROGEL_PACK;SEASHELLS;10019;7
815900;;SUBMISSION;VELVETFRUIT_EXTRACT;SEASHELLS;5245;3
816100;;SUBMISSION;HYDROGEL_PACK;SEASHELLS;10021;11
816100;;SUBMISSION;HYDROGEL_PACK;SEASHELLS;10018;26
816200;;SUBMISSION;HYDROGEL_PACK;SEASHELLS;10020;14
816300;;SUBMISSION;HYDROGEL_PACK;SEASHELLS;10024;15
816300;;SUBMISSION;HYDROGEL_PACK;SEASHELLS;10021;22
816400;;SUBMISSION;HYDROGEL_PACK;SEASHELLS;10025;12
816400;;SUBMISSION;HYDROGEL_PACK;SEASHELLS;10023;21
816500;;SUBMISSION;HYDROGEL_PACK;SEASHELLS;10026;12
816500;;SUBMISSION;HYDROGEL_PACK;SEASHELLS;10023;29
816600;;SUBMISSION;HYDROGEL_PACK;SEASHELLS;10027;14
816600;;SUBMISSION;HYDROGEL_PACK;SEASHELLS;10024;20
816700;;SUBMISSION;HYDROGEL_PACK;SEASHELLS;10025;11
816700;;SUBMISSION;HYDROGEL_PACK;SEASHELLS;10023;23
816800;;SUBMISSION;HYDROGEL_PACK;SEASHELLS;10023;12
816800;;SUBMISSION;HYDROGEL_PACK;SEASHELLS;10021;15
816800;;SUBMISSION;VEV_4000;SEASHELLS;1248;3
817300;;SUBMISSION;HYDROGEL_PACK;SEASHELLS;10024;12
817300;;SUBMISSION;HYDROGEL_PACK;SEASHELLS;10021;28
817400;;SUBMISSION;HYDROGEL_PACK;SEASHELLS;10027;14
817400;;SUBMISSION;HYDROGEL_PACK;SEASHELLS;10024;23
817500;;SUBMISSION;HYDROGEL_PACK;SEASHELLS;10025;15
817500;;SUBMISSION;HYDROGEL_PACK;SEASHELLS;10022;24
817600;;SUBMISSION;HYDROGEL_PACK;SEASHELLS;10025;13
818600;;SUBMISSION;HYDROGEL_PACK;SEASHELLS;10038;3
819600;SUBMISSION;;VEV_4000;SEASHELLS;1246;3
822500;;SUBMISSION;VELVETFRUIT_EXTRACT;SEASHELLS;5254;5
822700;;SUBMISSION;HYDROGEL_PACK;SEASHELLS;10026;4
823500;;SUBMISSION;VELVETFRUIT_EXTRACT;SEASHELLS;5253;8
825200;;SUBMISSION;VELVETFRUIT_EXTRACT;SEASHELLS;5255;4
825500;;SUBMISSION;VEV_4000;SEASHELLS;1261;3
825600;;SUBMISSION;VELVETFRUIT_EXTRACT;SEASHELLS;5258;6
825700;;SUBMISSION;VELVETFRUIT_EXTRACT;SEASHELLS;5258;6
827300;;SUBMISSION;VEV_4000;SEASHELLS;1259;2
827900;;SUBMISSION;VELVETFRUIT_EXTRACT;SEASHELLS;5255;3
828400;;SUBMISSION;VELVETFRUIT_EXTRACT;SEASHELLS;5257;3
829800;;SUBMISSION;VELVETFRUIT_EXTRACT;SEASHELLS;5253;7
830500;;SUBMISSION;VELVETFRUIT_EXTRACT;SEASHELLS;5251;17
831300;;SUBMISSION;VELVETFRUIT_EXTRACT;SEASHELLS;5256;3
833300;;SUBMISSION;VEV_4000;SEASHELLS;1260;2
833700;;SUBMISSION;VELVETFRUIT_EXTRACT;SEASHELLS;5257;5
836300;SUBMISSION;;VEV_5300;SEASHELLS;43;1
840900;;SUBMISSION;VELVETFRUIT_EXTRACT;SEASHELLS;5255;24
840900;;SUBMISSION;VELVETFRUIT_EXTRACT;SEASHELLS;5255;6
842300;;SUBMISSION;VELVETFRUIT_EXTRACT;SEASHELLS;5258;23
842800;SUBMISSION;;HYDROGEL_PACK;SEASHELLS;10009;6
843300;;SUBMISSION;HYDROGEL_PACK;SEASHELLS;10025;3
844300;;SUBMISSION;VELVETFRUIT_EXTRACT;SEASHELLS;5261;7
846300;SUBMISSION;;HYDROGEL_PACK;SEASHELLS;10007;4
848300;;SUBMISSION;VELVETFRUIT_EXTRACT;SEASHELLS;5259;7
848400;;SUBMISSION;VELVETFRUIT_EXTRACT;SEASHELLS;5255;11
849000;SUBMISSION;;HYDROGEL_PACK;SEASHELLS;10009;12
849100;SUBMISSION;;HYDROGEL_PACK;SEASHELLS;10009;14
849400;SUBMISSION;;HYDROGEL_PACK;SEASHELLS;9997;6
849900;SUBMISSION;;HYDROGEL_PACK;SEASHELLS;10007;11
850000;SUBMISSION;;HYDROGEL_PACK;SEASHELLS;10007;14
850100;SUBMISSION;;HYDROGEL_PACK;SEASHELLS;10007;13
850200;SUBMISSION;;HYDROGEL_PACK;SEASHELLS;10006;10
850200;SUBMISSION;;HYDROGEL_PACK;SEASHELLS;10009;26
850200;SUBMISSION;;VEV_4000;SEASHELLS;1252;1
850300;SUBMISSION;;HYDROGEL_PACK;SEASHELLS;10008;13
850400;SUBMISSION;;HYDROGEL_PACK;SEASHELLS;10009;14
850500;SUBMISSION;;HYDROGEL_PACK;SEASHELLS;10007;14
850500;SUBMISSION;;HYDROGEL_PACK;SEASHELLS;10009;24
850600;SUBMISSION;;HYDROGEL_PACK;SEASHELLS;10007;11
850600;SUBMISSION;;HYDROGEL_PACK;SEASHELLS;10009;23
850700;SUBMISSION;;HYDROGEL_PACK;SEASHELLS;10007;14
855100;;SUBMISSION;HYDROGEL_PACK;SEASHELLS;10017;4
856600;SUBMISSION;;HYDROGEL_PACK;SEASHELLS;10002;2
859700;SUBMISSION;;VELVETFRUIT_EXTRACT;SEASHELLS;5252;13
861200;;SUBMISSION;HYDROGEL_PACK;SEASHELLS;10020;2
861600;SUBMISSION;;HYDROGEL_PACK;SEASHELLS;10007;4
861800;SUBMISSION;;HYDROGEL_PACK;SEASHELLS;9997;6
861900;SUBMISSION;;HYDROGEL_PACK;SEASHELLS;10008;11
862400;SUBMISSION;;HYDROGEL_PACK;SEASHELLS;10004;5
862700;SUBMISSION;;HYDROGEL_PACK;SEASHELLS;10005;14
862700;SUBMISSION;;HYDROGEL_PACK;SEASHELLS;10008;23
862800;SUBMISSION;;HYDROGEL_PACK;SEASHELLS;10003;12
862800;SUBMISSION;;HYDROGEL_PACK;SEASHELLS;10005;23
862900;SUBMISSION;;HYDROGEL_PACK;SEASHELLS;10005;14
863000;SUBMISSION;;HYDROGEL_PACK;SEASHELLS;10006;11
863100;SUBMISSION;;HYDROGEL_PACK;SEASHELLS;10007;14
863200;SUBMISSION;;HYDROGEL_PACK;SEASHELLS;10007;11
863300;SUBMISSION;;HYDROGEL_PACK;SEASHELLS;10006;10
863300;SUBMISSION;;HYDROGEL_PACK;SEASHELLS;9991;5
863400;SUBMISSION;;HYDROGEL_PACK;SEASHELLS;10006;15
868700;SUBMISSION;;VELVETFRUIT_EXTRACT;SEASHELLS;5251;20
868800;SUBMISSION;;VELVETFRUIT_EXTRACT;SEASHELLS;5251;24
868900;SUBMISSION;;VELVETFRUIT_EXTRACT;SEASHELLS;5251;56
869200;SUBMISSION;;VELVETFRUIT_EXTRACT;SEASHELLS;5249;19
869200;SUBMISSION;;VELVETFRUIT_EXTRACT;SEASHELLS;5250;36
869300;SUBMISSION;;VELVETFRUIT_EXTRACT;SEASHELLS;5250;6
875900;;SUBMISSION;VEV_4000;SEASHELLS;1254;1
879100;SUBMISSION;;VEV_4000;SEASHELLS;1242;2
880000;SUBMISSION;;VEV_4000;SEASHELLS;1247;3
881200;;SUBMISSION;VELVETFRUIT_EXTRACT;SEASHELLS;5252;4
884100;SUBMISSION;;VEV_4000;SEASHELLS;1251;2
886000;;SUBMISSION;VELVETFRUIT_EXTRACT;SEASHELLS;5264;3
887000;;SUBMISSION;VELVETFRUIT_EXTRACT;SEASHELLS;5267;4
887900;;SUBMISSION;VELVETFRUIT_EXTRACT;SEASHELLS;5268;18
887900;;SUBMISSION;VELVETFRUIT_EXTRACT;SEASHELLS;5268;12
887900;;SUBMISSION;VEV_5100;SEASHELLS;177;30
888000;;SUBMISSION;VEV_5100;SEASHELLS;178;21
891400;;SUBMISSION;VELVETFRUIT_EXTRACT;SEASHELLS;5267;4
891800;;SUBMISSION;VELVETFRUIT_EXTRACT;SEASHELLS;5271;7
892200;;SUBMISSION;VEV_5100;SEASHELLS;177;26
892300;;SUBMISSION;VEV_5100;SEASHELLS;178;8
892300;;SUBMISSION;VEV_5100;SEASHELLS;177;21
892400;;SUBMISSION;VEV_5000;SEASHELLS;271;7
892400;;SUBMISSION;VEV_5000;SEASHELLS;270;15
892400;;SUBMISSION;VEV_5100;SEASHELLS;179;22
892500;;SUBMISSION;VEV_5000;SEASHELLS;271;6
892500;;SUBMISSION;VEV_5000;SEASHELLS;270;23
892500;;SUBMISSION;VEV_5100;SEASHELLS;179;29
892600;;SUBMISSION;VEV_5000;SEASHELLS;271;9
892600;;SUBMISSION;VEV_5000;SEASHELLS;270;21
892600;;SUBMISSION;VEV_5100;SEASHELLS;179;30
892700;;SUBMISSION;VEV_5100;SEASHELLS;178;11
892700;;SUBMISSION;VEV_5100;SEASHELLS;177;18
892800;;SUBMISSION;VEV_5100;SEASHELLS;179;12
892800;;SUBMISSION;VEV_5100;SEASHELLS;178;15
892900;;SUBMISSION;VELVETFRUIT_EXTRACT;SEASHELLS;5274;5
892900;;SUBMISSION;VEV_5000;SEASHELLS;271;8
892900;;SUBMISSION;VEV_5000;SEASHELLS;270;20
892900;;SUBMISSION;VEV_5100;SEASHELLS;179;28
893000;;SUBMISSION;VELVETFRUIT_EXTRACT;SEASHELLS;5272;15
893000;;SUBMISSION;VELVETFRUIT_EXTRACT;SEASHELLS;5271;38
893000;;SUBMISSION;VEV_4000;SEASHELLS;1263;14
893000;;SUBMISSION;VEV_4000;SEASHELLS;1261;16
893000;;SUBMISSION;VEV_4500;SEASHELLS;766;12
893000;;SUBMISSION;VEV_4500;SEASHELLS;764;18
893000;;SUBMISSION;VEV_5000;SEASHELLS;273;12
893000;;SUBMISSION;VEV_5000;SEASHELLS;272;18
893000;;SUBMISSION;VEV_5100;SEASHELLS;181;12
893000;;SUBMISSION;VEV_5100;SEASHELLS;180;18
893000;;SUBMISSION;VEV_5200;SEASHELLS;103;30
893100;;SUBMISSION;VELVETFRUIT_EXTRACT;SEASHELLS;5273;61
893100;;SUBMISSION;VEV_4000;SEASHELLS;1265;8
893100;;SUBMISSION;VEV_4000;SEASHELLS;1263;22
893100;;SUBMISSION;VEV_4500;SEASHELLS;768;10
893100;;SUBMISSION;VEV_4500;SEASHELLS;766;15
893100;;SUBMISSION;VEV_5000;SEASHELLS;275;10
893100;;SUBMISSION;VEV_5000;SEASHELLS;274;15
893100;;SUBMISSION;VEV_5100;SEASHELLS;182;25
893100;;SUBMISSION;VEV_5200;SEASHELLS;104;25
893200;;SUBMISSION;VELVETFRUIT_EXTRACT;SEASHELLS;5274;25
893200;;SUBMISSION;VELVETFRUIT_EXTRACT;SEASHELLS;5273;43
893200;;SUBMISSION;VEV_4000;SEASHELLS;1266;15
893200;;SUBMISSION;VEV_4000;SEASHELLS;1263;15
893200;;SUBMISSION;VEV_4500;SEASHELLS;768;7
893200;;SUBMISSION;VEV_4500;SEASHELLS;766;14
893200;;SUBMISSION;VEV_5000;SEASHELLS;275;7
893200;;SUBMISSION;VEV_5000;SEASHELLS;274;14
893200;;SUBMISSION;VEV_5100;SEASHELLS;183;7
893200;;SUBMISSION;VEV_5100;SEASHELLS;182;14
893200;;SUBMISSION;VEV_5200;SEASHELLS;104;21
893300;;SUBMISSION;VELVETFRUIT_EXTRACT;SEASHELLS;5274;61
893300;;SUBMISSION;VEV_4000;SEASHELLS;1266;12
893300;;SUBMISSION;VEV_4000;SEASHELLS;1263;18
893300;;SUBMISSION;VEV_4500;SEASHELLS;768;12
893300;;SUBMISSION;VEV_4500;SEASHELLS;766;18
893300;;SUBMISSION;VEV_5000;SEASHELLS;275;12
893300;;SUBMISSION;VEV_5000;SEASHELLS;274;18
893300;;SUBMISSION;VEV_5100;SEASHELLS;183;12
893300;;SUBMISSION;VEV_5100;SEASHELLS;182;18
893300;;SUBMISSION;VEV_5200;SEASHELLS;105;12
893300;;SUBMISSION;VEV_5200;SEASHELLS;104;18
893400;;SUBMISSION;VEV_4000;SEASHELLS;1265;12
893400;;SUBMISSION;VEV_4000;SEASHELLS;1263;18
893400;;SUBMISSION;VEV_4500;SEASHELLS;768;7
893400;;SUBMISSION;VEV_4500;SEASHELLS;766;19
893400;;SUBMISSION;VEV_5000;SEASHELLS;274;26
893400;;SUBMISSION;VEV_5100;SEASHELLS;182;26
893400;;SUBMISSION;VEV_5200;SEASHELLS;104;26
893500;;SUBMISSION;VEV_4000;SEASHELLS;1265;8
893500;;SUBMISSION;VEV_4000;SEASHELLS;1262;18
893500;;SUBMISSION;VEV_4500;SEASHELLS;767;6
893500;;SUBMISSION;VEV_4500;SEASHELLS;765;16
893500;;SUBMISSION;VEV_5000;SEASHELLS;274;6
893500;;SUBMISSION;VEV_5000;SEASHELLS;273;16
893500;;SUBMISSION;VEV_5100;SEASHELLS;182;6
893500;;SUBMISSION;VEV_5100;SEASHELLS;181;16
893500;;SUBMISSION;VEV_5200;SEASHELLS;104;22
893600;;SUBMISSION;VEV_4000;SEASHELLS;1263;11
893600;;SUBMISSION;VEV_4000;SEASHELLS;1261;19
893600;;SUBMISSION;VEV_4500;SEASHELLS;766;11
893600;;SUBMISSION;VEV_4500;SEASHELLS;764;12
893600;;SUBMISSION;VEV_5000;SEASHELLS;272;23
893600;;SUBMISSION;VEV_5100;SEASHELLS;180;23
893600;;SUBMISSION;VEV_5200;SEASHELLS;103;11
893600;;SUBMISSION;VEV_5200;SEASHELLS;102;12
893700;;SUBMISSION;VEV_4000;SEASHELLS;1263;15
893700;;SUBMISSION;VEV_4000;SEASHELLS;1261;15
893700;;SUBMISSION;VEV_4500;SEASHELLS;766;6
893700;;SUBMISSION;VEV_4500;SEASHELLS;764;17
893700;;SUBMISSION;VEV_5000;SEASHELLS;273;6
893700;;SUBMISSION;VEV_5000;SEASHELLS;272;17
893700;;SUBMISSION;VEV_5100;SEASHELLS;181;6
893700;;SUBMISSION;VEV_5100;SEASHELLS;180;17
893700;;SUBMISSION;VEV_5200;SEASHELLS;103;23
893800;;SUBMISSION;VEV_4000;SEASHELLS;1263;11
893800;;SUBMISSION;VEV_4000;SEASHELLS;1261;15
893800;;SUBMISSION;VEV_4500;SEASHELLS;766;11
893800;;SUBMISSION;VEV_4500;SEASHELLS;764;19
893800;;SUBMISSION;VEV_5000;SEASHELLS;272;30
893800;;SUBMISSION;VEV_5100;SEASHELLS;180;30
893800;;SUBMISSION;VEV_5200;SEASHELLS;103;11
893800;;SUBMISSION;VEV_5200;SEASHELLS;102;19
893900;;SUBMISSION;VEV_4000;SEASHELLS;1263;8
893900;;SUBMISSION;VEV_4000;SEASHELLS;1260;16
893900;;SUBMISSION;VEV_4500;SEASHELLS;765;6
893900;;SUBMISSION;VEV_4500;SEASHELLS;763;20
893900;;SUBMISSION;VEV_5000;SEASHELLS;272;26
893900;;SUBMISSION;VEV_5100;SEASHELLS;180;26
893900;;SUBMISSION;VEV_5200;SEASHELLS;102;26
894000;;SUBMISSION;VEV_4000;SEASHELLS;1264;10
894000;;SUBMISSION;VEV_4000;SEASHELLS;1262;16
894000;;SUBMISSION;VEV_4500;SEASHELLS;767;11
894000;;SUBMISSION;VEV_4500;SEASHELLS;765;15
894000;;SUBMISSION;VEV_5000;SEASHELLS;273;26
894000;;SUBMISSION;VEV_5100;SEASHELLS;181;26
894000;;SUBMISSION;VEV_5200;SEASHELLS;103;26
894100;;SUBMISSION;VELVETFRUIT_EXTRACT;SEASHELLS;5274;25
894100;;SUBMISSION;VELVETFRUIT_EXTRACT;SEASHELLS;5273;39
894100;;SUBMISSION;VEV_4000;SEASHELLS;1266;13
894100;;SUBMISSION;VEV_4000;SEASHELLS;1263;17
894100;;SUBMISSION;VEV_4500;SEASHELLS;768;11
894100;;SUBMISSION;VEV_4500;SEASHELLS;766;19
894100;;SUBMISSION;VEV_5000;SEASHELLS;275;11
894100;;SUBMISSION;VEV_5000;SEASHELLS;274;19
894100;;SUBMISSION;VEV_5100;SEASHELLS;183;11
894100;;SUBMISSION;VEV_5100;SEASHELLS;182;19
894100;;SUBMISSION;VEV_5200;SEASHELLS;105;11
894100;;SUBMISSION;VEV_5200;SEASHELLS;104;19
894200;;SUBMISSION;VELVETFRUIT_EXTRACT;SEASHELLS;5275;18
894200;;SUBMISSION;VELVETFRUIT_EXTRACT;SEASHELLS;5274;18
894200;;SUBMISSION;VEV_4000;SEASHELLS;1267;14
894200;;SUBMISSION;VEV_4000;SEASHELLS;1264;16
894200;;SUBMISSION;VEV_4500;SEASHELLS;769;11
894200;;SUBMISSION;VEV_4500;SEASHELLS;767;19
894200;;SUBMISSION;VEV_5000;SEASHELLS;276;11
894200;;SUBMISSION;VEV_5000;SEASHELLS;275;19
894200;;SUBMISSION;VEV_5100;SEASHELLS;183;7
894200;;SUBMISSION;VEV_5200;SEASHELLS;105;30
894300;;SUBMISSION;VEV_4000;SEASHELLS;1265;13
894300;;SUBMISSION;VEV_4000;SEASHELLS;1263;17
894300;;SUBMISSION;VEV_4500;SEASHELLS;768;11
894300;;SUBMISSION;VEV_4500;SEASHELLS;766;14
894300;;SUBMISSION;VEV_5000;SEASHELLS;275;11
894300;;SUBMISSION;VEV_5000;SEASHELLS;274;14
894300;;SUBMISSION;VEV_5200;SEASHELLS;104;25
894400;;SUBMISSION;VEV_4000;SEASHELLS;1264;8
894400;;SUBMISSION;VEV_4000;SEASHELLS;1262;22
894400;;SUBMISSION;VEV_4500;SEASHELLS;767;7
894400;;SUBMISSION;VEV_4500;SEASHELLS;765;17
894400;;SUBMISSION;VEV_5000;SEASHELLS;273;24
894400;;SUBMISSION;VEV_5200;SEASHELLS;103;24
894500;;SUBMISSION;VEV_4000;SEASHELLS;1264;12
894500;;SUBMISSION;VEV_4000;SEASHELLS;1261;16
894500;;SUBMISSION;VEV_4500;SEASHELLS;766;6
894500;;SUBMISSION;VEV_4500;SEASHELLS;764;12
894500;;SUBMISSION;VEV_5000;SEASHELLS;273;6
894500;;SUBMISSION;VEV_5000;SEASHELLS;272;12
894500;;SUBMISSION;VEV_5200;SEASHELLS;103;18
894600;;SUBMISSION;VEV_5000;SEASHELLS;271;28
894800;;SUBMISSION;VEV_4000;SEASHELLS;1277;2
895900;;SUBMISSION;VEV_5000;SEASHELLS;271;7
895900;;SUBMISSION;VEV_5000;SEASHELLS;270;17
896000;;SUBMISSION;VEV_4000;SEASHELLS;1263;13
896000;;SUBMISSION;VEV_4000;SEASHELLS;1260;17
896000;;SUBMISSION;VEV_4500;SEASHELLS;765;9
896000;;SUBMISSION;VEV_4500;SEASHELLS;764;21
896000;;SUBMISSION;VEV_5000;SEASHELLS;272;20
896000;;SUBMISSION;VEV_5200;SEASHELLS;103;9
896000;;SUBMISSION;VEV_5200;SEASHELLS;102;21
896100;;SUBMISSION;VEV_4000;SEASHELLS;1263;10
896100;;SUBMISSION;VEV_4000;SEASHELLS;1261;17
896100;;SUBMISSION;VEV_4500;SEASHELLS;766;9
896100;;SUBMISSION;VEV_4500;SEASHELLS;764;19
896100;;SUBMISSION;VEV_5200;SEASHELLS;103;9
896100;;SUBMISSION;VEV_5200;SEASHELLS;102;19
896200;;SUBMISSION;VEV_4000;SEASHELLS;1262;13
896200;;SUBMISSION;VEV_4000;SEASHELLS;1260;16
896200;;SUBMISSION;VEV_4500;SEASHELLS;765;8
896200;;SUBMISSION;VEV_4500;SEASHELLS;763;22
896600;;SUBMISSION;VEV_4000;SEASHELLS;1263;9
896600;;SUBMISSION;VEV_4000;SEASHELLS;1260;21
896600;;SUBMISSION;VEV_4500;SEASHELLS;765;12
896600;;SUBMISSION;VEV_4500;SEASHELLS;763;18
896700;;SUBMISSION;VEV_4000;SEASHELLS;1263;11
896700;;SUBMISSION;VEV_4000;SEASHELLS;1260;6
896700;;SUBMISSION;VEV_4500;SEASHELLS;765;9
896700;;SUBMISSION;VEV_4500;SEASHELLS;763;19
896800;;SUBMISSION;VEV_4500;SEASHELLS;765;6
896800;;SUBMISSION;VEV_4500;SEASHELLS;763;23
897000;;SUBMISSION;VEV_4500;SEASHELLS;765;6
897000;;SUBMISSION;VEV_5200;SEASHELLS;103;10
897000;;SUBMISSION;VEV_5200;SEASHELLS;102;20
897200;;SUBMISSION;VEV_5200;SEASHELLS;103;10
897200;;SUBMISSION;VEV_5200;SEASHELLS;102;19
897300;;SUBMISSION;VEV_5200;SEASHELLS;103;29
897400;;SUBMISSION;VEV_5200;SEASHELLS;103;30
897500;;SUBMISSION;VEV_5200;SEASHELLS;103;5
898100;;SUBMISSION;VEV_5300;SEASHELLS;51;23
898300;;SUBMISSION;VEV_5300;SEASHELLS;51;19
898400;;SUBMISSION;VEV_5300;SEASHELLS;52;23
898400;;SUBMISSION;VEV_5400;SEASHELLS;17;23
898500;;SUBMISSION;VEV_5300;SEASHELLS;52;21
898500;;SUBMISSION;VEV_5400;SEASHELLS;17;21
898600;;SUBMISSION;VEV_5300;SEASHELLS;52;20
898600;SUBMISSION;;VEV_5300;SEASHELLS;52;2
898700;;SUBMISSION;VEV_5300;SEASHELLS;52;22
898700;;SUBMISSION;VEV_5400;SEASHELLS;17;6
898700;;SUBMISSION;VEV_5400;SEASHELLS;16;16
898800;;SUBMISSION;VEV_5300;SEASHELLS;51;22
898900;;SUBMISSION;VEV_5300;SEASHELLS;52;16
899000;;SUBMISSION;VEV_5300;SEASHELLS;52;21
899100;;SUBMISSION;VEV_5300;SEASHELLS;52;24
899200;;SUBMISSION;VEV_5300;SEASHELLS;52;20
899300;;SUBMISSION;VEV_5300;SEASHELLS;53;6
899300;;SUBMISSION;VEV_5300;SEASHELLS;52;17
899300;;SUBMISSION;VEV_5400;SEASHELLS;17;23
899400;;SUBMISSION;VEV_5300;SEASHELLS;52;24
899400;;SUBMISSION;VEV_5400;SEASHELLS;17;24
899500;;SUBMISSION;VEV_5300;SEASHELLS;53;21
899500;;SUBMISSION;VEV_5400;SEASHELLS;17;21
899600;;SUBMISSION;VEV_5300;SEASHELLS;53;6
899600;;SUBMISSION;VEV_5300;SEASHELLS;52;15
899600;;SUBMISSION;VEV_5400;SEASHELLS;17;21
899700;;SUBMISSION;VEV_5300;SEASHELLS;53;22
899700;;SUBMISSION;VEV_5400;SEASHELLS;17;22
899800;;SUBMISSION;VEV_5300;SEASHELLS;54;5
899800;;SUBMISSION;VEV_5300;SEASHELLS;53;13
899800;;SUBMISSION;VEV_5400;SEASHELLS;17;18
899900;;SUBMISSION;VEV_5300;SEASHELLS;54;8
899900;;SUBMISSION;VEV_5300;SEASHELLS;53;15
899900;;SUBMISSION;VEV_5400;SEASHELLS;17;23
900000;;SUBMISSION;VEV_5300;SEASHELLS;54;27
900000;;SUBMISSION;VEV_5400;SEASHELLS;18;27
900100;;SUBMISSION;VEV_5300;SEASHELLS;54;25
900100;;SUBMISSION;VEV_5400;SEASHELLS;18;25
900200;;SUBMISSION;VEV_5300;SEASHELLS;54;23
900200;;SUBMISSION;VEV_5400;SEASHELLS;18;9
900200;;SUBMISSION;VEV_5400;SEASHELLS;17;14
900300;;SUBMISSION;VEV_5300;SEASHELLS;55;7
900300;;SUBMISSION;VEV_5300;SEASHELLS;54;18
900300;;SUBMISSION;VEV_5400;SEASHELLS;18;25
900400;;SUBMISSION;VEV_5300;SEASHELLS;54;22
900400;;SUBMISSION;VEV_5400;SEASHELLS;17;22
900500;;SUBMISSION;VEV_5300;SEASHELLS;53;17
900500;;SUBMISSION;VEV_5400;SEASHELLS;17;17
900600;;SUBMISSION;VEV_5300;SEASHELLS;53;30
900600;;SUBMISSION;VEV_5400;SEASHELLS;17;30
900700;;SUBMISSION;VEV_5300;SEASHELLS;53;26
900700;;SUBMISSION;VEV_5400;SEASHELLS;17;26
900800;;SUBMISSION;VEV_5300;SEASHELLS;54;15
900800;;SUBMISSION;VEV_5400;SEASHELLS;17;27
900900;;SUBMISSION;VEV_5400;SEASHELLS;17;22
901000;;SUBMISSION;VEV_5400;SEASHELLS;17;21
901100;;SUBMISSION;VEV_5400;SEASHELLS;17;25
901200;;SUBMISSION;VEV_5400;SEASHELLS;17;18
901300;;SUBMISSION;VEV_5400;SEASHELLS;17;27
901400;;SUBMISSION;VEV_5400;SEASHELLS;17;27
901500;;SUBMISSION;VEV_5400;SEASHELLS;17;10
902500;;SUBMISSION;HYDROGEL_PACK;SEASHELLS;10018;5
903600;SUBMISSION;;HYDROGEL_PACK;SEASHELLS;10000;4
911800;SUBMISSION;;HYDROGEL_PACK;SEASHELLS;9999;1
914100;;SUBMISSION;VEV_4000;SEASHELLS;1287;2
921800;;SUBMISSION;HYDROGEL_PACK;SEASHELLS;10010;3
924400;SUBMISSION;;HYDROGEL_PACK;SEASHELLS;9998;3
925100;;SUBMISSION;VEV_4000;SEASHELLS;1287;2
940100;;SUBMISSION;HYDROGEL_PACK;SEASHELLS;10024;6
944300;SUBMISSION;;HYDROGEL_PACK;SEASHELLS;9989;5
945000;SUBMISSION;;HYDROGEL_PACK;SEASHELLS;9997;1
948500;SUBMISSION;;VEV_5300;SEASHELLS;49;4
961700;SUBMISSION;;VEV_4000;SEASHELLS;1262;3
962500;SUBMISSION;;VELVETFRUIT_EXTRACT;SEASHELLS;5264;6
963100;SUBMISSION;;VELVETFRUIT_EXTRACT;SEASHELLS;5264;17
964300;SUBMISSION;;VELVETFRUIT_EXTRACT;SEASHELLS;5265;4
965600;SUBMISSION;;VEV_4000;SEASHELLS;1261;3
965800;SUBMISSION;;VELVETFRUIT_EXTRACT;SEASHELLS;5262;18
967000;SUBMISSION;;VELVETFRUIT_EXTRACT;SEASHELLS;5264;20
967100;SUBMISSION;;VELVETFRUIT_EXTRACT;SEASHELLS;5264;15
967200;SUBMISSION;;VELVETFRUIT_EXTRACT;SEASHELLS;5264;20
967300;SUBMISSION;;VELVETFRUIT_EXTRACT;SEASHELLS;5264;22
967500;;SUBMISSION;HYDROGEL_PACK;SEASHELLS;10021;4
967700;SUBMISSION;;VELVETFRUIT_EXTRACT;SEASHELLS;5261;10
967700;SUBMISSION;;VELVETFRUIT_EXTRACT;SEASHELLS;5264;61
967800;SUBMISSION;;VELVETFRUIT_EXTRACT;SEASHELLS;5264;16
967900;SUBMISSION;;VELVETFRUIT_EXTRACT;SEASHELLS;5262;17
967900;SUBMISSION;;VELVETFRUIT_EXTRACT;SEASHELLS;5263;31
968000;SUBMISSION;;VELVETFRUIT_EXTRACT;SEASHELLS;5264;16
968100;SUBMISSION;;VELVETFRUIT_EXTRACT;SEASHELLS;5263;56
968200;SUBMISSION;;VELVETFRUIT_EXTRACT;SEASHELLS;5263;21
968200;SUBMISSION;;VELVETFRUIT_EXTRACT;SEASHELLS;5264;39
968300;SUBMISSION;;VELVETFRUIT_EXTRACT;SEASHELLS;5263;11
968600;;SUBMISSION;HYDROGEL_PACK;SEASHELLS;10014;5
970300;;SUBMISSION;HYDROGEL_PACK;SEASHELLS;10005;3
972700;;SUBMISSION;VELVETFRUIT_EXTRACT;SEASHELLS;5270;8
975900;SUBMISSION;;VEV_4000;SEASHELLS;1267;1
976200;SUBMISSION;;HYDROGEL_PACK;SEASHELLS;9998;2
977300;SUBMISSION;;HYDROGEL_PACK;SEASHELLS;9991;9
977300;SUBMISSION;;VEV_5300;SEASHELLS;46;1
978200;SUBMISSION;;VEV_4000;SEASHELLS;1264;2
978400;;SUBMISSION;VELVETFRUIT_EXTRACT;SEASHELLS;5269;8
978600;;SUBMISSION;VELVETFRUIT_EXTRACT;SEASHELLS;5271;4
