timestamp;buyer;seller;symbol;currency;price;quantity
0;;SUBMISSION;VELVETFRUIT_EXTRACT;XIREC;5265.0;10
100;;SUBMISSION;VELVETFRUIT_EXTRACT;XIREC;5263.0;20
200;;SUBMISSION;VELVETFRUIT_EXTRACT;XIREC;5263.0;28
300;;SUBMISSION;VELVETFRUIT_EXTRACT;XIREC;5264.0;23
300;;SUBMISSION;VELVETFRUIT_EXTRACT;XIREC;5263.0;6
400;;SUBMISSION;VELVETFRUIT_EXTRACT;XIREC;5262.0;27
500;;SUBMISSION;VELVETFRUIT_EXTRACT;XIREC;5261.0;19
500;;SUBMISSION;VELVETFRUIT_EXTRACT;XIREC;5260.0;2
500;;SUBMISSION;VEV_5000;XIREC;263.0;4
600;;SUBMISSION;VEV_5000;XIREC;265.0;5
600;;SUBMISSION;VEV_5000;XIREC;262.0;9
600;;SUBMISSION;VEV_5000;XIREC;261.0;9
700;;SUBMISSION;VEV_5000;XIREC;262.0;22
800;;SUBMISSION;VEV_5000;XIREC;263.0;9
800;;SUBMISSION;VEV_5000;XIREC;262.0;13
900;Mark 67;SUBMISSION;VELVETFRUIT_EXTRACT;XIREC;5261.0;8
900;;SUBMISSION;VEV_5000;XIREC;263.0;6
900;;SUBMISSION;VEV_5000;XIREC;262.0;15
1000;;SUBMISSION;VEV_5000;XIREC;263.0;12
1000;;SUBMISSION;VEV_5000;XIREC;262.0;12
1100;;SUBMISSION;VEV_5000;XIREC;264.0;8
1100;;SUBMISSION;VEV_5000;XIREC;263.0;15
1200;;SUBMISSION;VEV_5000;XIREC;262.0;24
1300;SUBMISSION;Mark 38;VEV_4000;XIREC;1256.0;3
1300;;SUBMISSION;VEV_5000;XIREC;262.0;6
1300;;SUBMISSION;VEV_5000;XIREC;261.0;15
1400;;SUBMISSION;VEV_5000;XIREC;264.0;12
1400;;SUBMISSION;VEV_5000;XIREC;263.0;14
1500;;SUBMISSION;VEV_5000;XIREC;265.0;9
1700;;SUBMISSION;VEV_5000;XIREC;266.0;2
2700;Mark 01;Mark 55;VELVETFRUIT_EXTRACT;XIREC;5269.0;8
2800;;SUBMISSION;HYDROGEL_PACK;XIREC;10017.0;1
2900;;SUBMISSION;HYDROGEL_PACK;XIREC;10018.0;2
2900;Mark 55;SUBMISSION;VELVETFRUIT_EXTRACT;XIREC;5271.0;8
3000;;SUBMISSION;HYDROGEL_PACK;XIREC;10019.0;3
3100;;SUBMISSION;HYDROGEL_PACK;XIREC;10019.0;3
3200;;SUBMISSION;HYDROGEL_PACK;XIREC;10022.0;6
3300;;SUBMISSION;HYDROGEL_PACK;XIREC;10021.0;5
3400;;SUBMISSION;HYDROGEL_PACK;XIREC;10023.0;7
3500;;SUBMISSION;HYDROGEL_PACK;XIREC;10021.0;5
3600;;SUBMISSION;HYDROGEL_PACK;XIREC;10022.0;6
3700;;SUBMISSION;HYDROGEL_PACK;XIREC;10021.0;5
3800;;SUBMISSION;HYDROGEL_PACK;XIREC;10020.0;4
4000;;SUBMISSION;HYDROGEL_PACK;XIREC;10018.0;2
4100;;SUBMISSION;HYDROGEL_PACK;XIREC;10020.0;4
4200;;SUBMISSION;HYDROGEL_PACK;XIREC;10022.0;6
4300;;SUBMISSION;HYDROGEL_PACK;XIREC;10019.0;3
4400;;SUBMISSION;HYDROGEL_PACK;XIREC;10020.0;4
4500;;SUBMISSION;HYDROGEL_PACK;XIREC;10017.0;1
4600;;SUBMISSION;HYDROGEL_PACK;XIREC;10017.0;1
4700;;SUBMISSION;HYDROGEL_PACK;XIREC;10017.0;2
4800;;SUBMISSION;HYDROGEL_PACK;XIREC;10017.0;1
4800;Mark 55;SUBMISSION;VELVETFRUIT_EXTRACT;XIREC;5272.0;3
4900;;SUBMISSION;HYDROGEL_PACK;XIREC;10020.0;4
5000;;SUBMISSION;HYDROGEL_PACK;XIREC;10019.0;4
5100;;SUBMISSION;HYDROGEL_PACK;XIREC;10016.0;1
5700;Mark 01;Mark 55;VELVETFRUIT_EXTRACT;XIREC;5273.0;5
6800;;SUBMISSION;HYDROGEL_PACK;XIREC;10016.0;1
9000;Mark 38;SUBMISSION;VEV_4000;XIREC;1273.0;1
9900;Mark 22;Mark 55;VELVETFRUIT_EXTRACT;XIREC;5261.0;5
10000;;SUBMISSION;HYDROGEL_PACK;XIREC;10015.0;1
10100;;SUBMISSION;HYDROGEL_PACK;XIREC;10018.0;5
10200;;SUBMISSION;HYDROGEL_PACK;XIREC;10017.0;4
10200;Mark 14;Mark 38;HYDROGEL_PACK;XIREC;10017.0;6
10300;;SUBMISSION;HYDROGEL_PACK;XIREC;10017.0;4
10400;;SUBMISSION;HYDROGEL_PACK;XIREC;10015.0;1
10700;Mark 55;SUBMISSION;VELVETFRUIT_EXTRACT;XIREC;5264.0;4
11100;;SUBMISSION;HYDROGEL_PACK;XIREC;10015.0;2
11200;;SUBMISSION;HYDROGEL_PACK;XIREC;10014.0;1
11200;Mark 38;SUBMISSION;HYDROGEL_PACK;XIREC;10029.0;4
12100;Mark 67;SUBMISSION;VELVETFRUIT_EXTRACT;XIREC;5267.0;5
12600;Mark 01;Mark 55;VELVETFRUIT_EXTRACT;XIREC;5264.0;3
13100;SUBMISSION;Mark 22;VEV_5400;XIREC;16.0;3
13100;SUBMISSION;Mark 22;VEV_5500;XIREC;6.0;3
13100;SUBMISSION;Mark 22;VEV_6000;XIREC;0.0;3
13100;SUBMISSION;Mark 22;VEV_6500;XIREC;0.0;3
13900;Mark 55;SUBMISSION;VELVETFRUIT_EXTRACT;XIREC;5268.0;4
14600;;SUBMISSION;HYDROGEL_PACK;XIREC;10016.0;2
15200;;SUBMISSION;HYDROGEL_PACK;XIREC;10017.0;2
15400;;SUBMISSION;HYDROGEL_PACK;XIREC;10018.0;1
15500;;SUBMISSION;HYDROGEL_PACK;XIREC;10022.0;1
15700;;SUBMISSION;HYDROGEL_PACK;XIREC;10019.0;1
15700;Mark 38;SUBMISSION;HYDROGEL_PACK;XIREC;10034.0;2
16300;Mark 55;SUBMISSION;VELVETFRUIT_EXTRACT;XIREC;5274.0;5
16400;;SUBMISSION;HYDROGEL_PACK;XIREC;10021.0;1
17400;Mark 14;Mark 55;VELVETFRUIT_EXTRACT;XIREC;5274.0;3
19100;Mark 38;SUBMISSION;HYDROGEL_PACK;XIREC;10019.0;6
19700;;SUBMISSION;VELVETFRUIT_EXTRACT;XIREC;5265.0;7
20900;SUBMISSION;Mark 22;VEV_5300;XIREC;53.0;5
20900;SUBMISSION;Mark 22;VEV_5400;XIREC;17.0;5
20900;SUBMISSION;Mark 22;VEV_5500;XIREC;7.0;5
20900;SUBMISSION;Mark 22;VEV_6000;XIREC;0.0;5
20900;SUBMISSION;Mark 22;VEV_6500;XIREC;0.0;5
23100;Mark 01;Mark 55;VELVETFRUIT_EXTRACT;XIREC;5264.0;4
23500;SUBMISSION;Mark 22;VEV_5400;XIREC;16.0;2
23500;SUBMISSION;Mark 22;VEV_5500;XIREC;6.0;2
23500;SUBMISSION;Mark 22;VEV_6000;XIREC;0.0;2
23500;SUBMISSION;Mark 22;VEV_6500;XIREC;0.0;2
25500;SUBMISSION;;HYDROGEL_PACK;XIREC;9994.0;1
25500;Mark 14;Mark 55;VELVETFRUIT_EXTRACT;XIREC;5264.0;6
25600;SUBMISSION;;HYDROGEL_PACK;XIREC;9994.0;1
25700;SUBMISSION;;HYDROGEL_PACK;XIREC;9992.0;4
25800;SUBMISSION;;HYDROGEL_PACK;XIREC;9992.0;4
25900;SUBMISSION;;HYDROGEL_PACK;XIREC;9994.0;1
26000;SUBMISSION;;HYDROGEL_PACK;XIREC;9994.0;1
26500;Mark 55;SUBMISSION;VELVETFRUIT_EXTRACT;XIREC;5268.0;6
26700;SUBMISSION;;HYDROGEL_PACK;XIREC;9993.0;3
26800;SUBMISSION;;HYDROGEL_PACK;XIREC;9987.0;5
29200;SUBMISSION;Mark 38;HYDROGEL_PACK;XIREC;9994.0;4
29500;SUBMISSION;Mark 22;VEV_5400;XIREC;16.0;2
29500;SUBMISSION;Mark 22;VEV_5500;XIREC;6.0;2
29500;SUBMISSION;Mark 22;VEV_6000;XIREC;0.0;2
29500;SUBMISSION;Mark 22;VEV_6500;XIREC;0.0;2
30900;SUBMISSION;;HYDROGEL_PACK;XIREC;9996.0;1
31000;SUBMISSION;;HYDROGEL_PACK;XIREC;9996.0;1
32500;Mark 55;SUBMISSION;VELVETFRUIT_EXTRACT;XIREC;5265.0;4
33300;Mark 55;SUBMISSION;VELVETFRUIT_EXTRACT;XIREC;5270.0;3
33300;Mark 55;Mark 01;VELVETFRUIT_EXTRACT;XIREC;5271.0;4
34100;Mark 38;SUBMISSION;VEV_4000;XIREC;1277.0;1
35700;Mark 55;SUBMISSION;VELVETFRUIT_EXTRACT;XIREC;5269.0;2
35700;Mark 55;Mark 14;VELVETFRUIT_EXTRACT;XIREC;5270.0;1
35800;Mark 14;Mark 55;VELVETFRUIT_EXTRACT;XIREC;5264.0;7
35900;SUBMISSION;;HYDROGEL_PACK;XIREC;9996.0;3
36100;SUBMISSION;;HYDROGEL_PACK;XIREC;9997.0;2
36100;Mark 55;SUBMISSION;VELVETFRUIT_EXTRACT;XIREC;5270.0;2
36100;Mark 55;Mark 01;VELVETFRUIT_EXTRACT;XIREC;5271.0;2
37100;SUBMISSION;;HYDROGEL_PACK;XIREC;9997.0;2
37200;SUBMISSION;;HYDROGEL_PACK;XIREC;9996.0;4
37300;SUBMISSION;;HYDROGEL_PACK;XIREC;9996.0;4
37400;SUBMISSION;;HYDROGEL_PACK;XIREC;9993.0;9
37500;SUBMISSION;;HYDROGEL_PACK;XIREC;9993.0;9
37600;SUBMISSION;;HYDROGEL_PACK;XIREC;9992.0;11
37700;SUBMISSION;;HYDROGEL_PACK;XIREC;9992.0;11
37800;SUBMISSION;;HYDROGEL_PACK;XIREC;9994.0;1
37900;SUBMISSION;;HYDROGEL_PACK;XIREC;9992.0;11
38000;SUBMISSION;;HYDROGEL_PACK;XIREC;9994.0;7
38100;SUBMISSION;;HYDROGEL_PACK;XIREC;9992.0;11
38200;SUBMISSION;;HYDROGEL_PACK;XIREC;9992.0;11
38300;SUBMISSION;;HYDROGEL_PACK;XIREC;9995.0;5
38400;SUBMISSION;;HYDROGEL_PACK;XIREC;9993.0;9
38400;Mark 14;Mark 55;VELVETFRUIT_EXTRACT;XIREC;5265.0;8
38500;SUBMISSION;;HYDROGEL_PACK;XIREC;9991.0;13
38600;SUBMISSION;;HYDROGEL_PACK;XIREC;9993.0;9
38700;SUBMISSION;;HYDROGEL_PACK;XIREC;9995.0;5
38800;SUBMISSION;;HYDROGEL_PACK;XIREC;9994.0;7
38900;SUBMISSION;;HYDROGEL_PACK;XIREC;9993.0;9
39000;SUBMISSION;;HYDROGEL_PACK;XIREC;9995.0;6
39100;SUBMISSION;;HYDROGEL_PACK;XIREC;9996.0;4
39200;SUBMISSION;;HYDROGEL_PACK;XIREC;9995.0;6
39300;SUBMISSION;;HYDROGEL_PACK;XIREC;9996.0;4
39500;SUBMISSION;Mark 38;VEV_4000;XIREC;1259.0;2
40300;SUBMISSION;;HYDROGEL_PACK;XIREC;9997.0;2
40400;SUBMISSION;;HYDROGEL_PACK;XIREC;9996.0;4
40500;SUBMISSION;;HYDROGEL_PACK;XIREC;9995.0;6
40600;SUBMISSION;;HYDROGEL_PACK;XIREC;9996.0;4
40700;SUBMISSION;;HYDROGEL_PACK;XIREC;9997.0;2
40800;SUBMISSION;;HYDROGEL_PACK;XIREC;9997.0;2
40900;SUBMISSION;;HYDROGEL_PACK;XIREC;9996.0;4
41000;SUBMISSION;;HYDROGEL_PACK;XIREC;9995.0;3
41100;Mark 38;Mark 14;HYDROGEL_PACK;XIREC;9998.0;6
41600;SUBMISSION;;VEV_5100;XIREC;167.0;11
41600;SUBMISSION;;VEV_5100;XIREC;168.0;19
41700;Mark 55;SUBMISSION;VELVETFRUIT_EXTRACT;XIREC;5253.0;1
41700;Mark 55;Mark 01;VELVETFRUIT_EXTRACT;XIREC;5254.0;4
41900;SUBMISSION;;VEV_5100;XIREC;164.0;2
41900;SUBMISSION;;VEV_5100;XIREC;167.0;28
41900;SUBMISSION;;VEV_5200;XIREC;93.0;2
41900;SUBMISSION;;VEV_5200;XIREC;95.0;28
41900;SUBMISSION;;VEV_5300;XIREC;45.0;2
41900;SUBMISSION;;VEV_5300;XIREC;46.0;15
41900;SUBMISSION;Mark 22;VEV_5400;XIREC;13.0;2
41900;SUBMISSION;Mark 22;VEV_5500;XIREC;5.0;2
41900;SUBMISSION;Mark 22;VEV_6000;XIREC;0.0;2
41900;SUBMISSION;Mark 22;VEV_6500;XIREC;0.0;2
42000;SUBMISSION;Mark 55;VELVETFRUIT_EXTRACT;XIREC;5248.0;8
42000;SUBMISSION;;VEV_5100;XIREC;166.0;28
42000;SUBMISSION;;VEV_5200;XIREC;94.0;29
42600;SUBMISSION;;HYDROGEL_PACK;XIREC;9994.0;3
42900;SUBMISSION;;HYDROGEL_PACK;XIREC;9993.0;3
42900;SUBMISSION;Mark 22;VEV_5400;XIREC;14.0;4
42900;SUBMISSION;Mark 22;VEV_5500;XIREC;5.0;4
42900;SUBMISSION;Mark 22;VEV_6000;XIREC;0.0;4
42900;SUBMISSION;Mark 22;VEV_6500;XIREC;0.0;4
43000;Mark 01;Mark 55;VELVETFRUIT_EXTRACT;XIREC;5250.0;8
43900;SUBMISSION;;HYDROGEL_PACK;XIREC;9992.0;2
44000;SUBMISSION;Mark 38;HYDROGEL_PACK;XIREC;9979.0;4
44200;SUBMISSION;;HYDROGEL_PACK;XIREC;9984.0;6
44700;Mark 14;Mark 55;VELVETFRUIT_EXTRACT;XIREC;5255.0;8
44800;SUBMISSION;;HYDROGEL_PACK;XIREC;9983.0;2
44900;;SUBMISSION;VELVETFRUIT_EXTRACT;XIREC;5256.0;2
44900;Mark 67;Mark 49;VELVETFRUIT_EXTRACT;XIREC;5257.0;14
45100;SUBMISSION;Mark 22;VEV_5400;XIREC;15.0;5
45100;SUBMISSION;Mark 22;VEV_5500;XIREC;5.0;5
45100;SUBMISSION;Mark 22;VEV_6000;XIREC;0.0;5
45100;SUBMISSION;Mark 22;VEV_6500;XIREC;0.0;5
45100;Mark 38;Mark 14;HYDROGEL_PACK;XIREC;9991.0;3
45200;SUBMISSION;;HYDROGEL_PACK;XIREC;9981.0;3
46800;Mark 14;Mark 55;VELVETFRUIT_EXTRACT;XIREC;5256.0;8
47000;SUBMISSION;;HYDROGEL_PACK;XIREC;9982.0;6
47100;SUBMISSION;;HYDROGEL_PACK;XIREC;9981.0;2
47200;SUBMISSION;;HYDROGEL_PACK;XIREC;9979.0;4
47500;SUBMISSION;;HYDROGEL_PACK;XIREC;9973.0;8
48100;Mark 55;SUBMISSION;VELVETFRUIT_EXTRACT;XIREC;5260.0;2
48100;Mark 55;Mark 01;VELVETFRUIT_EXTRACT;XIREC;5261.0;5
48400;Mark 67;SUBMISSION;VELVETFRUIT_EXTRACT;XIREC;5257.0;2
48400;Mark 67;Mark 22;VELVETFRUIT_EXTRACT;XIREC;5258.0;3
49400;SUBMISSION;Mark 38;HYDROGEL_PACK;XIREC;9959.0;4
49800;Mark 38;Mark 14;HYDROGEL_PACK;XIREC;9960.0;3
50200;SUBMISSION;Mark 38;VEV_4000;XIREC;1254.0;3
52600;Mark 55;SUBMISSION;VELVETFRUIT_EXTRACT;XIREC;5262.0;1
52600;Mark 55;Mark 01;VELVETFRUIT_EXTRACT;XIREC;5263.0;7
52900;SUBMISSION;Mark 22;VEV_5500;XIREC;6.0;5
52900;SUBMISSION;Mark 22;VEV_6000;XIREC;0.0;5
52900;SUBMISSION;Mark 22;VEV_6500;XIREC;0.0;5
53200;Mark 55;SUBMISSION;VELVETFRUIT_EXTRACT;XIREC;5263.0;1
53200;Mark 55;Mark 01;VELVETFRUIT_EXTRACT;XIREC;5264.0;4
53600;Mark 01;Mark 55;VELVETFRUIT_EXTRACT;XIREC;5257.0;5
55800;;SUBMISSION;VELVETFRUIT_EXTRACT;XIREC;5253.0;1
56600;SUBMISSION;;VELVETFRUIT_EXTRACT;XIREC;5251.0;8
58000;SUBMISSION;;VEV_5200;XIREC;93.0;8
58000;SUBMISSION;;VEV_5200;XIREC;94.0;21
58300;Mark 38;Mark 14;HYDROGEL_PACK;XIREC;9963.0;6
58700;SUBMISSION;;VEV_5200;XIREC;92.0;24
58800;SUBMISSION;;VEV_5200;XIREC;91.0;29
58800;SUBMISSION;;VEV_5300;XIREC;43.0;25
58800;SUBMISSION;;VEV_5500;XIREC;5.0;25
58900;SUBMISSION;;VEV_5200;XIREC;90.0;30
58900;SUBMISSION;;VEV_5300;XIREC;43.0;25
58900;SUBMISSION;;VEV_5500;XIREC;5.0;25
59000;SUBMISSION;;VEV_5200;XIREC;90.0;8
59000;SUBMISSION;;VEV_5200;XIREC;91.0;20
59000;SUBMISSION;;VEV_5300;XIREC;43.0;16
59000;SUBMISSION;;VEV_5500;XIREC;5.0;10
59100;SUBMISSION;;VEV_5200;XIREC;90.0;24
59200;SUBMISSION;;VEV_5200;XIREC;89.0;6
59200;SUBMISSION;;VEV_5200;XIREC;90.0;22
59200;Mark 55;Mark 01;VELVETFRUIT_EXTRACT;XIREC;5244.0;8
59300;SUBMISSION;;VEV_5200;XIREC;90.0;8
59300;SUBMISSION;;VEV_5200;XIREC;91.0;22
59400;SUBMISSION;;VEV_5200;XIREC;90.0;14
60700;Mark 38;Mark 14;HYDROGEL_PACK;XIREC;9973.0;5
60800;SUBMISSION;;VEV_5100;XIREC;164.0;7
60900;SUBMISSION;;VEV_5100;XIREC;163.0;3
61000;SUBMISSION;;VEV_5100;XIREC;163.0;3
63800;Mark 38;SUBMISSION;VEV_4000;XIREC;1257.0;3
64300;Mark 01;Mark 55;VELVETFRUIT_EXTRACT;XIREC;5249.0;3
67600;Mark 55;SUBMISSION;VELVETFRUIT_EXTRACT;XIREC;5261.0;2
67600;Mark 55;Mark 01;VELVETFRUIT_EXTRACT;XIREC;5262.0;2
70000;Mark 01;Mark 55;VELVETFRUIT_EXTRACT;XIREC;5255.0;6
70400;Mark 55;SUBMISSION;VELVETFRUIT_EXTRACT;XIREC;5259.0;2
70400;Mark 55;Mark 14;VELVETFRUIT_EXTRACT;XIREC;5260.0;3
70900;Mark 38;Mark 14;HYDROGEL_PACK;XIREC;9994.0;2
71500;Mark 22;Mark 55;VELVETFRUIT_EXTRACT;XIREC;5251.0;4
71800;SUBMISSION;Mark 38;HYDROGEL_PACK;XIREC;9976.0;5
72700;Mark 38;Mark 14;HYDROGEL_PACK;XIREC;9988.0;3
73100;Mark 01;Mark 55;VELVETFRUIT_EXTRACT;XIREC;5256.0;7
73200;Mark 01;Mark 55;VELVETFRUIT_EXTRACT;XIREC;5254.0;5
75200;SUBMISSION;Mark 22;VEV_5300;XIREC;46.0;4
75200;SUBMISSION;Mark 22;VEV_5400;XIREC;14.0;4
75200;SUBMISSION;Mark 22;VEV_5500;XIREC;5.0;4
75200;SUBMISSION;Mark 22;VEV_6000;XIREC;0.0;4
75200;SUBMISSION;Mark 22;VEV_6500;XIREC;0.0;4
76700;Mark 55;SUBMISSION;VELVETFRUIT_EXTRACT;XIREC;5257.0;1
76700;Mark 55;Mark 01;VELVETFRUIT_EXTRACT;XIREC;5258.0;3
78700;SUBMISSION;Mark 38;HYDROGEL_PACK;XIREC;9940.0;3
79300;SUBMISSION;Mark 22;VEV_5300;XIREC;47.0;5
79300;SUBMISSION;Mark 22;VEV_5400;XIREC;14.0;5
79300;SUBMISSION;Mark 22;VEV_5500;XIREC;5.0;5
79300;SUBMISSION;Mark 22;VEV_6000;XIREC;0.0;5
79300;SUBMISSION;Mark 22;VEV_6500;XIREC;0.0;5
80800;Mark 38;SUBMISSION;VEV_4000;XIREC;1269.0;1
81500;;SUBMISSION;VEV_5000;XIREC;266.0;1
81700;;SUBMISSION;VEV_5000;XIREC;265.0;1
81900;;SUBMISSION;VEV_5000;XIREC;267.0;2
82000;;SUBMISSION;VEV_5000;XIREC;269.0;2
82100;Mark 55;SUBMISSION;VELVETFRUIT_EXTRACT;XIREC;5269.0;2
82100;Mark 55;Mark 22;VELVETFRUIT_EXTRACT;XIREC;5270.0;3
83000;Mark 55;SUBMISSION;VELVETFRUIT_EXTRACT;XIREC;5270.0;1
83000;Mark 55;Mark 01;VELVETFRUIT_EXTRACT;XIREC;5271.0;5
84100;Mark 55;SUBMISSION;VELVETFRUIT_EXTRACT;XIREC;5271.0;1
84100;Mark 55;Mark 01;VELVETFRUIT_EXTRACT;XIREC;5272.0;7
84200;;SUBMISSION;VEV_5000;XIREC;269.0;1
84400;Mark 55;Mark 14;VELVETFRUIT_EXTRACT;XIREC;5273.0;5
84500;;SUBMISSION;VEV_5000;XIREC;272.0;1
84800;Mark 55;Mark 14;VELVETFRUIT_EXTRACT;XIREC;5276.0;5
85500;Mark 38;Mark 14;HYDROGEL_PACK;XIREC;9954.0;2
85500;Mark 55;Mark 01;VELVETFRUIT_EXTRACT;XIREC;5273.0;8
90100;Mark 38;Mark 14;HYDROGEL_PACK;XIREC;9931.0;3
91700;Mark 38;Mark 14;HYDROGEL_PACK;XIREC;9929.0;2
91700;Mark 14;Mark 55;VELVETFRUIT_EXTRACT;XIREC;5264.0;8
92600;Mark 55;Mark 01;VELVETFRUIT_EXTRACT;XIREC;5271.0;4
95100;Mark 01;Mark 55;VELVETFRUIT_EXTRACT;XIREC;5262.0;8
97200;Mark 55;Mark 14;VELVETFRUIT_EXTRACT;XIREC;5265.0;7
97400;Mark 01;Mark 55;VELVETFRUIT_EXTRACT;XIREC;5258.0;5
97600;SUBMISSION;Mark 38;HYDROGEL_PACK;XIREC;9938.0;2
98600;SUBMISSION;Mark 38;VEV_4000;XIREC;1260.0;1
101800;Mark 38;Mark 14;HYDROGEL_PACK;XIREC;9984.0;3
102400;Mark 38;Mark 14;HYDROGEL_PACK;XIREC;9984.0;3
102600;SUBMISSION;Mark 22;VEV_5400;XIREC;16.0;2
102600;SUBMISSION;Mark 22;VEV_5500;XIREC;6.0;2
102600;SUBMISSION;Mark 22;VEV_6000;XIREC;0.0;2
102600;SUBMISSION;Mark 22;VEV_6500;XIREC;0.0;2
103300;SUBMISSION;Mark 38;VEV_4000;XIREC;1259.0;1
103500;Mark 01;Mark 55;VELVETFRUIT_EXTRACT;XIREC;5263.0;8
103700;SUBMISSION;Mark 38;VEV_4000;XIREC;1259.0;3
104500;Mark 38;Mark 14;HYDROGEL_PACK;XIREC;9984.0;2
105500;SUBMISSION;Mark 22;VEV_5300;XIREC;47.0;5
105500;SUBMISSION;Mark 22;VEV_5500;XIREC;5.0;5
105500;SUBMISSION;Mark 22;VEV_6000;XIREC;0.0;5
105500;SUBMISSION;Mark 22;VEV_6500;XIREC;0.0;5
106300;Mark 55;Mark 14;VELVETFRUIT_EXTRACT;XIREC;5262.0;7
108800;Mark 55;Mark 14;VELVETFRUIT_EXTRACT;XIREC;5263.0;3
109100;SUBMISSION;Mark 38;VEV_4000;XIREC;1259.0;1
109400;Mark 55;Mark 01;VELVETFRUIT_EXTRACT;XIREC;5266.0;6
109600;Mark 38;Mark 14;HYDROGEL_PACK;XIREC;9990.0;6
109800;Mark 55;Mark 14;VELVETFRUIT_EXTRACT;XIREC;5267.0;3
110500;Mark 55;Mark 14;VELVETFRUIT_EXTRACT;XIREC;5262.0;8
111300;Mark 55;Mark 01;VELVETFRUIT_EXTRACT;XIREC;5263.0;7
111900;SUBMISSION;Mark 38;VEV_4000;XIREC;1257.0;2
112600;Mark 67;Mark 49;VELVETFRUIT_EXTRACT;XIREC;5257.0;10
114500;Mark 38;Mark 14;HYDROGEL_PACK;XIREC;9994.0;5
114700;Mark 38;SUBMISSION;VEV_4000;XIREC;1264.0;2
116800;Mark 38;SUBMISSION;VEV_4000;XIREC;1263.0;2
118100;Mark 55;Mark 01;VELVETFRUIT_EXTRACT;XIREC;5260.0;3
119400;SUBMISSION;;VELVETFRUIT_EXTRACT;XIREC;5251.0;24
122900;Mark 01;Mark 55;VELVETFRUIT_EXTRACT;XIREC;5258.0;8
124900;Mark 38;SUBMISSION;HYDROGEL_PACK;XIREC;10021.0;3
126800;Mark 38;SUBMISSION;HYDROGEL_PACK;XIREC;10014.0;2
129300;Mark 22;SUBMISSION;VELVETFRUIT_EXTRACT;XIREC;5254.0;6
129300;Mark 22;Mark 49;VELVETFRUIT_EXTRACT;XIREC;5255.0;2
129300;Mark 67;Mark 49;VELVETFRUIT_EXTRACT;XIREC;5255.0;5
129400;Mark 38;SUBMISSION;HYDROGEL_PACK;XIREC;10008.0;4
129600;Mark 14;Mark 55;VELVETFRUIT_EXTRACT;XIREC;5255.0;6
129700;SUBMISSION;Mark 22;VEV_5300;XIREC;46.0;4
129700;SUBMISSION;Mark 22;VEV_5400;XIREC;14.0;4
129700;SUBMISSION;Mark 22;VEV_5500;XIREC;5.0;4
129700;SUBMISSION;Mark 22;VEV_6000;XIREC;0.0;4
129700;SUBMISSION;Mark 22;VEV_6500;XIREC;0.0;4
130100;Mark 55;SUBMISSION;VELVETFRUIT_EXTRACT;XIREC;5255.0;4
130100;Mark 55;Mark 14;VELVETFRUIT_EXTRACT;XIREC;5256.0;1
130300;Mark 14;Mark 55;VELVETFRUIT_EXTRACT;XIREC;5252.0;6
133000;Mark 55;SUBMISSION;VELVETFRUIT_EXTRACT;XIREC;5259.0;4
133000;Mark 55;Mark 01;VELVETFRUIT_EXTRACT;XIREC;5260.0;3
134300;;SUBMISSION;VELVETFRUIT_EXTRACT;XIREC;5254.0;2
134300;Mark 67;Mark 49;VELVETFRUIT_EXTRACT;XIREC;5255.0;9
135500;Mark 55;SUBMISSION;VELVETFRUIT_EXTRACT;XIREC;5258.0;2
135500;Mark 55;Mark 01;VELVETFRUIT_EXTRACT;XIREC;5259.0;5
137000;Mark 14;Mark 38;HYDROGEL_PACK;XIREC;10007.0;3
137300;;SUBMISSION;HYDROGEL_PACK;XIREC;10012.0;1
137400;;SUBMISSION;HYDROGEL_PACK;XIREC;10013.0;2
137500;;SUBMISSION;HYDROGEL_PACK;XIREC;10012.0;1
137600;;SUBMISSION;HYDROGEL_PACK;XIREC;10015.0;5
137700;;SUBMISSION;HYDROGEL_PACK;XIREC;10013.0;2
137800;;SUBMISSION;HYDROGEL_PACK;XIREC;10012.0;1
138000;;SUBMISSION;HYDROGEL_PACK;XIREC;10014.0;3
138100;;SUBMISSION;HYDROGEL_PACK;XIREC;10014.0;3
138200;;SUBMISSION;HYDROGEL_PACK;XIREC;10016.0;6
138300;;SUBMISSION;HYDROGEL_PACK;XIREC;10014.0;4
138400;;SUBMISSION;VELVETFRUIT_EXTRACT;XIREC;5255.0;2
138600;;SUBMISSION;HYDROGEL_PACK;XIREC;10013.0;2
138700;;SUBMISSION;HYDROGEL_PACK;XIREC;10013.0;2
138700;Mark 55;SUBMISSION;VELVETFRUIT_EXTRACT;XIREC;5261.0;1
138700;Mark 55;Mark 01;VELVETFRUIT_EXTRACT;XIREC;5262.0;2
138800;;SUBMISSION;HYDROGEL_PACK;XIREC;10015.0;5
138900;;SUBMISSION;HYDROGEL_PACK;XIREC;10015.0;5
139000;;SUBMISSION;HYDROGEL_PACK;XIREC;10017.0;7
139100;;SUBMISSION;HYDROGEL_PACK;XIREC;10014.0;4
139200;;SUBMISSION;HYDROGEL_PACK;XIREC;10013.0;2
139300;;SUBMISSION;HYDROGEL_PACK;XIREC;10013.0;2
140400;;SUBMISSION;HYDROGEL_PACK;XIREC;10012.0;2
140500;Mark 55;SUBMISSION;VELVETFRUIT_EXTRACT;XIREC;5256.0;1
140500;Mark 55;Mark 22;VELVETFRUIT_EXTRACT;XIREC;5257.0;5
140700;;SUBMISSION;HYDROGEL_PACK;XIREC;10013.0;3
140900;;SUBMISSION;HYDROGEL_PACK;XIREC;10013.0;3
140900;SUBMISSION;Mark 38;VEV_4000;XIREC;1251.0;1
141000;;SUBMISSION;HYDROGEL_PACK;XIREC;10013.0;3
141100;;SUBMISSION;HYDROGEL_PACK;XIREC;10014.0;4
141200;;SUBMISSION;HYDROGEL_PACK;XIREC;10015.0;6
141300;;SUBMISSION;HYDROGEL_PACK;XIREC;10016.0;7
141400;;SUBMISSION;HYDROGEL_PACK;XIREC;10016.0;7
141500;;SUBMISSION;HYDROGEL_PACK;XIREC;10020.0;12
141600;;SUBMISSION;HYDROGEL_PACK;XIREC;10020.0;12
141700;;SUBMISSION;HYDROGEL_PACK;XIREC;10021.0;13
141800;;SUBMISSION;HYDROGEL_PACK;XIREC;10017.0;8
141900;;SUBMISSION;HYDROGEL_PACK;XIREC;10015.0;6
142000;;SUBMISSION;HYDROGEL_PACK;XIREC;10014.0;4
142100;;SUBMISSION;HYDROGEL_PACK;XIREC;10011.0;1
142200;;SUBMISSION;HYDROGEL_PACK;XIREC;10011.0;1
142300;;SUBMISSION;HYDROGEL_PACK;XIREC;10011.0;1
142300;Mark 55;SUBMISSION;VELVETFRUIT_EXTRACT;XIREC;5258.0;1
142300;Mark 55;Mark 14;VELVETFRUIT_EXTRACT;XIREC;5259.0;5
142400;;SUBMISSION;HYDROGEL_PACK;XIREC;10013.0;3
142500;;SUBMISSION;HYDROGEL_PACK;XIREC;10013.0;4
143100;;SUBMISSION;HYDROGEL_PACK;XIREC;10011.0;1
143100;Mark 55;SUBMISSION;VELVETFRUIT_EXTRACT;XIREC;5260.0;1
143100;Mark 55;Mark 01;VELVETFRUIT_EXTRACT;XIREC;5261.0;6
143800;SUBMISSION;Mark 38;HYDROGEL_PACK;XIREC;9997.0;5
144300;Mark 55;Mark 01;VELVETFRUIT_EXTRACT;XIREC;5266.0;6
144400;SUBMISSION;Mark 38;VEV_4000;XIREC;1258.0;1
145100;Mark 38;SUBMISSION;HYDROGEL_PACK;XIREC;10011.0;5
145400;SUBMISSION;Mark 38;HYDROGEL_PACK;XIREC;9996.0;2
145800;SUBMISSION;Mark 38;VEV_4000;XIREC;1262.0;1
147200;Mark 01;Mark 55;VELVETFRUIT_EXTRACT;XIREC;5259.0;8
148100;;SUBMISSION;HYDROGEL_PACK;XIREC;10010.0;2
148700;;SUBMISSION;HYDROGEL_PACK;XIREC;10011.0;4
148800;;SUBMISSION;HYDROGEL_PACK;XIREC;10012.0;5
148900;;SUBMISSION;HYDROGEL_PACK;XIREC;10012.0;6
149000;;SUBMISSION;HYDROGEL_PACK;XIREC;10012.0;5
149200;;SUBMISSION;HYDROGEL_PACK;XIREC;10013.0;7
149300;;SUBMISSION;HYDROGEL_PACK;XIREC;10012.0;5
149400;;SUBMISSION;HYDROGEL_PACK;XIREC;10009.0;1
149500;;SUBMISSION;HYDROGEL_PACK;XIREC;10009.0;1
149600;;SUBMISSION;HYDROGEL_PACK;XIREC;10009.0;1
149700;;SUBMISSION;HYDROGEL_PACK;XIREC;10010.0;2
149800;;SUBMISSION;HYDROGEL_PACK;XIREC;10009.0;1
149900;Mark 14;Mark 38;HYDROGEL_PACK;XIREC;10007.0;3
150200;;SUBMISSION;HYDROGEL_PACK;XIREC;10010.0;3
150300;;SUBMISSION;HYDROGEL_PACK;XIREC;10013.0;7
150400;;SUBMISSION;HYDROGEL_PACK;XIREC;10016.0;12
150400;Mark 38;SUBMISSION;VEV_4000;XIREC;1273.0;1
150500;;SUBMISSION;HYDROGEL_PACK;XIREC;10012.0;6
150600;;SUBMISSION;HYDROGEL_PACK;XIREC;10012.0;6
150600;Mark 38;SUBMISSION;HYDROGEL_PACK;XIREC;10027.0;4
150700;;SUBMISSION;HYDROGEL_PACK;XIREC;10011.0;4
150800;;SUBMISSION;HYDROGEL_PACK;XIREC;10010.0;3
150900;;SUBMISSION;HYDROGEL_PACK;XIREC;10014.0;9
151000;;SUBMISSION;HYDROGEL_PACK;XIREC;10016.0;11
151000;;SUBMISSION;HYDROGEL_PACK;XIREC;10013.0;1
151100;;SUBMISSION;HYDROGEL_PACK;XIREC;10014.0;3
151400;Mark 14;Mark 38;HYDROGEL_PACK;XIREC;10014.0;3
151600;Mark 14;Mark 38;HYDROGEL_PACK;XIREC;10014.0;6
151900;;SUBMISSION;HYDROGEL_PACK;XIREC;10015.0;2
153100;Mark 38;SUBMISSION;VEV_4000;XIREC;1279.0;3
153200;Mark 14;Mark 38;HYDROGEL_PACK;XIREC;10008.0;5
154300;Mark 55;Mark 01;VELVETFRUIT_EXTRACT;XIREC;5275.0;6
155100;Mark 55;Mark 01;VELVETFRUIT_EXTRACT;XIREC;5277.0;8
155300;Mark 55;Mark 14;VELVETFRUIT_EXTRACT;XIREC;5277.0;3
155700;Mark 55;Mark 14;VELVETFRUIT_EXTRACT;XIREC;5277.0;4
155800;Mark 14;Mark 55;VELVETFRUIT_EXTRACT;XIREC;5274.0;7
155900;Mark 38;SUBMISSION;VEV_4000;XIREC;1280.0;2
156200;Mark 67;Mark 49;VELVETFRUIT_EXTRACT;XIREC;5275.0;14
156400;;SUBMISSION;HYDROGEL_PACK;XIREC;10014.0;1
157000;Mark 38;SUBMISSION;HYDROGEL_PACK;XIREC;10023.0;4
157400;Mark 67;Mark 49;VELVETFRUIT_EXTRACT;XIREC;5272.0;13
160000;;SUBMISSION;HYDROGEL_PACK;XIREC;10019.0;8
160400;;SUBMISSION;HYDROGEL_PACK;XIREC;10021.0;4
160500;;SUBMISSION;HYDROGEL_PACK;XIREC;10022.0;2
161100;Mark 38;SUBMISSION;HYDROGEL_PACK;XIREC;10027.0;4
164000;;SUBMISSION;VEV_5100;XIREC;187.0;26
164000;;SUBMISSION;VEV_5200;XIREC;111.0;26
164100;;SUBMISSION;VEV_5100;XIREC;187.0;30
164100;;SUBMISSION;VEV_5200;XIREC;111.0;30
164100;Mark 55;Mark 14;VELVETFRUIT_EXTRACT;XIREC;5282.0;5
164200;;SUBMISSION;VEV_5100;XIREC;188.0;12
164200;;SUBMISSION;VEV_5100;XIREC;187.0;12
164200;;SUBMISSION;VEV_5200;XIREC;111.0;24
164200;Mark 14;Mark 55;VELVETFRUIT_EXTRACT;XIREC;5278.0;7
164300;;SUBMISSION;VEV_5100;XIREC;189.0;7
164300;;SUBMISSION;VEV_5100;XIREC;188.0;16
164300;;SUBMISSION;VEV_5200;XIREC;112.0;23
164400;;SUBMISSION;VEV_5100;XIREC;188.0;23
164400;;SUBMISSION;VEV_5200;XIREC;111.0;23
164500;;SUBMISSION;VEV_5100;XIREC;188.0;30
164500;;SUBMISSION;VEV_5200;XIREC;112.0;10
164500;;SUBMISSION;VEV_5200;XIREC;111.0;20
164600;;SUBMISSION;VEV_5100;XIREC;189.0;20
164600;;SUBMISSION;VEV_5200;XIREC;112.0;20
164600;;SUBMISSION;VEV_5300;XIREC;57.0;6
164600;;SUBMISSION;VEV_5300;XIREC;56.0;13
164600;Mark 14;Mark 38;HYDROGEL_PACK;XIREC;10023.0;6
164700;;SUBMISSION;VEV_5100;XIREC;188.0;11
164700;;SUBMISSION;VEV_5100;XIREC;187.0;2
164700;;SUBMISSION;VEV_5200;XIREC;111.0;30
164800;;SUBMISSION;VEV_5200;XIREC;111.0;25
164900;;SUBMISSION;VEV_5200;XIREC;111.0;25
165700;Mark 67;Mark 22;VELVETFRUIT_EXTRACT;XIREC;5273.0;10
166700;Mark 38;SUBMISSION;VEV_4000;XIREC;1278.0;3
169000;;SUBMISSION;HYDROGEL_PACK;XIREC;10012.0;3
169000;Mark 38;SUBMISSION;HYDROGEL_PACK;XIREC;10027.0;2
169000;SUBMISSION;Mark 22;VEV_5300;XIREC;52.0;3
169000;SUBMISSION;Mark 22;VEV_5400;XIREC;16.0;3
169000;SUBMISSION;Mark 22;VEV_5500;XIREC;6.0;3
169000;SUBMISSION;Mark 22;VEV_6000;XIREC;0.0;3
169000;SUBMISSION;Mark 22;VEV_6500;XIREC;0.0;3
169200;Mark 38;SUBMISSION;HYDROGEL_PACK;XIREC;10024.0;5
169200;SUBMISSION;Mark 38;VEV_4000;XIREC;1266.0;3
169900;Mark 14;Mark 55;VELVETFRUIT_EXTRACT;XIREC;5267.0;3
170100;Mark 38;SUBMISSION;HYDROGEL_PACK;XIREC;10019.0;4
170500;Mark 55;Mark 14;VELVETFRUIT_EXTRACT;XIREC;5272.0;7
171500;Mark 14;Mark 55;VELVETFRUIT_EXTRACT;XIREC;5271.0;7
171800;SUBMISSION;Mark 22;VEV_5400;XIREC;17.0;5
171800;SUBMISSION;Mark 22;VEV_5500;XIREC;7.0;5
171800;SUBMISSION;Mark 22;VEV_6000;XIREC;0.0;5
171800;SUBMISSION;Mark 22;VEV_6500;XIREC;0.0;5
172600;Mark 55;Mark 01;VELVETFRUIT_EXTRACT;XIREC;5276.0;8
174000;Mark 55;Mark 14;VELVETFRUIT_EXTRACT;XIREC;5278.0;6
175000;Mark 55;Mark 01;VELVETFRUIT_EXTRACT;XIREC;5279.0;4
176800;;SUBMISSION;VEV_5200;XIREC;111.0;18
176900;;SUBMISSION;VEV_5200;XIREC;111.0;21
177100;Mark 14;Mark 38;HYDROGEL_PACK;XIREC;10011.0;3
178100;Mark 14;Mark 38;HYDROGEL_PACK;XIREC;10007.0;3
178200;Mark 01;Mark 55;VELVETFRUIT_EXTRACT;XIREC;5272.0;3
179100;Mark 55;Mark 01;VELVETFRUIT_EXTRACT;XIREC;5275.0;8
181600;SUBMISSION;Mark 38;HYDROGEL_PACK;XIREC;9997.0;5
185500;Mark 55;Mark 14;VELVETFRUIT_EXTRACT;XIREC;5262.0;5
188200;Mark 01;Mark 55;VELVETFRUIT_EXTRACT;XIREC;5255.0;3
188500;SUBMISSION;;HYDROGEL_PACK;XIREC;9999.0;2
188600;SUBMISSION;;HYDROGEL_PACK;XIREC;9994.0;13
188700;SUBMISSION;;HYDROGEL_PACK;XIREC;9992.0;14
188700;SUBMISSION;;HYDROGEL_PACK;XIREC;9995.0;3
188800;SUBMISSION;;HYDROGEL_PACK;XIREC;9990.0;11
188800;SUBMISSION;;HYDROGEL_PACK;XIREC;9992.0;11
188900;SUBMISSION;;HYDROGEL_PACK;XIREC;9988.0;10
188900;SUBMISSION;;HYDROGEL_PACK;XIREC;9991.0;16
189000;SUBMISSION;;HYDROGEL_PACK;XIREC;9990.0;10
189000;SUBMISSION;;HYDROGEL_PACK;XIREC;9993.0;11
189100;SUBMISSION;;HYDROGEL_PACK;XIREC;9989.0;13
189100;SUBMISSION;;HYDROGEL_PACK;XIREC;9992.0;10
189100;SUBMISSION;Mark 22;VEV_5300;XIREC;47.0;4
189100;SUBMISSION;Mark 22;VEV_5400;XIREC;14.0;4
189100;SUBMISSION;Mark 22;VEV_5500;XIREC;6.0;4
189100;SUBMISSION;Mark 22;VEV_6000;XIREC;0.0;4
189100;SUBMISSION;Mark 22;VEV_6500;XIREC;0.0;4
189200;SUBMISSION;;HYDROGEL_PACK;XIREC;9991.0;11
189200;SUBMISSION;;HYDROGEL_PACK;XIREC;9994.0;8
189300;SUBMISSION;;HYDROGEL_PACK;XIREC;9991.0;11
189300;SUBMISSION;;HYDROGEL_PACK;XIREC;9994.0;8
189400;SUBMISSION;;HYDROGEL_PACK;XIREC;9990.0;10
189400;SUBMISSION;;HYDROGEL_PACK;XIREC;9992.0;11
189500;SUBMISSION;;HYDROGEL_PACK;XIREC;9988.0;15
189500;SUBMISSION;;HYDROGEL_PACK;XIREC;9990.0;10
189600;SUBMISSION;;HYDROGEL_PACK;XIREC;9987.0;12
189600;SUBMISSION;;HYDROGEL_PACK;XIREC;9989.0;15
189700;SUBMISSION;;HYDROGEL_PACK;XIREC;9976.0;5
189700;SUBMISSION;;HYDROGEL_PACK;XIREC;9984.0;12
189700;SUBMISSION;;HYDROGEL_PACK;XIREC;9987.0;23
189700;Mark 01;Mark 55;VELVETFRUIT_EXTRACT;XIREC;5257.0;6
189800;SUBMISSION;;HYDROGEL_PACK;XIREC;9984.0;9
190000;SUBMISSION;;HYDROGEL_PACK;XIREC;9982.0;5
190100;SUBMISSION;;HYDROGEL_PACK;XIREC;9981.0;1
190300;SUBMISSION;;HYDROGEL_PACK;XIREC;9979.0;4
190900;Mark 38;SUBMISSION;VEV_4000;XIREC;1265.0;1
192700;SUBMISSION;Mark 38;VEV_4000;XIREC;1258.0;2
193400;Mark 38;Mark 14;HYDROGEL_PACK;XIREC;9993.0;4
194700;Mark 67;Mark 22;VELVETFRUIT_EXTRACT;XIREC;5262.0;10
194900;Mark 01;Mark 55;VELVETFRUIT_EXTRACT;XIREC;5257.0;6
195200;Mark 38;SUBMISSION;VEV_4000;XIREC;1265.0;2
195500;Mark 55;Mark 14;VELVETFRUIT_EXTRACT;XIREC;5264.0;6
195600;SUBMISSION;Mark 38;HYDROGEL_PACK;XIREC;9973.0;5
196700;Mark 14;Mark 55;VELVETFRUIT_EXTRACT;XIREC;5261.0;6
196800;SUBMISSION;Mark 38;VEV_4000;XIREC;1258.0;2
199400;Mark 67;Mark 49;VELVETFRUIT_EXTRACT;XIREC;5262.0;8
200400;SUBMISSION;Mark 38;VEV_4000;XIREC;1257.0;1
201300;Mark 22;Mark 55;VELVETFRUIT_EXTRACT;XIREC;5259.0;6
201500;SUBMISSION;Mark 38;VEV_4000;XIREC;1253.0;1
202300;SUBMISSION;Mark 38;VEV_4000;XIREC;1254.0;1
203500;Mark 55;Mark 01;VELVETFRUIT_EXTRACT;XIREC;5263.0;4
204400;SUBMISSION;Mark 22;VEV_5300;XIREC;47.0;5
204400;SUBMISSION;Mark 22;VEV_5400;XIREC;14.0;5
204400;SUBMISSION;Mark 22;VEV_5500;XIREC;6.0;5
204400;SUBMISSION;Mark 22;VEV_6000;XIREC;0.0;5
204400;SUBMISSION;Mark 22;VEV_6500;XIREC;0.0;5
205000;Mark 49;Mark 22;VELVETFRUIT_EXTRACT;XIREC;5263.0;5
206000;Mark 55;Mark 01;VELVETFRUIT_EXTRACT;XIREC;5268.0;6
206200;Mark 38;Mark 14;HYDROGEL_PACK;XIREC;9992.0;3
206600;SUBMISSION;Mark 38;HYDROGEL_PACK;XIREC;9977.0;3
206700;SUBMISSION;Mark 38;HYDROGEL_PACK;XIREC;9982.0;5
207000;Mark 67;Mark 49;VELVETFRUIT_EXTRACT;XIREC;5268.0;15
209400;Mark 01;Mark 55;VELVETFRUIT_EXTRACT;XIREC;5265.0;4
211400;Mark 01;Mark 55;VELVETFRUIT_EXTRACT;XIREC;5264.0;7
212100;SUBMISSION;Mark 38;VEV_4000;XIREC;1262.0;2
212100;Mark 55;Mark 01;VELVETFRUIT_EXTRACT;XIREC;5271.0;4
212200;Mark 55;Mark 22;VELVETFRUIT_EXTRACT;XIREC;5267.0;5
212900;Mark 14;Mark 55;VELVETFRUIT_EXTRACT;XIREC;5266.0;5
217200;Mark 14;Mark 55;VELVETFRUIT_EXTRACT;XIREC;5262.0;4
217800;Mark 01;Mark 55;VELVETFRUIT_EXTRACT;XIREC;5260.0;6
219200;SUBMISSION;Mark 38;HYDROGEL_PACK;XIREC;9955.0;4
220600;Mark 14;Mark 55;VELVETFRUIT_EXTRACT;XIREC;5260.0;4
220800;Mark 55;Mark 14;VELVETFRUIT_EXTRACT;XIREC;5265.0;6
221200;Mark 38;Mark 14;HYDROGEL_PACK;XIREC;9963.0;6
224300;Mark 38;Mark 14;HYDROGEL_PACK;XIREC;9942.0;4
225500;SUBMISSION;Mark 22;VEV_5300;XIREC;50.0;5
225500;SUBMISSION;Mark 22;VEV_5400;XIREC;16.0;5
225500;SUBMISSION;Mark 22;VEV_5500;XIREC;6.0;5
225500;SUBMISSION;Mark 22;VEV_6000;XIREC;0.0;5
225500;SUBMISSION;Mark 22;VEV_6500;XIREC;0.0;5
229400;Mark 14;Mark 55;VELVETFRUIT_EXTRACT;XIREC;5260.0;7
231600;Mark 14;Mark 55;VELVETFRUIT_EXTRACT;XIREC;5262.0;5
231900;Mark 38;SUBMISSION;VEV_4000;XIREC;1270.0;2
232000;Mark 55;Mark 01;VELVETFRUIT_EXTRACT;XIREC;5267.0;8
233000;Mark 38;Mark 14;HYDROGEL_PACK;XIREC;9927.0;3
235700;SUBMISSION;Mark 38;HYDROGEL_PACK;XIREC;9907.0;6
237400;Mark 55;Mark 01;VELVETFRUIT_EXTRACT;XIREC;5273.0;6
237600;Mark 67;Mark 49;VELVETFRUIT_EXTRACT;XIREC;5271.0;8
237700;Mark 55;Mark 14;VELVETFRUIT_EXTRACT;XIREC;5273.0;8
238900;SUBMISSION;Mark 38;HYDROGEL_PACK;XIREC;9911.0;4
239300;SUBMISSION;Mark 38;HYDROGEL_PACK;XIREC;9910.0;2
239400;SUBMISSION;Mark 38;HYDROGEL_PACK;XIREC;9911.0;4
239400;SUBMISSION;Mark 22;VEV_5400;XIREC;15.0;2
239400;SUBMISSION;Mark 22;VEV_5500;XIREC;6.0;2
239400;SUBMISSION;Mark 22;VEV_6000;XIREC;0.0;2
239400;SUBMISSION;Mark 22;VEV_6500;XIREC;0.0;2
239800;Mark 38;Mark 14;HYDROGEL_PACK;XIREC;9925.0;5
242100;Mark 55;Mark 14;VELVETFRUIT_EXTRACT;XIREC;5276.0;8
243500;Mark 55;Mark 14;VELVETFRUIT_EXTRACT;XIREC;5274.0;4
243800;SUBMISSION;Mark 38;HYDROGEL_PACK;XIREC;9920.0;4
244900;Mark 55;Mark 14;VELVETFRUIT_EXTRACT;XIREC;5276.0;4
249400;Mark 38;SUBMISSION;VEV_4000;XIREC;1281.0;3
249800;SUBMISSION;Mark 38;VEV_4000;XIREC;1272.0;2
253000;SUBMISSION;Mark 22;VEV_5400;XIREC;16.0;3
253000;SUBMISSION;Mark 22;VEV_5500;XIREC;6.0;3
253000;SUBMISSION;Mark 22;VEV_6000;XIREC;0.0;3
253000;SUBMISSION;Mark 22;VEV_6500;XIREC;0.0;3
254300;Mark 38;Mark 14;HYDROGEL_PACK;XIREC;9951.0;2
256200;SUBMISSION;Mark 38;HYDROGEL_PACK;XIREC;9928.0;4
256200;Mark 14;Mark 38;HYDROGEL_PACK;XIREC;9927.0;1
258000;Mark 67;Mark 49;VELVETFRUIT_EXTRACT;XIREC;5271.0;15
258900;Mark 38;Mark 14;HYDROGEL_PACK;XIREC;9928.0;2
259500;Mark 01;Mark 55;VELVETFRUIT_EXTRACT;XIREC;5273.0;4
261600;;SUBMISSION;VEV_5500;XIREC;8.0;23
261700;;SUBMISSION;VEV_5500;XIREC;8.0;27
261900;;SUBMISSION;VEV_5500;XIREC;8.0;20
262000;;SUBMISSION;VEV_5200;XIREC;112.0;11
262000;;SUBMISSION;VEV_5200;XIREC;111.0;19
262000;;SUBMISSION;VEV_5500;XIREC;8.0;20
262100;;SUBMISSION;VEV_5200;XIREC;112.0;30
262100;;SUBMISSION;VEV_5500;XIREC;8.0;19
262200;;SUBMISSION;VEV_5200;XIREC;112.0;9
262200;;SUBMISSION;VEV_5200;XIREC;111.0;21
262300;;SUBMISSION;VEV_5200;XIREC;113.0;11
262300;;SUBMISSION;VEV_5200;XIREC;112.0;19
262400;;SUBMISSION;VEV_5200;XIREC;112.0;12
262400;;SUBMISSION;VEV_5200;XIREC;111.0;18
263800;;SUBMISSION;VEV_5200;XIREC;112.0;30
263900;;SUBMISSION;VEV_5200;XIREC;112.0;24
263900;Mark 14;Mark 55;VELVETFRUIT_EXTRACT;XIREC;5281.0;4
264000;;SUBMISSION;VEV_5200;XIREC;112.0;30
264100;;SUBMISSION;VEV_5200;XIREC;113.0;26
264200;;SUBMISSION;VEV_5200;XIREC;115.0;8
264200;;SUBMISSION;VEV_5200;XIREC;114.0;17
264200;;SUBMISSION;VEV_5300;XIREC;57.0;19
264200;Mark 38;Mark 14;HYDROGEL_PACK;XIREC;9927.0;6
264300;;SUBMISSION;VEV_5200;XIREC;114.0;10
264300;;SUBMISSION;VEV_5300;XIREC;57.0;22
264400;;SUBMISSION;VEV_5300;XIREC;58.0;8
264400;;SUBMISSION;VEV_5300;XIREC;57.0;11
264600;;SUBMISSION;VEV_5300;XIREC;57.0;30
264700;SUBMISSION;Mark 38;HYDROGEL_PACK;XIREC;9908.0;2
264700;;SUBMISSION;VEV_5300;XIREC;57.0;24
264900;;SUBMISSION;VEV_5300;XIREC;57.0;21
265000;;SUBMISSION;VEV_5300;XIREC;58.0;23
265100;;SUBMISSION;VEV_5300;XIREC;58.0;20
265100;;SUBMISSION;VEV_5500;XIREC;8.0;20
265100;Mark 01;Mark 55;VELVETFRUIT_EXTRACT;XIREC;5285.0;6
265200;SUBMISSION;Mark 38;HYDROGEL_PACK;XIREC;9910.0;2
265200;;SUBMISSION;VEV_5300;XIREC;58.0;14
265200;;SUBMISSION;VEV_5500;XIREC;8.0;19
265200;Mark 14;Mark 38;HYDROGEL_PACK;XIREC;9909.0;3
265300;;SUBMISSION;VEV_5500;XIREC;8.0;25
265400;;SUBMISSION;VEV_5500;XIREC;8.0;27
265500;;SUBMISSION;VEV_4000;XIREC;1287.0;3
265500;;SUBMISSION;VEV_4000;XIREC;1277.0;14
265500;;SUBMISSION;VEV_4000;XIREC;1274.0;13
265500;;SUBMISSION;VEV_4500;XIREC;787.0;3
265500;;SUBMISSION;VEV_4500;XIREC;779.0;8
265500;;SUBMISSION;VEV_4500;XIREC;777.0;19
265500;;SUBMISSION;VEV_5400;XIREC;21.0;3
265500;;SUBMISSION;VEV_5400;XIREC;20.0;23
265500;;SUBMISSION;VEV_5500;XIREC;8.0;23
265500;Mark 14;Mark 55;VELVETFRUIT_EXTRACT;XIREC;5285.0;6
265700;;SUBMISSION;VEV_4000;XIREC;1286.0;4
265700;;SUBMISSION;VEV_4000;XIREC;1276.0;8
265700;;SUBMISSION;VEV_4000;XIREC;1274.0;18
265700;;SUBMISSION;VEV_4500;XIREC;786.0;4
265700;;SUBMISSION;VEV_4500;XIREC;779.0;10
265700;;SUBMISSION;VEV_4500;XIREC;777.0;16
266000;;SUBMISSION;VEV_5400;XIREC;21.0;24
266200;;SUBMISSION;VEV_5400;XIREC;21.0;10
266200;;SUBMISSION;VEV_5400;XIREC;20.0;20
266300;;SUBMISSION;VEV_5400;XIREC;21.0;18
266400;;SUBMISSION;VEV_4000;XIREC;1279.0;8
266400;;SUBMISSION;VEV_4000;XIREC;1277.0;22
266400;;SUBMISSION;VEV_4500;XIREC;782.0;9
266400;;SUBMISSION;VEV_4500;XIREC;780.0;16
266400;;SUBMISSION;VEV_5400;XIREC;21.0;22
266500;;SUBMISSION;VEV_5400;XIREC;21.0;23
266700;;SUBMISSION;VEV_4000;XIREC;1286.0;2
266700;;SUBMISSION;VEV_4000;XIREC;1276.0;15
266700;;SUBMISSION;VEV_4000;XIREC;1273.0;13
266700;;SUBMISSION;VEV_4500;XIREC;786.0;2
266700;;SUBMISSION;VEV_4500;XIREC;778.0;8
266700;;SUBMISSION;VEV_4500;XIREC;776.0;20
266800;SUBMISSION;Mark 38;VEV_4000;XIREC;1280.0;1
266800;;SUBMISSION;VEV_5100;XIREC;192.0;4
266900;;SUBMISSION;VEV_5100;XIREC;192.0;2
266900;;SUBMISSION;VEV_5300;XIREC;57.0;6
267000;Mark 55;Mark 14;VELVETFRUIT_EXTRACT;XIREC;5289.0;6
267100;;SUBMISSION;VEV_5100;XIREC;191.0;6
267200;;SUBMISSION;VEV_5100;XIREC;190.0;25
267300;;SUBMISSION;VEV_5300;XIREC;57.0;11
267400;Mark 14;Mark 55;VELVETFRUIT_EXTRACT;XIREC;5283.0;4
267500;;SUBMISSION;VEV_5100;XIREC;190.0;29
267600;;SUBMISSION;VEV_5300;XIREC;57.0;7
267700;;SUBMISSION;VEV_5300;XIREC;57.0;3
267800;;SUBMISSION;VEV_5100;XIREC;190.0;22
267900;;SUBMISSION;VEV_5100;XIREC;190.0;9
267900;;SUBMISSION;VEV_5100;XIREC;189.0;8
267900;Mark 38;Mark 22;HYDROGEL_PACK;XIREC;9926.0;6
268200;;SUBMISSION;VEV_5100;XIREC;189.0;18
268200;Mark 14;Mark 55;VELVETFRUIT_EXTRACT;XIREC;5280.0;7
268300;;SUBMISSION;VEV_5100;XIREC;189.0;8
268300;;SUBMISSION;VEV_5100;XIREC;188.0;8
268600;Mark 01;Mark 55;VELVETFRUIT_EXTRACT;XIREC;5281.0;5
268900;SUBMISSION;Mark 22;VEV_5400;XIREC;19.0;4
268900;SUBMISSION;Mark 22;VEV_5500;XIREC;8.0;4
268900;SUBMISSION;Mark 22;VEV_6000;XIREC;0.0;4
268900;SUBMISSION;Mark 22;VEV_6500;XIREC;0.0;4
269700;Mark 38;SUBMISSION;VEV_4000;XIREC;1283.0;1
270500;Mark 38;SUBMISSION;VEV_4000;XIREC;1286.0;1
271100;Mark 14;Mark 55;VELVETFRUIT_EXTRACT;XIREC;5276.0;3
272000;SUBMISSION;Mark 22;VEV_5500;XIREC;8.0;3
272000;SUBMISSION;Mark 22;VEV_6000;XIREC;0.0;3
272000;SUBMISSION;Mark 22;VEV_6500;XIREC;0.0;3
272700;Mark 01;Mark 55;VELVETFRUIT_EXTRACT;XIREC;5277.0;3
272900;Mark 38;SUBMISSION;VEV_4000;XIREC;1285.0;3
272900;Mark 38;Mark 14;HYDROGEL_PACK;XIREC;9924.0;5
273400;Mark 38;Mark 14;HYDROGEL_PACK;XIREC;9922.0;3
273500;Mark 38;Mark 14;HYDROGEL_PACK;XIREC;9921.0;6
274100;Mark 22;Mark 55;VELVETFRUIT_EXTRACT;XIREC;5279.0;6
274300;Mark 55;Mark 14;VELVETFRUIT_EXTRACT;XIREC;5280.0;8
274400;SUBMISSION;Mark 38;HYDROGEL_PACK;XIREC;9908.0;2
274400;Mark 14;Mark 38;HYDROGEL_PACK;XIREC;9907.0;1
274600;Mark 14;Mark 55;VELVETFRUIT_EXTRACT;XIREC;5274.0;3
275200;SUBMISSION;Mark 22;VEV_5400;XIREC;18.0;5
275200;SUBMISSION;Mark 22;VEV_5500;XIREC;7.0;5
275200;SUBMISSION;Mark 22;VEV_6000;XIREC;0.0;5
275200;SUBMISSION;Mark 22;VEV_6500;XIREC;0.0;5
275800;Mark 38;Mark 14;HYDROGEL_PACK;XIREC;9912.0;6
277000;Mark 38;Mark 14;HYDROGEL_PACK;XIREC;9911.0;6
277300;Mark 38;Mark 14;HYDROGEL_PACK;XIREC;9910.0;3
277900;SUBMISSION;Mark 38;VEV_4000;XIREC;1264.0;3
278700;Mark 55;Mark 01;VELVETFRUIT_EXTRACT;XIREC;5274.0;6
278800;SUBMISSION;Mark 38;HYDROGEL_PACK;XIREC;9891.0;1
278800;Mark 14;Mark 38;HYDROGEL_PACK;XIREC;9890.0;1
278800;Mark 55;Mark 14;VELVETFRUIT_EXTRACT;XIREC;5276.0;4
279900;SUBMISSION;Mark 38;HYDROGEL_PACK;XIREC;9891.0;1
279900;Mark 14;Mark 38;HYDROGEL_PACK;XIREC;9890.0;5
280700;Mark 14;Mark 55;VELVETFRUIT_EXTRACT;XIREC;5268.0;6
281100;Mark 38;SUBMISSION;VEV_4000;XIREC;1273.0;1
282200;Mark 14;Mark 38;HYDROGEL_PACK;XIREC;9891.0;4
282600;Mark 49;Mark 22;VELVETFRUIT_EXTRACT;XIREC;5269.0;10
282600;Mark 55;Mark 01;VELVETFRUIT_EXTRACT;XIREC;5272.0;6
283300;Mark 14;Mark 55;VELVETFRUIT_EXTRACT;XIREC;5270.0;5
283700;Mark 38;Mark 14;HYDROGEL_PACK;XIREC;9922.0;5
284300;Mark 38;Mark 14;HYDROGEL_PACK;XIREC;9923.0;6
285600;Mark 55;Mark 01;VELVETFRUIT_EXTRACT;XIREC;5278.0;4
285800;Mark 67;Mark 22;VELVETFRUIT_EXTRACT;XIREC;5276.0;6
286100;Mark 22;Mark 55;VELVETFRUIT_EXTRACT;XIREC;5278.0;5
286900;SUBMISSION;Mark 38;VEV_4000;XIREC;1271.0;3
287100;SUBMISSION;Mark 22;VEV_5400;XIREC;18.0;2
287100;SUBMISSION;Mark 22;VEV_5500;XIREC;7.0;2
287100;SUBMISSION;Mark 22;VEV_6000;XIREC;0.0;2
287100;SUBMISSION;Mark 22;VEV_6500;XIREC;0.0;2
287600;SUBMISSION;Mark 22;VEV_5400;XIREC;18.0;2
287600;SUBMISSION;Mark 22;VEV_5500;XIREC;7.0;2
287600;SUBMISSION;Mark 22;VEV_6000;XIREC;0.0;2
287600;SUBMISSION;Mark 22;VEV_6500;XIREC;0.0;2
288000;Mark 38;Mark 14;HYDROGEL_PACK;XIREC;9936.0;5
288000;Mark 01;Mark 55;VELVETFRUIT_EXTRACT;XIREC;5274.0;8
289300;SUBMISSION;Mark 22;VEV_5300;XIREC;52.0;2
289300;SUBMISSION;Mark 22;VEV_5400;XIREC;17.0;2
289300;SUBMISSION;Mark 22;VEV_5500;XIREC;7.0;2
289300;SUBMISSION;Mark 22;VEV_6000;XIREC;0.0;2
289300;SUBMISSION;Mark 22;VEV_6500;XIREC;0.0;2
291000;Mark 14;Mark 38;HYDROGEL_PACK;XIREC;9905.0;3
291800;Mark 14;Mark 55;VELVETFRUIT_EXTRACT;XIREC;5267.0;4
292800;Mark 38;Mark 14;HYDROGEL_PACK;XIREC;9921.0;6
293100;Mark 55;Mark 14;VELVETFRUIT_EXTRACT;XIREC;5274.0;5
293400;Mark 55;Mark 14;VELVETFRUIT_EXTRACT;XIREC;5273.0;5
293600;SUBMISSION;Mark 38;VEV_4000;XIREC;1265.0;2
293700;Mark 01;Mark 55;VELVETFRUIT_EXTRACT;XIREC;5267.0;8
294600;SUBMISSION;Mark 22;VEV_5400;XIREC;16.0;2
294600;SUBMISSION;Mark 22;VEV_5500;XIREC;7.0;2
294600;SUBMISSION;Mark 22;VEV_6000;XIREC;0.0;2
294600;SUBMISSION;Mark 22;VEV_6500;XIREC;0.0;2
296800;Mark 01;Mark 55;VELVETFRUIT_EXTRACT;XIREC;5268.0;8
299100;Mark 38;Mark 14;HYDROGEL_PACK;XIREC;9963.0;3
300800;Mark 14;Mark 38;HYDROGEL_PACK;XIREC;9946.0;4
301000;Mark 01;Mark 55;VELVETFRUIT_EXTRACT;XIREC;5267.0;8
301700;SUBMISSION;Mark 38;VEV_4000;XIREC;1261.0;2
303100;SUBMISSION;Mark 38;VEV_4000;XIREC;1261.0;1
303800;Mark 14;Mark 38;HYDROGEL_PACK;XIREC;9935.0;2
305600;Mark 01;Mark 55;VELVETFRUIT_EXTRACT;XIREC;5267.0;3
305700;Mark 38;Mark 14;HYDROGEL_PACK;XIREC;9951.0;6
306000;Mark 55;Mark 14;VELVETFRUIT_EXTRACT;XIREC;5274.0;5
306100;Mark 38;Mark 14;HYDROGEL_PACK;XIREC;9952.0;5
307600;Mark 38;SUBMISSION;VEV_4000;XIREC;1276.0;2
307900;Mark 01;Mark 55;VELVETFRUIT_EXTRACT;XIREC;5268.0;8
308400;Mark 01;Mark 55;VELVETFRUIT_EXTRACT;XIREC;5270.0;3
310100;Mark 38;Mark 14;HYDROGEL_PACK;XIREC;9942.0;4
311200;Mark 14;Mark 55;VELVETFRUIT_EXTRACT;XIREC;5265.0;8
311700;Mark 55;Mark 01;VELVETFRUIT_EXTRACT;XIREC;5273.0;6
311800;Mark 38;Mark 14;HYDROGEL_PACK;XIREC;9945.0;2
314800;Mark 38;Mark 14;HYDROGEL_PACK;XIREC;9953.0;3
315400;Mark 38;Mark 14;HYDROGEL_PACK;XIREC;9956.0;4
316700;SUBMISSION;Mark 22;VEV_5400;XIREC;17.0;3
316700;SUBMISSION;Mark 22;VEV_5500;XIREC;7.0;3
316700;SUBMISSION;Mark 22;VEV_6000;XIREC;0.0;3
316700;SUBMISSION;Mark 22;VEV_6500;XIREC;0.0;3
316800;Mark 67;Mark 22;VELVETFRUIT_EXTRACT;XIREC;5275.0;7
316900;Mark 38;Mark 14;HYDROGEL_PACK;XIREC;9954.0;2
317500;SUBMISSION;Mark 22;VEV_5400;XIREC;17.0;3
317500;SUBMISSION;Mark 22;VEV_5500;XIREC;7.0;3
317500;SUBMISSION;Mark 22;VEV_6000;XIREC;0.0;3
317500;SUBMISSION;Mark 22;VEV_6500;XIREC;0.0;3
318100;Mark 38;SUBMISSION;VEV_4000;XIREC;1279.0;1
320800;SUBMISSION;Mark 22;VEV_5300;XIREC;52.0;5
320800;SUBMISSION;Mark 22;VEV_5400;XIREC;17.0;5
320800;SUBMISSION;Mark 22;VEV_5500;XIREC;7.0;5
320800;SUBMISSION;Mark 22;VEV_6000;XIREC;0.0;5
320800;SUBMISSION;Mark 22;VEV_6500;XIREC;0.0;5
321600;SUBMISSION;Mark 22;VEV_5300;XIREC;50.0;4
321600;SUBMISSION;Mark 22;VEV_5400;XIREC;16.0;4
321600;SUBMISSION;Mark 22;VEV_5500;XIREC;7.0;4
321600;SUBMISSION;Mark 22;VEV_6000;XIREC;0.0;4
321600;SUBMISSION;Mark 22;VEV_6500;XIREC;0.0;4
322300;Mark 38;SUBMISSION;VEV_4000;XIREC;1277.0;2
323200;Mark 55;Mark 14;VELVETFRUIT_EXTRACT;XIREC;5276.0;5
323500;Mark 67;Mark 49;VELVETFRUIT_EXTRACT;XIREC;5269.0;14
327600;Mark 55;Mark 14;VELVETFRUIT_EXTRACT;XIREC;5266.0;5
328500;Mark 55;Mark 14;VELVETFRUIT_EXTRACT;XIREC;5269.0;7
328700;SUBMISSION;Mark 38;VEV_4000;XIREC;1260.0;3
328700;Mark 55;Mark 14;VELVETFRUIT_EXTRACT;XIREC;5268.0;5
328900;Mark 38;Mark 14;HYDROGEL_PACK;XIREC;9958.0;2
330400;Mark 14;Mark 55;VELVETFRUIT_EXTRACT;XIREC;5261.0;8
332600;Mark 55;Mark 01;VELVETFRUIT_EXTRACT;XIREC;5274.0;8
332800;Mark 14;Mark 38;HYDROGEL_PACK;XIREC;9947.0;3
333200;Mark 67;Mark 22;VELVETFRUIT_EXTRACT;XIREC;5269.0;7
333900;Mark 55;Mark 01;VELVETFRUIT_EXTRACT;XIREC;5273.0;7
335400;Mark 55;Mark 14;VELVETFRUIT_EXTRACT;XIREC;5271.0;6
336800;Mark 01;Mark 55;VELVETFRUIT_EXTRACT;XIREC;5268.0;5
337000;Mark 67;Mark 22;VELVETFRUIT_EXTRACT;XIREC;5271.0;6
338400;Mark 14;Mark 38;HYDROGEL_PACK;XIREC;9948.0;4
340200;Mark 14;Mark 38;HYDROGEL_PACK;XIREC;9951.0;2
340500;SUBMISSION;Mark 38;VEV_4000;XIREC;1262.0;3
341400;SUBMISSION;Mark 22;VEV_5400;XIREC;16.0;4
341400;SUBMISSION;Mark 22;VEV_5500;XIREC;7.0;4
341400;SUBMISSION;Mark 22;VEV_6000;XIREC;0.0;4
341400;SUBMISSION;Mark 22;VEV_6500;XIREC;0.0;4
342300;Mark 38;Mark 14;HYDROGEL_PACK;XIREC;9966.0;2
344000;Mark 01;Mark 55;VELVETFRUIT_EXTRACT;XIREC;5269.0;3
344100;Mark 14;Mark 38;HYDROGEL_PACK;XIREC;9942.0;3
344500;Mark 14;Mark 38;HYDROGEL_PACK;XIREC;9942.0;3
344600;Mark 38;Mark 14;HYDROGEL_PACK;XIREC;9958.0;6
344600;Mark 01;Mark 55;VELVETFRUIT_EXTRACT;XIREC;5265.0;7
344900;Mark 01;Mark 55;VELVETFRUIT_EXTRACT;XIREC;5265.0;6
346100;Mark 38;Mark 14;HYDROGEL_PACK;XIREC;9947.0;2
347400;Mark 38;Mark 14;HYDROGEL_PACK;XIREC;9947.0;4
347800;SUBMISSION;Mark 22;VEV_5400;XIREC;15.0;4
347800;SUBMISSION;Mark 22;VEV_5500;XIREC;6.0;4
347800;SUBMISSION;Mark 22;VEV_6000;XIREC;0.0;4
347800;SUBMISSION;Mark 22;VEV_6500;XIREC;0.0;4
350600;Mark 55;Mark 14;VELVETFRUIT_EXTRACT;XIREC;5266.0;5
350700;SUBMISSION;Mark 22;VEV_5300;XIREC;47.0;4
350700;SUBMISSION;Mark 22;VEV_5400;XIREC;15.0;4
350700;SUBMISSION;Mark 22;VEV_5500;XIREC;6.0;4
350700;SUBMISSION;Mark 22;VEV_6000;XIREC;0.0;4
350700;SUBMISSION;Mark 22;VEV_6500;XIREC;0.0;4
351400;Mark 14;Mark 38;HYDROGEL_PACK;XIREC;9937.0;6
352100;Mark 14;Mark 55;VELVETFRUIT_EXTRACT;XIREC;5252.0;4
352300;Mark 55;Mark 14;VELVETFRUIT_EXTRACT;XIREC;5257.0;8
353600;Mark 01;Mark 55;VELVETFRUIT_EXTRACT;XIREC;5254.0;7
353800;Mark 14;Mark 55;VELVETFRUIT_EXTRACT;XIREC;5257.0;7
356500;Mark 55;Mark 14;VELVETFRUIT_EXTRACT;XIREC;5263.0;6
358300;Mark 14;Mark 55;VELVETFRUIT_EXTRACT;XIREC;5261.0;7
358400;Mark 55;Mark 01;VELVETFRUIT_EXTRACT;XIREC;5266.0;5
358500;SUBMISSION;Mark 22;VEV_5300;XIREC;47.0;2
358500;SUBMISSION;Mark 22;VEV_5400;XIREC;15.0;2
358500;SUBMISSION;Mark 22;VEV_5500;XIREC;6.0;2
358500;SUBMISSION;Mark 22;VEV_6000;XIREC;0.0;2
358500;SUBMISSION;Mark 22;VEV_6500;XIREC;0.0;2
359500;Mark 14;Mark 38;HYDROGEL_PACK;XIREC;9972.0;5
360000;Mark 55;Mark 01;VELVETFRUIT_EXTRACT;XIREC;5267.0;7
361300;Mark 55;Mark 01;VELVETFRUIT_EXTRACT;XIREC;5267.0;3
361600;Mark 01;Mark 55;VELVETFRUIT_EXTRACT;XIREC;5260.0;5
362500;Mark 01;Mark 55;VELVETFRUIT_EXTRACT;XIREC;5260.0;5
362600;SUBMISSION;Mark 22;VEV_5300;XIREC;47.0;5
362600;SUBMISSION;Mark 22;VEV_5500;XIREC;6.0;5
362600;SUBMISSION;Mark 22;VEV_6000;XIREC;0.0;5
362600;SUBMISSION;Mark 22;VEV_6500;XIREC;0.0;5
363300;Mark 38;SUBMISSION;VEV_4000;XIREC;1267.0;1
365300;Mark 14;Mark 38;HYDROGEL_PACK;XIREC;9984.0;2
365400;Mark 14;Mark 55;VELVETFRUIT_EXTRACT;XIREC;5257.0;7
365600;SUBMISSION;Mark 22;VEV_5300;XIREC;45.0;4
365600;SUBMISSION;Mark 22;VEV_5400;XIREC;14.0;4
365600;SUBMISSION;Mark 22;VEV_5500;XIREC;5.0;4
365600;SUBMISSION;Mark 22;VEV_6000;XIREC;0.0;4
365600;SUBMISSION;Mark 22;VEV_6500;XIREC;0.0;4
366500;Mark 38;Mark 14;HYDROGEL_PACK;XIREC;10001.0;2
368100;Mark 14;Mark 55;VELVETFRUIT_EXTRACT;XIREC;5256.0;6
368200;Mark 38;SUBMISSION;VEV_4000;XIREC;1265.0;2
370200;SUBMISSION;;VEV_5200;XIREC;93.0;30
370300;SUBMISSION;;VEV_5200;XIREC;93.0;23
370400;SUBMISSION;;VEV_5200;XIREC;93.0;24
370600;Mark 38;SUBMISSION;VEV_4000;XIREC;1256.0;3
370600;SUBMISSION;;VEV_5200;XIREC;93.0;23
370700;SUBMISSION;Mark 38;VEV_4000;XIREC;1246.0;2
371100;SUBMISSION;;VEV_5200;XIREC;93.0;30
371200;SUBMISSION;;VEV_5200;XIREC;93.0;30
371300;SUBMISSION;;VELVETFRUIT_EXTRACT;XIREC;5250.0;14
371300;SUBMISSION;;VEV_5200;XIREC;93.0;24
372300;Mark 38;SUBMISSION;VEV_4000;XIREC;1259.0;2
372300;Mark 01;Mark 55;VELVETFRUIT_EXTRACT;XIREC;5250.0;6
373100;Mark 55;SUBMISSION;VELVETFRUIT_EXTRACT;XIREC;5255.0;3
373100;Mark 55;Mark 14;VELVETFRUIT_EXTRACT;XIREC;5256.0;3
373700;SUBMISSION;;VEV_5200;XIREC;93.0;30
373800;SUBMISSION;;VEV_5100;XIREC;163.0;4
373800;SUBMISSION;;VEV_5100;XIREC;166.0;26
373800;SUBMISSION;;VEV_5200;XIREC;91.0;4
373800;SUBMISSION;;VEV_5200;XIREC;93.0;26
373800;SUBMISSION;Mark 22;VEV_5500;XIREC;5.0;4
373800;SUBMISSION;Mark 22;VEV_6000;XIREC;0.0;4
373800;SUBMISSION;Mark 22;VEV_6500;XIREC;0.0;4
374100;SUBMISSION;;VEV_5200;XIREC;93.0;24
374900;SUBMISSION;;VEV_5200;XIREC;93.0;30
376300;SUBMISSION;Mark 22;VEV_5400;XIREC;13.0;5
376300;SUBMISSION;Mark 22;VEV_5500;XIREC;5.0;5
376300;SUBMISSION;Mark 22;VEV_6000;XIREC;0.0;5
376300;SUBMISSION;Mark 22;VEV_6500;XIREC;0.0;5
376700;Mark 14;Mark 55;VELVETFRUIT_EXTRACT;XIREC;5250.0;7
376800;SUBMISSION;;VEV_5200;XIREC;93.0;12
376800;SUBMISSION;;VEV_5200;XIREC;94.0;17
377000;SUBMISSION;;VEV_5200;XIREC;93.0;22
377200;SUBMISSION;;VEV_5200;XIREC;93.0;30
377300;SUBMISSION;;VEV_5200;XIREC;93.0;30
377500;SUBMISSION;;VEV_5200;XIREC;93.0;21
377600;SUBMISSION;;VEV_5200;XIREC;93.0;30
377700;SUBMISSION;;VEV_5100;XIREC;164.0;6
377700;SUBMISSION;;VEV_5100;XIREC;165.0;18
377700;SUBMISSION;;VEV_5200;XIREC;92.0;6
377700;SUBMISSION;;VEV_5200;XIREC;93.0;18
377800;SUBMISSION;;VEV_5100;XIREC;164.0;12
377800;SUBMISSION;;VEV_5100;XIREC;165.0;12
377800;SUBMISSION;;VEV_5200;XIREC;92.0;12
377800;SUBMISSION;;VEV_5200;XIREC;93.0;12
377900;SUBMISSION;;VEV_5200;XIREC;93.0;28
378000;SUBMISSION;;VEV_5100;XIREC;164.0;10
378000;SUBMISSION;;VEV_5100;XIREC;165.0;19
378000;SUBMISSION;;VEV_5200;XIREC;92.0;10
378000;SUBMISSION;;VEV_5200;XIREC;93.0;19
378100;SUBMISSION;;VEV_5100;XIREC;164.0;19
378100;SUBMISSION;;VEV_5200;XIREC;92.0;19
378100;SUBMISSION;;VEV_5300;XIREC;43.0;27
378200;SUBMISSION;;VEV_5100;XIREC;164.0;6
378200;SUBMISSION;;VEV_5100;XIREC;165.0;13
378200;SUBMISSION;;VEV_5200;XIREC;92.0;6
378300;SUBMISSION;;VEV_5100;XIREC;164.0;28
378300;SUBMISSION;;VEV_5300;XIREC;43.0;30
378400;SUBMISSION;;VEV_5100;XIREC;164.0;8
378400;SUBMISSION;;VEV_5100;XIREC;165.0;19
378400;Mark 67;Mark 22;VELVETFRUIT_EXTRACT;XIREC;5249.0;10
380800;SUBMISSION;;VEV_5100;XIREC;164.0;12
380800;SUBMISSION;;VEV_5100;XIREC;165.0;18
381600;SUBMISSION;;VEV_5100;XIREC;164.0;23
381700;SUBMISSION;;VEV_5100;XIREC;163.0;9
381700;SUBMISSION;;VEV_5100;XIREC;164.0;14
381700;SUBMISSION;;VEV_5300;XIREC;43.0;22
381800;SUBMISSION;;VEV_5100;XIREC;163.0;8
381800;SUBMISSION;;VEV_5100;XIREC;164.0;15
381800;SUBMISSION;;VEV_5300;XIREC;43.0;21
381900;SUBMISSION;;VEV_5100;XIREC;163.0;8
381900;SUBMISSION;;VEV_5100;XIREC;164.0;9
381900;SUBMISSION;;VEV_5300;XIREC;43.0;21
382100;SUBMISSION;;VEV_5100;XIREC;164.0;10
382100;SUBMISSION;;VEV_5100;XIREC;165.0;14
382200;Mark 55;SUBMISSION;VELVETFRUIT_EXTRACT;XIREC;5252.0;2
382200;Mark 55;Mark 14;VELVETFRUIT_EXTRACT;XIREC;5253.0;3
383100;Mark 55;SUBMISSION;VELVETFRUIT_EXTRACT;XIREC;5253.0;2
383100;Mark 55;Mark 14;VELVETFRUIT_EXTRACT;XIREC;5254.0;4
383800;SUBMISSION;;VEV_5100;XIREC;164.0;7
383800;SUBMISSION;;VEV_5100;XIREC;165.0;20
384800;Mark 22;Mark 38;HYDROGEL_PACK;XIREC;9978.0;4
384900;SUBMISSION;;VEV_5100;XIREC;164.0;12
384900;SUBMISSION;;VEV_5100;XIREC;165.0;12
385000;SUBMISSION;;VELVETFRUIT_EXTRACT;XIREC;5251.0;49
385000;SUBMISSION;;VEV_5300;XIREC;43.0;25
385100;SUBMISSION;;VELVETFRUIT_EXTRACT;XIREC;5245.0;9
385100;SUBMISSION;Mark 49;VELVETFRUIT_EXTRACT;XIREC;5245.0;9
385100;SUBMISSION;;VEV_5300;XIREC;42.0;22
385100;SUBMISSION;;VEV_5500;XIREC;5.0;22
385200;SUBMISSION;;VEV_5300;XIREC;42.0;9
385200;SUBMISSION;;VEV_5500;XIREC;5.0;23
385300;SUBMISSION;;VEV_5500;XIREC;5.0;18
385400;SUBMISSION;;VEV_5500;XIREC;5.0;18
385500;SUBMISSION;;VEV_5500;XIREC;5.0;23
385500;Mark 14;Mark 38;HYDROGEL_PACK;XIREC;9972.0;5
385600;SUBMISSION;;VEV_5500;XIREC;5.0;5
386900;SUBMISSION;;VELVETFRUIT_EXTRACT;XIREC;5244.0;2
387000;SUBMISSION;;VELVETFRUIT_EXTRACT;XIREC;5243.0;4
387000;SUBMISSION;;VEV_4500;XIREC;748.0;11
387000;SUBMISSION;;VEV_4500;XIREC;750.0;13
387100;SUBMISSION;;VELVETFRUIT_EXTRACT;XIREC;5242.0;6
387100;SUBMISSION;;VEV_4000;XIREC;1250.0;8
387100;SUBMISSION;;VEV_4000;XIREC;1253.0;22
387100;SUBMISSION;;VEV_4500;XIREC;748.0;11
387100;SUBMISSION;;VEV_4500;XIREC;750.0;19
387200;SUBMISSION;;VELVETFRUIT_EXTRACT;XIREC;5244.0;2
387300;SUBMISSION;;VELVETFRUIT_EXTRACT;XIREC;5243.0;4
387300;SUBMISSION;;VEV_4000;XIREC;1250.0;11
387300;SUBMISSION;;VEV_4000;XIREC;1253.0;19
387300;SUBMISSION;;VEV_4500;XIREC;748.0;12
387300;SUBMISSION;;VEV_4500;XIREC;750.0;18
387400;SUBMISSION;;VELVETFRUIT_EXTRACT;XIREC;5242.0;6
387400;SUBMISSION;;VEV_4000;XIREC;1250.0;7
387400;SUBMISSION;;VEV_4000;XIREC;1252.0;15
387400;SUBMISSION;;VEV_4500;XIREC;747.0;9
387400;SUBMISSION;;VEV_4500;XIREC;749.0;20
387500;SUBMISSION;;VELVETFRUIT_EXTRACT;XIREC;5243.0;3
387500;Mark 38;Mark 14;HYDROGEL_PACK;XIREC;9991.0;3
387600;SUBMISSION;;VELVETFRUIT_EXTRACT;XIREC;5243.0;3
387700;SUBMISSION;;VELVETFRUIT_EXTRACT;XIREC;5243.0;3
387700;SUBMISSION;;VEV_4500;XIREC;748.0;11
387700;SUBMISSION;;VEV_4500;XIREC;750.0;16
387800;SUBMISSION;;VELVETFRUIT_EXTRACT;XIREC;5243.0;3
387900;SUBMISSION;;VELVETFRUIT_EXTRACT;XIREC;5243.0;3
387900;SUBMISSION;;VEV_4500;XIREC;748.0;10
387900;SUBMISSION;;VEV_4500;XIREC;750.0;19
388000;SUBMISSION;;VELVETFRUIT_EXTRACT;XIREC;5241.0;8
388000;SUBMISSION;;VEV_4000;XIREC;1249.0;10
388000;SUBMISSION;;VEV_4000;XIREC;1252.0;20
388000;SUBMISSION;;VEV_4500;XIREC;747.0;10
388000;SUBMISSION;;VEV_4500;XIREC;749.0;14
388100;SUBMISSION;;VELVETFRUIT_EXTRACT;XIREC;5242.0;6
388100;SUBMISSION;;VEV_4000;XIREC;1250.0;8
388100;SUBMISSION;;VEV_4000;XIREC;1252.0;22
388100;SUBMISSION;;VEV_4500;XIREC;747.0;8
388100;SUBMISSION;;VEV_4500;XIREC;749.0;22
388200;SUBMISSION;;VELVETFRUIT_EXTRACT;XIREC;5242.0;6
388200;SUBMISSION;;VEV_4000;XIREC;1250.0;9
388200;SUBMISSION;;VEV_4000;XIREC;1252.0;17
388200;SUBMISSION;;VEV_4500;XIREC;747.0;7
388200;SUBMISSION;;VEV_4500;XIREC;749.0;13
388300;SUBMISSION;;VELVETFRUIT_EXTRACT;XIREC;5242.0;7
388300;SUBMISSION;;VEV_4000;XIREC;1249.0;8
388300;SUBMISSION;;VEV_4000;XIREC;1252.0;22
388300;SUBMISSION;;VEV_4500;XIREC;747.0;11
388300;SUBMISSION;;VEV_4500;XIREC;749.0;18
388400;SUBMISSION;;VELVETFRUIT_EXTRACT;XIREC;5242.0;6
388400;SUBMISSION;;VEV_4000;XIREC;1250.0;11
388400;SUBMISSION;;VEV_4000;XIREC;1252.0;15
388400;SUBMISSION;;VEV_4500;XIREC;747.0;7
388400;SUBMISSION;;VEV_4500;XIREC;749.0;19
388500;SUBMISSION;;VELVETFRUIT_EXTRACT;XIREC;5242.0;7
388500;SUBMISSION;;VEV_4000;XIREC;1249.0;14
388500;SUBMISSION;;VEV_4000;XIREC;1252.0;16
388500;SUBMISSION;;VEV_4500;XIREC;747.0;9
388500;SUBMISSION;;VEV_4500;XIREC;749.0;19
388600;SUBMISSION;;VELVETFRUIT_EXTRACT;XIREC;5242.0;7
388600;SUBMISSION;;VEV_4000;XIREC;1249.0;7
388600;SUBMISSION;;VEV_4000;XIREC;1252.0;22
388600;SUBMISSION;;VEV_4500;XIREC;747.0;6
388600;SUBMISSION;;VEV_4500;XIREC;749.0;16
388700;SUBMISSION;;VELVETFRUIT_EXTRACT;XIREC;5241.0;8
388700;SUBMISSION;;VEV_4000;XIREC;1249.0;13
388700;SUBMISSION;;VEV_4000;XIREC;1251.0;17
388700;SUBMISSION;;VEV_4500;XIREC;746.0;12
388700;SUBMISSION;;VEV_4500;XIREC;748.0;18
388800;SUBMISSION;;VELVETFRUIT_EXTRACT;XIREC;5238.0;7
388800;SUBMISSION;;VELVETFRUIT_EXTRACT;XIREC;5241.0;5
388800;SUBMISSION;;VEV_4000;XIREC;1249.0;12
388800;SUBMISSION;;VEV_4000;XIREC;1251.0;18
388800;SUBMISSION;;VEV_4500;XIREC;746.0;7
388800;SUBMISSION;;VEV_4500;XIREC;748.0;23
388900;SUBMISSION;;VELVETFRUIT_EXTRACT;XIREC;5242.0;7
388900;SUBMISSION;;VEV_4000;XIREC;1249.0;10
388900;SUBMISSION;;VEV_4000;XIREC;1252.0;20
388900;SUBMISSION;;VEV_4500;XIREC;747.0;2
389000;SUBMISSION;;VELVETFRUIT_EXTRACT;XIREC;5242.0;7
389000;SUBMISSION;;VEV_4000;XIREC;1239.0;2
389000;SUBMISSION;;VEV_4000;XIREC;1249.0;13
389000;SUBMISSION;;VEV_4000;XIREC;1252.0;15
389000;SUBMISSION;Mark 22;VEV_5300;XIREC;38.0;2
389000;SUBMISSION;Mark 22;VEV_5400;XIREC;11.0;2
389000;SUBMISSION;Mark 22;VEV_5500;XIREC;4.0;2
389000;SUBMISSION;Mark 22;VEV_6000;XIREC;0.0;2
389000;SUBMISSION;Mark 22;VEV_6500;XIREC;0.0;2
389100;SUBMISSION;;VELVETFRUIT_EXTRACT;XIREC;5242.0;6
389100;SUBMISSION;;VEV_4000;XIREC;1250.0;5
389200;SUBMISSION;;VELVETFRUIT_EXTRACT;XIREC;5242.0;6
389300;SUBMISSION;;VELVETFRUIT_EXTRACT;XIREC;5241.0;8
389300;SUBMISSION;;VEV_5400;XIREC;12.0;25
389400;SUBMISSION;;VELVETFRUIT_EXTRACT;XIREC;5239.0;14
389400;SUBMISSION;;VEV_5400;XIREC;12.0;19
389500;SUBMISSION;;VELVETFRUIT_EXTRACT;XIREC;5241.0;8
389600;SUBMISSION;;VELVETFRUIT_EXTRACT;XIREC;5241.0;6
389600;SUBMISSION;Mark 55;VELVETFRUIT_EXTRACT;XIREC;5239.0;7
389600;Mark 38;SUBMISSION;VEV_4000;XIREC;1244.0;3
389700;SUBMISSION;;VELVETFRUIT_EXTRACT;XIREC;5242.0;6
389700;SUBMISSION;;VEV_4000;XIREC;1250.0;3
389800;SUBMISSION;;VELVETFRUIT_EXTRACT;XIREC;5242.0;6
389900;SUBMISSION;;VELVETFRUIT_EXTRACT;XIREC;5242.0;6
390000;SUBMISSION;;VELVETFRUIT_EXTRACT;XIREC;5242.0;6
390100;SUBMISSION;;VELVETFRUIT_EXTRACT;XIREC;5242.0;6
390200;SUBMISSION;;VELVETFRUIT_EXTRACT;XIREC;5242.0;6
390200;SUBMISSION;Mark 38;VEV_4000;XIREC;1234.0;1
390300;SUBMISSION;;VELVETFRUIT_EXTRACT;XIREC;5242.0;6
390300;SUBMISSION;Mark 22;VEV_5300;XIREC;38.0;3
390300;SUBMISSION;Mark 22;VEV_5400;XIREC;11.0;3
390300;SUBMISSION;Mark 22;VEV_5500;XIREC;4.0;3
390300;SUBMISSION;Mark 22;VEV_6000;XIREC;0.0;3
390300;SUBMISSION;Mark 22;VEV_6500;XIREC;0.0;3
390400;SUBMISSION;;VELVETFRUIT_EXTRACT;XIREC;5242.0;6
390500;SUBMISSION;;VELVETFRUIT_EXTRACT;XIREC;5244.0;2
390600;SUBMISSION;;VELVETFRUIT_EXTRACT;XIREC;5244.0;1
390600;SUBMISSION;;VEV_5300;XIREC;41.0;11
390600;SUBMISSION;;VEV_5500;XIREC;5.0;11
390700;SUBMISSION;;VEV_5300;XIREC;41.0;23
390700;SUBMISSION;;VEV_5500;XIREC;5.0;23
390800;SUBMISSION;;VEV_5300;XIREC;41.0;3
390800;SUBMISSION;;VEV_5500;XIREC;5.0;3
390900;SUBMISSION;;VEV_5300;XIREC;41.0;23
390900;SUBMISSION;;VEV_5500;XIREC;5.0;23
391000;SUBMISSION;;VELVETFRUIT_EXTRACT;XIREC;5244.0;2
391200;SUBMISSION;;VEV_5000;XIREC;248.0;1
391300;SUBMISSION;;VEV_5300;XIREC;41.0;10
391300;SUBMISSION;;VEV_5500;XIREC;5.0;10
391400;SUBMISSION;;VEV_5100;XIREC;158.0;2
391400;SUBMISSION;;VEV_5300;XIREC;41.0;3
391400;SUBMISSION;;VEV_5500;XIREC;5.0;3
391500;SUBMISSION;;VEV_5100;XIREC;159.0;23
391500;SUBMISSION;;VEV_5300;XIREC;41.0;19
391500;SUBMISSION;;VEV_5500;XIREC;5.0;19
391600;SUBMISSION;;VEV_5100;XIREC;160.0;26
391600;SUBMISSION;;VEV_5300;XIREC;42.0;27
391600;SUBMISSION;;VEV_5500;XIREC;5.0;27
391600;Mark 14;Mark 38;HYDROGEL_PACK;XIREC;9970.0;2
391700;SUBMISSION;;VEV_5100;XIREC;160.0;10
391700;SUBMISSION;;VEV_5100;XIREC;161.0;14
391700;SUBMISSION;;VEV_5300;XIREC;42.0;25
391700;SUBMISSION;;VEV_5500;XIREC;5.0;25
391700;Mark 38;Mark 14;HYDROGEL_PACK;XIREC;9988.0;2
391800;SUBMISSION;;VEV_5100;XIREC;160.0;12
391800;SUBMISSION;;VEV_5300;XIREC;42.0;14
391800;SUBMISSION;;VEV_5500;XIREC;5.0;14
391900;SUBMISSION;;VEV_5100;XIREC;160.0;1
391900;SUBMISSION;;VEV_5300;XIREC;42.0;1
391900;SUBMISSION;;VEV_5500;XIREC;5.0;1
392000;SUBMISSION;;VEV_5100;XIREC;160.0;9
392000;SUBMISSION;;VEV_5100;XIREC;161.0;18
392000;SUBMISSION;;VEV_5300;XIREC;42.0;22
392000;SUBMISSION;;VEV_5500;XIREC;5.0;22
392100;SUBMISSION;;VEV_5100;XIREC;160.0;11
392100;SUBMISSION;;VEV_5100;XIREC;161.0;4
392100;SUBMISSION;;VEV_5300;XIREC;42.0;16
392100;SUBMISSION;;VEV_5500;XIREC;5.0;16
392300;SUBMISSION;;VEV_5100;XIREC;161.0;1
392300;SUBMISSION;;VEV_5300;XIREC;42.0;5
392300;SUBMISSION;;VEV_5500;XIREC;5.0;5
392400;Mark 38;Mark 14;HYDROGEL_PACK;XIREC;9990.0;5
393700;SUBMISSION;;VEV_5000;XIREC;249.0;2
394100;Mark 38;Mark 14;HYDROGEL_PACK;XIREC;9975.0;6
394300;Mark 38;Mark 14;HYDROGEL_PACK;XIREC;9970.0;5
396600;SUBMISSION;;VEV_5000;XIREC;249.0;1
396700;SUBMISSION;;VELVETFRUIT_EXTRACT;XIREC;5244.0;1
396700;SUBMISSION;;VEV_5000;XIREC;248.0;2
396800;SUBMISSION;;VEV_5000;XIREC;248.0;3
396900;SUBMISSION;;VELVETFRUIT_EXTRACT;XIREC;5243.0;4
396900;SUBMISSION;;VEV_5000;XIREC;247.0;2
397000;SUBMISSION;;VELVETFRUIT_EXTRACT;XIREC;5242.0;4
397000;SUBMISSION;;VEV_5000;XIREC;246.0;5
397100;SUBMISSION;;VEV_5000;XIREC;245.0;9
397200;SUBMISSION;;VELVETFRUIT_EXTRACT;XIREC;5239.0;14
397200;SUBMISSION;;VEV_5000;XIREC;243.0;5
397200;SUBMISSION;;VEV_5400;XIREC;11.0;8
397200;SUBMISSION;;VEV_5400;XIREC;12.0;14
397300;SUBMISSION;Mark 38;VEV_4000;XIREC;1231.0;2
397300;SUBMISSION;;VEV_5000;XIREC;243.0;10
397300;SUBMISSION;;VEV_5000;XIREC;244.0;4
397300;SUBMISSION;;VEV_5400;XIREC;11.0;8
397300;SUBMISSION;;VEV_5400;XIREC;12.0;16
397400;SUBMISSION;;VELVETFRUIT_EXTRACT;XIREC;5237.0;8
397400;SUBMISSION;;VEV_5000;XIREC;241.0;12
397400;SUBMISSION;;VEV_5000;XIREC;242.0;4
397400;SUBMISSION;;VEV_5400;XIREC;11.0;18
397500;SUBMISSION;;VEV_5000;XIREC;242.0;23
397500;SUBMISSION;;VEV_5400;XIREC;11.0;20
397600;SUBMISSION;;VELVETFRUIT_EXTRACT;XIREC;5234.0;10
397600;SUBMISSION;;VEV_5000;XIREC;239.0;10
397600;SUBMISSION;;VEV_5000;XIREC;240.0;11
397600;SUBMISSION;;VEV_5400;XIREC;11.0;19
397700;SUBMISSION;;VEV_5000;XIREC;240.0;8
397700;SUBMISSION;;VEV_5400;XIREC;11.0;20
397800;SUBMISSION;;VEV_5000;XIREC;240.0;12
397800;SUBMISSION;;VEV_5000;XIREC;241.0;10
397800;SUBMISSION;;VEV_5400;XIREC;11.0;18
397900;SUBMISSION;;VEV_5000;XIREC;242.0;11
397900;SUBMISSION;;VEV_5400;XIREC;11.0;26
398000;SUBMISSION;;VEV_5000;XIREC;242.0;22
398000;SUBMISSION;;VEV_5400;XIREC;11.0;27
398100;SUBMISSION;;VEV_5000;XIREC;242.0;22
398100;SUBMISSION;;VEV_5400;XIREC;11.0;29
398200;SUBMISSION;;VEV_5000;XIREC;238.0;2
398200;SUBMISSION;;VEV_5000;XIREC;241.0;9
398200;SUBMISSION;;VEV_5000;XIREC;242.0;12
398200;SUBMISSION;;VEV_5400;XIREC;11.0;18
398200;SUBMISSION;Mark 22;VEV_5400;XIREC;10.0;2
398200;SUBMISSION;Mark 22;VEV_5500;XIREC;4.0;2
398200;SUBMISSION;Mark 22;VEV_6000;XIREC;0.0;2
398200;SUBMISSION;Mark 22;VEV_6500;XIREC;0.0;2
398300;SUBMISSION;;VEV_5000;XIREC;241.0;11
398300;SUBMISSION;;VEV_5000;XIREC;242.0;10
398300;SUBMISSION;;VEV_5400;XIREC;11.0;21
398400;SUBMISSION;;VEV_5400;XIREC;11.0;5
398500;SUBMISSION;;VEV_5000;XIREC;242.0;21
398600;SUBMISSION;;VEV_5000;XIREC;241.0;24
398700;SUBMISSION;;VEV_5000;XIREC;239.0;6
398700;SUBMISSION;;VEV_5000;XIREC;240.0;21
398800;SUBMISSION;;VEV_5000;XIREC;238.0;12
398900;SUBMISSION;;VEV_5000;XIREC;240.0;26
399000;SUBMISSION;;VEV_5000;XIREC;241.0;23
399100;SUBMISSION;;VEV_5000;XIREC;240.0;7
399200;SUBMISSION;;VEV_5000;XIREC;242.0;20
399300;SUBMISSION;;VEV_5000;XIREC;242.0;6
399400;SUBMISSION;;VEV_5000;XIREC;242.0;12
399400;SUBMISSION;;VEV_5000;XIREC;243.0;6
399500;SUBMISSION;;VEV_5000;XIREC;244.0;14
399600;SUBMISSION;;VEV_5000;XIREC;244.0;6
399800;SUBMISSION;;VEV_5000;XIREC;244.0;2
400200;SUBMISSION;;VEV_5000;XIREC;242.0;3
400300;SUBMISSION;;VEV_5000;XIREC;242.0;1
400400;SUBMISSION;;VEV_5000;XIREC;241.0;2
400900;SUBMISSION;;VEV_5000;XIREC;240.0;1
401000;SUBMISSION;Mark 55;VELVETFRUIT_EXTRACT;XIREC;5231.0;8
401100;SUBMISSION;;VEV_5000;XIREC;238.0;3
401200;Mark 14;Mark 38;HYDROGEL_PACK;XIREC;9966.0;5
401300;SUBMISSION;;VEV_5000;XIREC;238.0;1
401500;Mark 55;Mark 01;VELVETFRUIT_EXTRACT;XIREC;5233.0;7
401600;SUBMISSION;;VEV_5000;XIREC;236.0;2
406100;SUBMISSION;Mark 55;VELVETFRUIT_EXTRACT;XIREC;5232.0;4
406300;SUBMISSION;Mark 38;VEV_4000;XIREC;1225.0;2
407000;SUBMISSION;Mark 55;VELVETFRUIT_EXTRACT;XIREC;5226.0;4
408000;Mark 38;Mark 14;HYDROGEL_PACK;XIREC;9991.0;3
409400;Mark 38;Mark 14;HYDROGEL_PACK;XIREC;9988.0;3
410100;Mark 38;Mark 14;HYDROGEL_PACK;XIREC;9988.0;6
410200;SUBMISSION;Mark 22;VEV_5400;XIREC;9.0;5
410200;SUBMISSION;Mark 22;VEV_5500;XIREC;3.0;3
410200;SUBMISSION;Mark 22;VEV_6000;XIREC;0.0;5
410200;SUBMISSION;Mark 22;VEV_6500;XIREC;0.0;5
410200;Mark 01;Mark 22;VEV_5500;XIREC;3.0;2
413100;Mark 38;Mark 14;HYDROGEL_PACK;XIREC;9977.0;2
413500;Mark 38;Mark 14;HYDROGEL_PACK;XIREC;9974.0;5
414900;SUBMISSION;Mark 22;VEV_5200;XIREC;76.0;3
414900;SUBMISSION;Mark 22;VEV_5300;XIREC;34.0;3
414900;SUBMISSION;Mark 22;VEV_6000;XIREC;0.0;3
414900;SUBMISSION;Mark 22;VEV_6500;XIREC;0.0;3
414900;Mark 01;Mark 22;VEV_5400;XIREC;9.0;3
414900;Mark 01;Mark 22;VEV_5500;XIREC;3.0;3
415400;Mark 38;Mark 14;HYDROGEL_PACK;XIREC;9976.0;6
415500;SUBMISSION;Mark 22;VEV_6000;XIREC;0.0;4
415500;SUBMISSION;Mark 22;VEV_6500;XIREC;0.0;4
415500;Mark 01;Mark 22;VEV_5400;XIREC;9.0;4
415500;Mark 01;Mark 22;VEV_5500;XIREC;3.0;4
416600;Mark 38;Mark 14;HYDROGEL_PACK;XIREC;9981.0;4
419300;Mark 14;Mark 38;VEV_4000;XIREC;1221.0;1
420200;Mark 38;Mark 14;HYDROGEL_PACK;XIREC;9975.0;4
421100;Mark 14;Mark 38;HYDROGEL_PACK;XIREC;9961.0;5
421400;Mark 55;Mark 14;VELVETFRUIT_EXTRACT;XIREC;5233.0;6
422200;Mark 14;Mark 38;HYDROGEL_PACK;XIREC;9963.0;2
423800;SUBMISSION;Mark 22;VEV_5200;XIREC;79.0;2
423800;SUBMISSION;Mark 22;VEV_5300;XIREC;36.0;2
423800;SUBMISSION;Mark 22;VEV_6000;XIREC;0.0;5
423800;SUBMISSION;Mark 22;VEV_6500;XIREC;0.0;5
423800;Mark 38;Mark 14;HYDROGEL_PACK;XIREC;9969.0;3
423800;Mark 14;Mark 22;VEV_5200;XIREC;79.0;3
423800;Mark 01;Mark 22;VEV_5300;XIREC;36.0;3
423800;Mark 01;Mark 22;VEV_5400;XIREC;10.0;5
423800;Mark 14;Mark 22;VEV_5500;XIREC;4.0;5
424400;Mark 38;SUBMISSION;VEV_4000;XIREC;1239.0;2
424600;Mark 67;Mark 22;VELVETFRUIT_EXTRACT;XIREC;5232.0;6
425300;Mark 55;Mark 14;VELVETFRUIT_EXTRACT;XIREC;5238.0;3
427400;Mark 55;Mark 14;VELVETFRUIT_EXTRACT;XIREC;5241.0;5
428400;Mark 38;SUBMISSION;VEV_4000;XIREC;1243.0;1
429500;Mark 38;Mark 14;HYDROGEL_PACK;XIREC;9968.0;3
430200;Mark 38;Mark 14;HYDROGEL_PACK;XIREC;9974.0;4
430700;Mark 38;Mark 14;HYDROGEL_PACK;XIREC;9976.0;4
432100;SUBMISSION;Mark 55;VELVETFRUIT_EXTRACT;XIREC;5234.0;8
433000;SUBMISSION;Mark 55;VELVETFRUIT_EXTRACT;XIREC;5239.0;4
433100;SUBMISSION;Mark 22;VEV_6000;XIREC;0.0;2
433100;SUBMISSION;Mark 22;VEV_6500;XIREC;0.0;2
433100;Mark 14;Mark 22;VEV_5200;XIREC;83.0;2
433100;Mark 01;Mark 22;VEV_5300;XIREC;38.0;2
433100;Mark 01;Mark 22;VEV_5400;XIREC;11.0;2
433100;Mark 01;Mark 22;VEV_5500;XIREC;4.0;2
433900;Mark 38;Mark 14;HYDROGEL_PACK;XIREC;9970.0;4
434900;SUBMISSION;;VELVETFRUIT_EXTRACT;XIREC;5237.0;7
436100;Mark 55;Mark 01;VELVETFRUIT_EXTRACT;XIREC;5242.0;5
436200;Mark 14;Mark 38;HYDROGEL_PACK;XIREC;9968.0;2
438300;SUBMISSION;Mark 38;VEV_4000;XIREC;1235.0;3
438500;Mark 55;Mark 14;VELVETFRUIT_EXTRACT;XIREC;5241.0;6
438900;Mark 38;SUBMISSION;VEV_4000;XIREC;1244.0;3
441300;SUBMISSION;Mark 55;VELVETFRUIT_EXTRACT;XIREC;5236.0;5
443400;Mark 38;Mark 14;HYDROGEL_PACK;XIREC;9969.0;4
443600;SUBMISSION;Mark 22;VEV_6000;XIREC;0.0;4
443600;SUBMISSION;Mark 22;VEV_6500;XIREC;0.0;4
443600;Mark 14;Mark 22;VEV_5200;XIREC;82.0;4
443600;Mark 01;Mark 22;VEV_5400;XIREC;11.0;4
443600;Mark 01;Mark 22;VEV_5500;XIREC;4.0;4
444200;Mark 55;Mark 01;VELVETFRUIT_EXTRACT;XIREC;5244.0;6
445300;Mark 38;Mark 14;HYDROGEL_PACK;XIREC;9974.0;2
448600;Mark 55;SUBMISSION;VELVETFRUIT_EXTRACT;XIREC;5251.0;7
448900;Mark 67;Mark 49;VELVETFRUIT_EXTRACT;XIREC;5247.0;9
449000;Mark 14;Mark 38;HYDROGEL_PACK;XIREC;9979.0;6
449500;SUBMISSION;Mark 38;VEV_4000;XIREC;1243.0;2
449900;SUBMISSION;;VELVETFRUIT_EXTRACT;XIREC;5248.0;3
450900;Mark 38;Mark 14;HYDROGEL_PACK;XIREC;9988.0;6
452000;Mark 14;Mark 38;HYDROGEL_PACK;XIREC;9965.0;3
452800;Mark 38;Mark 14;HYDROGEL_PACK;XIREC;9974.0;4
453000;Mark 55;Mark 14;VELVETFRUIT_EXTRACT;XIREC;5240.0;3
453800;SUBMISSION;Mark 55;VELVETFRUIT_EXTRACT;XIREC;5238.0;5
453800;Mark 14;Mark 55;VELVETFRUIT_EXTRACT;XIREC;5237.0;2
454700;Mark 38;SUBMISSION;VEV_4000;XIREC;1242.0;1
456200;SUBMISSION;Mark 22;VEV_6000;XIREC;0.0;2
456200;SUBMISSION;Mark 22;VEV_6500;XIREC;0.0;2
456200;Mark 14;Mark 22;VEV_5200;XIREC;82.0;2
456200;Mark 01;Mark 22;VEV_5400;XIREC;11.0;2
456200;Mark 01;Mark 22;VEV_5500;XIREC;4.0;2
457600;Mark 55;Mark 14;VELVETFRUIT_EXTRACT;XIREC;5242.0;3
460100;SUBMISSION;Mark 55;VELVETFRUIT_EXTRACT;XIREC;5236.0;4
461200;SUBMISSION;Mark 22;VEV_6000;XIREC;0.0;3
461200;SUBMISSION;Mark 22;VEV_6500;XIREC;0.0;3
461200;Mark 14;Mark 22;VEV_5300;XIREC;37.0;3
461200;Mark 01;Mark 22;VEV_5400;XIREC;10.0;3
461200;Mark 01;Mark 22;VEV_5500;XIREC;3.0;3
463600;SUBMISSION;;VELVETFRUIT_EXTRACT;XIREC;5238.0;3
463600;Mark 67;Mark 49;VELVETFRUIT_EXTRACT;XIREC;5238.0;11
464700;Mark 67;Mark 22;VELVETFRUIT_EXTRACT;XIREC;5238.0;5
466000;SUBMISSION;Mark 55;VELVETFRUIT_EXTRACT;XIREC;5235.0;2
466000;Mark 01;Mark 55;VELVETFRUIT_EXTRACT;XIREC;5234.0;1
466400;SUBMISSION;;VELVETFRUIT_EXTRACT;XIREC;5233.0;2
466400;Mark 67;Mark 49;VELVETFRUIT_EXTRACT;XIREC;5233.0;14
467700;SUBMISSION;;VEV_5000;XIREC;239.0;1
468600;Mark 55;Mark 01;VELVETFRUIT_EXTRACT;XIREC;5239.0;4
472900;Mark 55;Mark 14;VELVETFRUIT_EXTRACT;XIREC;5238.0;6
473000;Mark 55;Mark 01;VELVETFRUIT_EXTRACT;XIREC;5238.0;4
473800;Mark 55;Mark 14;VELVETFRUIT_EXTRACT;XIREC;5239.0;3
474000;Mark 55;Mark 01;VELVETFRUIT_EXTRACT;XIREC;5238.0;5
477300;SUBMISSION;Mark 55;VELVETFRUIT_EXTRACT;XIREC;5245.0;1
477300;Mark 01;Mark 55;VELVETFRUIT_EXTRACT;XIREC;5244.0;7
478900;Mark 38;Mark 14;HYDROGEL_PACK;XIREC;9997.0;3
480500;SUBMISSION;Mark 55;VELVETFRUIT_EXTRACT;XIREC;5241.0;1
480500;Mark 14;Mark 55;VELVETFRUIT_EXTRACT;XIREC;5240.0;2
480900;Mark 14;Mark 38;HYDROGEL_PACK;XIREC;9994.0;2
481400;Mark 14;Mark 38;HYDROGEL_PACK;XIREC;9996.0;2
481600;;SUBMISSION;HYDROGEL_PACK;XIREC;10001.0;11
482100;;SUBMISSION;VELVETFRUIT_EXTRACT;XIREC;5248.0;54
482400;Mark 38;SUBMISSION;HYDROGEL_PACK;XIREC;10012.0;3
483400;SUBMISSION;Mark 22;VEV_6000;XIREC;0.0;5
483400;SUBMISSION;Mark 22;VEV_6500;XIREC;0.0;5
483400;Mark 55;Mark 01;VELVETFRUIT_EXTRACT;XIREC;5249.0;3
483400;Mark 14;Mark 22;VEV_5300;XIREC;40.0;5
483400;Mark 01;Mark 22;VEV_5400;XIREC;12.0;5
483400;Mark 01;Mark 22;VEV_5500;XIREC;4.0;5
486000;SUBMISSION;Mark 55;VELVETFRUIT_EXTRACT;XIREC;5238.0;5
486200;Mark 55;Mark 01;VELVETFRUIT_EXTRACT;XIREC;5242.0;8
486700;SUBMISSION;Mark 55;VELVETFRUIT_EXTRACT;XIREC;5237.0;8
488200;SUBMISSION;Mark 38;HYDROGEL_PACK;XIREC;9995.0;2
488600;Mark 38;SUBMISSION;VEV_4000;XIREC;1242.0;2
488700;SUBMISSION;Mark 38;HYDROGEL_PACK;XIREC;9986.0;3
488700;Mark 14;Mark 38;HYDROGEL_PACK;XIREC;9985.0;2
490600;Mark 38;SUBMISSION;VEV_4000;XIREC;1246.0;2
492000;SUBMISSION;Mark 55;VELVETFRUIT_EXTRACT;XIREC;5242.0;5
493000;SUBMISSION;;VELVETFRUIT_EXTRACT;XIREC;5240.0;10
493000;Mark 67;Mark 49;VELVETFRUIT_EXTRACT;XIREC;5240.0;12
493500;SUBMISSION;Mark 55;VELVETFRUIT_EXTRACT;XIREC;5240.0;6
493800;Mark 38;SUBMISSION;HYDROGEL_PACK;XIREC;10019.0;6
494300;Mark 55;Mark 01;VELVETFRUIT_EXTRACT;XIREC;5244.0;6
495100;Mark 55;Mark 01;VELVETFRUIT_EXTRACT;XIREC;5247.0;8
495700;SUBMISSION;Mark 38;HYDROGEL_PACK;XIREC;9986.0;3
495700;SUBMISSION;Mark 22;VEV_6000;XIREC;0.0;5
495700;SUBMISSION;Mark 22;VEV_6500;XIREC;0.0;5
495700;Mark 01;Mark 22;VEV_5400;XIREC;11.0;5
495700;Mark 01;Mark 22;VEV_5500;XIREC;4.0;5
498100;SUBMISSION;Mark 55;VELVETFRUIT_EXTRACT;XIREC;5243.0;5
498100;Mark 01;Mark 55;VELVETFRUIT_EXTRACT;XIREC;5242.0;3
498500;SUBMISSION;Mark 38;HYDROGEL_PACK;XIREC;9978.0;4
499900;Mark 38;SUBMISSION;VEV_4000;XIREC;1251.0;3
500000;Mark 55;Mark 14;VELVETFRUIT_EXTRACT;XIREC;5248.0;3
500600;SUBMISSION;Mark 38;HYDROGEL_PACK;XIREC;9977.0;3
500600;Mark 14;Mark 38;HYDROGEL_PACK;XIREC;9976.0;2
501300;Mark 55;Mark 01;VELVETFRUIT_EXTRACT;XIREC;5247.0;7
501600;SUBMISSION;Mark 38;HYDROGEL_PACK;XIREC;9977.0;2
501600;Mark 14;Mark 38;HYDROGEL_PACK;XIREC;9976.0;2
501900;SUBMISSION;Mark 22;VEV_6000;XIREC;0.0;3
501900;SUBMISSION;Mark 22;VEV_6500;XIREC;0.0;3
501900;Mark 01;Mark 22;VEV_5300;XIREC;38.0;3
501900;Mark 01;Mark 22;VEV_5400;XIREC;11.0;3
501900;Mark 01;Mark 22;VEV_5500;XIREC;4.0;3
503600;SUBMISSION;Mark 38;HYDROGEL_PACK;XIREC;9976.0;1
503600;Mark 14;Mark 38;HYDROGEL_PACK;XIREC;9975.0;1
505100;SUBMISSION;Mark 55;VELVETFRUIT_EXTRACT;XIREC;5233.0;5
505100;Mark 01;Mark 55;VELVETFRUIT_EXTRACT;XIREC;5232.0;2
507400;SUBMISSION;;VELVETFRUIT_EXTRACT;XIREC;5235.0;4
508800;SUBMISSION;;VEV_4000;XIREC;1235.0;4
508800;SUBMISSION;Mark 22;VEV_6000;XIREC;0.0;5
508800;SUBMISSION;Mark 22;VEV_6500;XIREC;0.0;5
508800;Mark 01;Mark 22;VEV_5400;XIREC;10.0;5
508800;Mark 01;Mark 22;VEV_5500;XIREC;3.0;5
511000;SUBMISSION;Mark 38;HYDROGEL_PACK;XIREC;9990.0;1
511000;Mark 14;Mark 38;HYDROGEL_PACK;XIREC;9989.0;5
512800;SUBMISSION;Mark 38;HYDROGEL_PACK;XIREC;9983.0;1
512800;Mark 14;Mark 38;HYDROGEL_PACK;XIREC;9982.0;3
513600;Mark 55;Mark 14;VELVETFRUIT_EXTRACT;XIREC;5244.0;5
516400;;SUBMISSION;VELVETFRUIT_EXTRACT;XIREC;5247.0;19
516500;Mark 14;Mark 38;HYDROGEL_PACK;XIREC;9977.0;5
519600;SUBMISSION;Mark 22;VEV_6000;XIREC;0.0;5
519600;SUBMISSION;Mark 22;VEV_6500;XIREC;0.0;5
519600;Mark 14;Mark 22;VEV_5200;XIREC;87.0;5
519600;Mark 01;Mark 22;VEV_5300;XIREC;40.0;5
519600;Mark 01;Mark 22;VEV_5400;XIREC;12.0;5
519600;Mark 01;Mark 22;VEV_5500;XIREC;4.0;5
519800;SUBMISSION;Mark 55;VELVETFRUIT_EXTRACT;XIREC;5244.0;5
519800;Mark 38;Mark 14;HYDROGEL_PACK;XIREC;9982.0;6
521000;Mark 38;SUBMISSION;VEV_4000;XIREC;1252.0;1
521700;Mark 67;Mark 22;VELVETFRUIT_EXTRACT;XIREC;5244.0;8
524600;SUBMISSION;;VELVETFRUIT_EXTRACT;XIREC;5244.0;5
524600;Mark 14;Mark 38;HYDROGEL_PACK;XIREC;9969.0;5
526300;Mark 14;Mark 38;HYDROGEL_PACK;XIREC;9966.0;3
527200;SUBMISSION;Mark 55;VELVETFRUIT_EXTRACT;XIREC;5245.0;3
527200;Mark 14;Mark 55;VELVETFRUIT_EXTRACT;XIREC;5244.0;4
527300;Mark 55;Mark 14;VELVETFRUIT_EXTRACT;XIREC;5248.0;5
529800;Mark 55;Mark 14;VELVETFRUIT_EXTRACT;XIREC;5249.0;3
530600;Mark 67;Mark 22;VELVETFRUIT_EXTRACT;XIREC;5246.0;5
530900;Mark 14;Mark 38;HYDROGEL_PACK;XIREC;9988.0;3
533300;Mark 55;Mark 22;VELVETFRUIT_EXTRACT;XIREC;5243.0;3
534700;Mark 14;Mark 38;HYDROGEL_PACK;XIREC;9958.0;3
534900;Mark 38;Mark 14;HYDROGEL_PACK;XIREC;9976.0;3
535100;Mark 14;Mark 38;HYDROGEL_PACK;XIREC;9961.0;2
536500;Mark 38;SUBMISSION;VEV_4000;XIREC;1247.0;2
538700;Mark 55;Mark 14;VELVETFRUIT_EXTRACT;XIREC;5247.0;5
540500;Mark 38;Mark 14;HYDROGEL_PACK;XIREC;9982.0;2
540600;Mark 38;Mark 14;HYDROGEL_PACK;XIREC;9980.0;2
541400;Mark 55;Mark 14;VELVETFRUIT_EXTRACT;XIREC;5243.0;8
543800;Mark 38;Mark 14;HYDROGEL_PACK;XIREC;9975.0;6
543900;SUBMISSION;Mark 38;VEV_4000;XIREC;1236.0;1
544400;Mark 38;Mark 14;HYDROGEL_PACK;XIREC;9976.0;6
544700;Mark 55;Mark 01;VELVETFRUIT_EXTRACT;XIREC;5243.0;8
545400;Mark 55;Mark 14;VELVETFRUIT_EXTRACT;XIREC;5240.0;7
545900;Mark 55;Mark 14;VELVETFRUIT_EXTRACT;XIREC;5238.0;5
547000;Mark 14;Mark 38;HYDROGEL_PACK;XIREC;9969.0;6
547100;SUBMISSION;;VELVETFRUIT_EXTRACT;XIREC;5237.0;4
547100;Mark 67;Mark 49;VELVETFRUIT_EXTRACT;XIREC;5237.0;13
547600;SUBMISSION;;VEV_5000;XIREC;245.0;1
548000;SUBMISSION;Mark 55;VELVETFRUIT_EXTRACT;XIREC;5236.0;3
548000;Mark 01;Mark 55;VELVETFRUIT_EXTRACT;XIREC;5235.0;2
548500;Mark 14;Mark 38;HYDROGEL_PACK;XIREC;9963.0;6
548600;SUBMISSION;;VEV_4000;XIREC;1237.0;2
548600;SUBMISSION;Mark 22;VEV_6000;XIREC;0.0;2
548600;SUBMISSION;Mark 22;VEV_6500;XIREC;0.0;2
548600;Mark 01;Mark 22;VEV_5300;XIREC;36.0;2
548900;Mark 55;Mark 01;VELVETFRUIT_EXTRACT;XIREC;5240.0;7
551500;SUBMISSION;Mark 55;VELVETFRUIT_EXTRACT;XIREC;5239.0;2
551500;Mark 01;Mark 55;VELVETFRUIT_EXTRACT;XIREC;5238.0;4
553400;Mark 38;Mark 14;HYDROGEL_PACK;XIREC;9968.0;2
554600;SUBMISSION;Mark 55;VELVETFRUIT_EXTRACT;XIREC;5241.0;2
554600;SUBMISSION;Mark 22;VEV_6000;XIREC;0.0;5
554600;SUBMISSION;Mark 22;VEV_6500;XIREC;0.0;5
554600;Mark 14;Mark 55;VELVETFRUIT_EXTRACT;XIREC;5240.0;5
554600;Mark 14;Mark 22;VEV_5300;XIREC;38.0;5
554600;Mark 01;Mark 22;VEV_5400;XIREC;11.0;5
554600;Mark 01;Mark 22;VEV_5500;XIREC;4.0;5
555000;Mark 55;Mark 01;VELVETFRUIT_EXTRACT;XIREC;5246.0;3
555700;SUBMISSION;Mark 55;VELVETFRUIT_EXTRACT;XIREC;5240.0;1
555700;SUBMISSION;Mark 22;VEV_6000;XIREC;0.0;3
555700;SUBMISSION;Mark 22;VEV_6500;XIREC;0.0;3
555700;Mark 14;Mark 55;VELVETFRUIT_EXTRACT;XIREC;5239.0;6
555700;Mark 01;Mark 22;VEV_5400;XIREC;11.0;3
555700;Mark 01;Mark 22;VEV_5500;XIREC;4.0;3
556000;Mark 38;Mark 14;HYDROGEL_PACK;XIREC;9976.0;5
556100;Mark 38;Mark 14;HYDROGEL_PACK;XIREC;9976.0;5
556700;SUBMISSION;Mark 55;VELVETFRUIT_EXTRACT;XIREC;5239.0;1
556700;Mark 14;Mark 55;VELVETFRUIT_EXTRACT;XIREC;5238.0;7
558800;Mark 55;Mark 14;VELVETFRUIT_EXTRACT;XIREC;5241.0;8
558900;Mark 55;Mark 14;VELVETFRUIT_EXTRACT;XIREC;5241.0;7
561000;Mark 38;Mark 14;HYDROGEL_PACK;XIREC;9996.0;4
561100;Mark 14;Mark 55;VELVETFRUIT_EXTRACT;XIREC;5234.0;6
561300;Mark 14;Mark 55;VELVETFRUIT_EXTRACT;XIREC;5234.0;3
563200;SUBMISSION;Mark 38;VEV_4000;XIREC;1234.0;3
563700;Mark 38;SUBMISSION;VEV_4000;XIREC;1241.0;1
564900;Mark 14;Mark 55;VELVETFRUIT_EXTRACT;XIREC;5233.0;6
566100;Mark 14;Mark 55;VELVETFRUIT_EXTRACT;XIREC;5233.0;3
566300;Mark 55;Mark 01;VELVETFRUIT_EXTRACT;XIREC;5235.0;5
566700;SUBMISSION;Mark 22;VEV_6000;XIREC;0.0;2
566700;SUBMISSION;Mark 22;VEV_6500;XIREC;0.0;2
566700;Mark 01;Mark 22;VEV_5400;XIREC;9.0;2
566700;Mark 01;Mark 22;VEV_5500;XIREC;3.0;2
568500;Mark 14;Mark 38;HYDROGEL_PACK;XIREC;9971.0;2
569800;Mark 01;Mark 55;VELVETFRUIT_EXTRACT;XIREC;5225.0;5
571300;SUBMISSION;Mark 38;VEV_4000;XIREC;1224.0;3
573500;Mark 01;Mark 55;VELVETFRUIT_EXTRACT;XIREC;5232.0;5
573500;Mark 14;Mark 38;VEV_4000;XIREC;1224.0;2
573700;Mark 55;Mark 01;VELVETFRUIT_EXTRACT;XIREC;5237.0;3
573800;Mark 38;Mark 14;HYDROGEL_PACK;XIREC;9989.0;3
574200;Mark 38;Mark 14;HYDROGEL_PACK;XIREC;9988.0;6
575100;SUBMISSION;Mark 22;VEV_6000;XIREC;0.0;4
575100;SUBMISSION;Mark 22;VEV_6500;XIREC;0.0;4
575100;Mark 01;Mark 22;VEV_5400;XIREC;9.0;4
575100;Mark 01;Mark 22;VEV_5500;XIREC;3.0;4
576500;Mark 14;Mark 55;VELVETFRUIT_EXTRACT;XIREC;5225.0;7
576700;Mark 38;Mark 14;HYDROGEL_PACK;XIREC;10000.0;5
577700;Mark 14;Mark 55;VELVETFRUIT_EXTRACT;XIREC;5223.0;8
577800;SUBMISSION;;VEV_5000;XIREC;232.0;1
578300;Mark 38;Mark 14;HYDROGEL_PACK;XIREC;9992.0;6
578300;Mark 14;Mark 55;VELVETFRUIT_EXTRACT;XIREC;5223.0;8
578800;SUBMISSION;;VEV_5000;XIREC;228.0;3
579000;SUBMISSION;;VEV_5000;XIREC;226.0;1
579100;SUBMISSION;;VEV_5000;XIREC;225.0;1
581600;Mark 38;Mark 14;HYDROGEL_PACK;XIREC;10000.0;2
582600;Mark 14;Mark 38;HYDROGEL_PACK;XIREC;9980.0;4
584500;;SUBMISSION;HYDROGEL_PACK;XIREC;10001.0;13
585200;Mark 14;Mark 38;HYDROGEL_PACK;XIREC;10005.0;6
587100;SUBMISSION;Mark 22;VEV_6000;XIREC;0.0;4
587100;SUBMISSION;Mark 22;VEV_6500;XIREC;0.0;4
587100;Mark 14;Mark 22;VEV_5300;XIREC;28.0;4
587100;Mark 01;Mark 22;VEV_5400;XIREC;7.0;4
587100;Mark 01;Mark 22;VEV_5500;XIREC;2.0;4
587200;Mark 55;Mark 14;VELVETFRUIT_EXTRACT;XIREC;5214.0;6
587500;Mark 14;Mark 38;VEV_4000;XIREC;1202.0;1
587700;Mark 38;SUBMISSION;HYDROGEL_PACK;XIREC;10012.0;4
588400;Mark 38;SUBMISSION;HYDROGEL_PACK;XIREC;10014.0;6
588400;Mark 55;Mark 14;VELVETFRUIT_EXTRACT;XIREC;5217.0;5
588500;SUBMISSION;Mark 22;VEV_6000;XIREC;0.0;4
588500;SUBMISSION;Mark 22;VEV_6500;XIREC;0.0;4
588500;Mark 01;Mark 22;VEV_5300;XIREC;28.0;4
588500;Mark 01;Mark 22;VEV_5400;XIREC;7.0;4
588500;Mark 01;Mark 22;VEV_5500;XIREC;2.0;4
588800;Mark 38;SUBMISSION;HYDROGEL_PACK;XIREC;10015.0;2
589300;SUBMISSION;Mark 38;HYDROGEL_PACK;XIREC;10001.0;3
589400;Mark 01;Mark 55;VELVETFRUIT_EXTRACT;XIREC;5212.0;3
590700;Mark 38;SUBMISSION;VEV_4000;XIREC;1220.0;1
592000;Mark 55;Mark 01;VELVETFRUIT_EXTRACT;XIREC;5223.0;6
592200;Mark 38;SUBMISSION;HYDROGEL_PACK;XIREC;10019.0;4
593000;SUBMISSION;Mark 22;VEV_6000;XIREC;0.0;5
593000;SUBMISSION;Mark 22;VEV_6500;XIREC;0.0;5
593000;Mark 01;Mark 22;VEV_5400;XIREC;8.0;5
593000;Mark 01;Mark 22;VEV_5500;XIREC;3.0;5
593300;;SUBMISSION;HYDROGEL_PACK;XIREC;10011.0;7
593400;;SUBMISSION;HYDROGEL_PACK;XIREC;10017.0;11
593400;;SUBMISSION;HYDROGEL_PACK;XIREC;10015.0;6
593500;;SUBMISSION;HYDROGEL_PACK;XIREC;10014.0;12
593600;;SUBMISSION;HYDROGEL_PACK;XIREC;10014.0;12
593700;;SUBMISSION;HYDROGEL_PACK;XIREC;10012.0;9
593800;;SUBMISSION;HYDROGEL_PACK;XIREC;10012.0;9
593900;;SUBMISSION;HYDROGEL_PACK;XIREC;10008.0;3
594000;;SUBMISSION;HYDROGEL_PACK;XIREC;10009.0;4
594100;;SUBMISSION;HYDROGEL_PACK;XIREC;10009.0;4
594200;;SUBMISSION;HYDROGEL_PACK;XIREC;10011.0;7
594300;;SUBMISSION;HYDROGEL_PACK;XIREC;10008.0;2
594800;;SUBMISSION;HYDROGEL_PACK;XIREC;10008.0;2
596100;Mark 14;Mark 38;HYDROGEL_PACK;XIREC;10002.0;3
596600;Mark 38;SUBMISSION;HYDROGEL_PACK;XIREC;10011.0;6
597500;Mark 38;SUBMISSION;HYDROGEL_PACK;XIREC;10014.0;4
598300;;SUBMISSION;HYDROGEL_PACK;XIREC;10007.0;2
598800;;SUBMISSION;HYDROGEL_PACK;XIREC;10006.0;1
599000;;SUBMISSION;HYDROGEL_PACK;XIREC;10006.0;1
599100;;SUBMISSION;HYDROGEL_PACK;XIREC;10007.0;2
599200;;SUBMISSION;HYDROGEL_PACK;XIREC;10007.0;2
600300;Mark 38;SUBMISSION;VEV_4000;XIREC;1249.0;2
600900;;SUBMISSION;HYDROGEL_PACK;XIREC;10006.0;1
601000;;SUBMISSION;HYDROGEL_PACK;XIREC;10006.0;1
601100;;SUBMISSION;HYDROGEL_PACK;XIREC;10009.0;7
601200;;SUBMISSION;HYDROGEL_PACK;XIREC;10011.0;11
601300;;SUBMISSION;HYDROGEL_PACK;XIREC;10011.0;11
601400;;SUBMISSION;HYDROGEL_PACK;XIREC;10014.0;14
601400;;SUBMISSION;HYDROGEL_PACK;XIREC;10011.0;3
601500;;SUBMISSION;HYDROGEL_PACK;XIREC;10012.0;11
601500;;SUBMISSION;HYDROGEL_PACK;XIREC;10010.0;2
601600;;SUBMISSION;HYDROGEL_PACK;XIREC;10013.0;15
601600;Mark 14;Mark 38;HYDROGEL_PACK;XIREC;10013.0;6
601700;;SUBMISSION;HYDROGEL_PACK;XIREC;10016.0;11
601700;;SUBMISSION;HYDROGEL_PACK;XIREC;10014.0;9
601800;;SUBMISSION;HYDROGEL_PACK;XIREC;10014.0;14
601800;;SUBMISSION;HYDROGEL_PACK;XIREC;10011.0;2
601900;;SUBMISSION;HYDROGEL_PACK;XIREC;10012.0;12
601900;;SUBMISSION;HYDROGEL_PACK;XIREC;10009.0;1
602000;;SUBMISSION;HYDROGEL_PACK;XIREC;10012.0;13
602100;;SUBMISSION;HYDROGEL_PACK;XIREC;10012.0;11
602100;;SUBMISSION;HYDROGEL_PACK;XIREC;10009.0;2
602200;;SUBMISSION;HYDROGEL_PACK;XIREC;10015.0;13
602200;;SUBMISSION;HYDROGEL_PACK;XIREC;10012.0;5
602300;;SUBMISSION;HYDROGEL_PACK;XIREC;10016.0;12
602300;;SUBMISSION;HYDROGEL_PACK;XIREC;10014.0;8
602400;;SUBMISSION;HYDROGEL_PACK;XIREC;10017.0;5
602500;;SUBMISSION;HYDROGEL_PACK;XIREC;10019.0;4
602700;;SUBMISSION;HYDROGEL_PACK;XIREC;10020.0;2
603200;;SUBMISSION;HYDROGEL_PACK;XIREC;10023.0;6
603800;;SUBMISSION;HYDROGEL_PACK;XIREC;10024.0;1
604100;SUBMISSION;Mark 22;VEV_6000;XIREC;0.0;2
604100;SUBMISSION;Mark 22;VEV_6500;XIREC;0.0;2
604100;Mark 01;Mark 22;VEV_5300;XIREC;38.0;2
604100;Mark 01;Mark 22;VEV_5400;XIREC;11.0;2
604100;Mark 01;Mark 22;VEV_5500;XIREC;4.0;2
604300;;SUBMISSION;HYDROGEL_PACK;XIREC;10026.0;3
604400;;SUBMISSION;HYDROGEL_PACK;XIREC;10027.0;1
604400;Mark 38;SUBMISSION;HYDROGEL_PACK;XIREC;10042.0;3
604500;Mark 55;Mark 14;VELVETFRUIT_EXTRACT;XIREC;5245.0;7
605100;SUBMISSION;Mark 38;VEV_4000;XIREC;1238.0;3
606100;;SUBMISSION;VELVETFRUIT_EXTRACT;XIREC;5248.0;19
606100;;SUBMISSION;VELVETFRUIT_EXTRACT;XIREC;5247.0;37
607400;Mark 38;SUBMISSION;VEV_4000;XIREC;1254.0;2
608800;Mark 55;SUBMISSION;VELVETFRUIT_EXTRACT;XIREC;5254.0;3
608900;Mark 14;Mark 38;HYDROGEL_PACK;XIREC;10031.0;2
610900;SUBMISSION;Mark 38;VEV_4000;XIREC;1244.0;2
610900;Mark 14;Mark 38;HYDROGEL_PACK;XIREC;10029.0;5
610900;Mark 14;Mark 38;VEV_4000;XIREC;1239.0;1
611300;Mark 67;Mark 22;VELVETFRUIT_EXTRACT;XIREC;5244.0;6
612300;SUBMISSION;Mark 55;VELVETFRUIT_EXTRACT;XIREC;5242.0;8
614100;Mark 67;Mark 22;VELVETFRUIT_EXTRACT;XIREC;5244.0;10
616700;Mark 55;Mark 14;VELVETFRUIT_EXTRACT;XIREC;5237.0;4
617200;Mark 55;Mark 01;VELVETFRUIT_EXTRACT;XIREC;5237.0;6
620000;Mark 14;Mark 38;HYDROGEL_PACK;XIREC;10010.0;5
620800;Mark 55;Mark 14;VELVETFRUIT_EXTRACT;XIREC;5234.0;4
622600;SUBMISSION;Mark 22;VEV_6000;XIREC;0.0;4
622600;SUBMISSION;Mark 22;VEV_6500;XIREC;0.0;4
622600;Mark 01;Mark 22;VEV_5400;XIREC;10.0;4
622600;Mark 01;Mark 22;VEV_5500;XIREC;3.0;4
624000;Mark 14;Mark 38;VEV_4000;XIREC;1226.0;2
624200;Mark 14;Mark 38;VEV_4000;XIREC;1226.0;2
625900;Mark 38;SUBMISSION;VEV_4000;XIREC;1248.0;2
626300;Mark 55;Mark 14;VELVETFRUIT_EXTRACT;XIREC;5248.0;5
627100;Mark 38;SUBMISSION;VEV_4000;XIREC;1249.0;3
627400;Mark 55;Mark 14;VELVETFRUIT_EXTRACT;XIREC;5246.0;7
629200;SUBMISSION;Mark 55;VELVETFRUIT_EXTRACT;XIREC;5244.0;5
630700;Mark 14;Mark 38;HYDROGEL_PACK;XIREC;10010.0;3
630800;SUBMISSION;;VELVETFRUIT_EXTRACT;XIREC;5242.0;11
631400;Mark 14;Mark 38;HYDROGEL_PACK;XIREC;10002.0;3
633100;Mark 38;SUBMISSION;HYDROGEL_PACK;XIREC;10016.0;6
634300;Mark 38;SUBMISSION;HYDROGEL_PACK;XIREC;10008.0;4
634400;Mark 55;Mark 01;VELVETFRUIT_EXTRACT;XIREC;5245.0;5
635100;SUBMISSION;Mark 38;VEV_4000;XIREC;1240.0;3
636200;SUBMISSION;;VELVETFRUIT_EXTRACT;XIREC;5246.0;8
637900;Mark 38;SUBMISSION;VEV_4000;XIREC;1251.0;3
638600;SUBMISSION;;VELVETFRUIT_EXTRACT;XIREC;5246.0;6
640000;SUBMISSION;Mark 38;HYDROGEL_PACK;XIREC;10001.0;2
641500;Mark 55;Mark 14;VELVETFRUIT_EXTRACT;XIREC;5248.0;5
642400;SUBMISSION;Mark 22;VEV_6000;XIREC;0.0;2
642400;SUBMISSION;Mark 22;VEV_6500;XIREC;0.0;2
642400;Mark 01;Mark 22;VEV_5400;XIREC;11.0;2
642400;Mark 01;Mark 22;VEV_5500;XIREC;4.0;2
643000;SUBMISSION;Mark 55;VELVETFRUIT_EXTRACT;XIREC;5240.0;5
643000;Mark 14;Mark 55;VELVETFRUIT_EXTRACT;XIREC;5239.0;1
643300;Mark 38;SUBMISSION;VEV_4000;XIREC;1247.0;1
644500;SUBMISSION;Mark 22;VEV_6000;XIREC;0.0;4
644500;SUBMISSION;Mark 22;VEV_6500;XIREC;0.0;4
644500;Mark 01;Mark 22;VEV_5400;XIREC;11.0;4
644500;Mark 01;Mark 22;VEV_5500;XIREC;4.0;4
645000;Mark 14;Mark 38;HYDROGEL_PACK;XIREC;10016.0;4
648700;SUBMISSION;Mark 38;VEV_4000;XIREC;1240.0;3
650000;Mark 14;Mark 38;HYDROGEL_PACK;XIREC;10029.0;4
650200;Mark 55;Mark 01;VELVETFRUIT_EXTRACT;XIREC;5246.0;6
650600;Mark 67;Mark 49;VELVETFRUIT_EXTRACT;XIREC;5244.0;8
651100;SUBMISSION;;VELVETFRUIT_EXTRACT;XIREC;5240.0;5
651300;Mark 55;Mark 01;VELVETFRUIT_EXTRACT;XIREC;5247.0;8
653800;Mark 55;SUBMISSION;VELVETFRUIT_EXTRACT;XIREC;5251.0;5
655500;Mark 14;Mark 38;HYDROGEL_PACK;XIREC;10024.0;3
656600;Mark 67;SUBMISSION;VELVETFRUIT_EXTRACT;XIREC;5252.0;8
658100;Mark 38;SUBMISSION;VEV_4000;XIREC;1258.0;3
658300;Mark 14;Mark 55;VELVETFRUIT_EXTRACT;XIREC;5249.0;3
659100;;SUBMISSION;VELVETFRUIT_EXTRACT;XIREC;5253.0;4
659200;;SUBMISSION;VELVETFRUIT_EXTRACT;XIREC;5253.0;4
659300;;SUBMISSION;VELVETFRUIT_EXTRACT;XIREC;5254.0;8
659400;;SUBMISSION;VELVETFRUIT_EXTRACT;XIREC;5253.0;6
659500;Mark 38;SUBMISSION;HYDROGEL_PACK;XIREC;10045.0;5
659500;;SUBMISSION;VELVETFRUIT_EXTRACT;XIREC;5254.0;8
659600;;SUBMISSION;VELVETFRUIT_EXTRACT;XIREC;5255.0;11
659700;;SUBMISSION;VELVETFRUIT_EXTRACT;XIREC;5255.0;11
659800;;SUBMISSION;VELVETFRUIT_EXTRACT;XIREC;5256.0;9
659800;Mark 01;Mark 55;VELVETFRUIT_EXTRACT;XIREC;5256.0;6
659900;;SUBMISSION;VELVETFRUIT_EXTRACT;XIREC;5255.0;11
660000;;SUBMISSION;VELVETFRUIT_EXTRACT;XIREC;5255.0;11
660100;;SUBMISSION;VELVETFRUIT_EXTRACT;XIREC;5254.0;8
660200;;SUBMISSION;VELVETFRUIT_EXTRACT;XIREC;5255.0;11
660300;;SUBMISSION;VELVETFRUIT_EXTRACT;XIREC;5255.0;11
660400;;SUBMISSION;VELVETFRUIT_EXTRACT;XIREC;5255.0;11
660500;;SUBMISSION;VELVETFRUIT_EXTRACT;XIREC;5255.0;13
660600;;SUBMISSION;VELVETFRUIT_EXTRACT;XIREC;5255.0;11
660700;;SUBMISSION;VELVETFRUIT_EXTRACT;XIREC;5253.0;4
660800;;SUBMISSION;VELVETFRUIT_EXTRACT;XIREC;5253.0;4
660900;;SUBMISSION;VELVETFRUIT_EXTRACT;XIREC;5252.0;1
661900;Mark 14;Mark 38;HYDROGEL_PACK;XIREC;10024.0;6
662600;Mark 55;SUBMISSION;VELVETFRUIT_EXTRACT;XIREC;5250.0;6
663000;Mark 14;Mark 38;HYDROGEL_PACK;XIREC;10025.0;2
664800;;SUBMISSION;VELVETFRUIT_EXTRACT;XIREC;5253.0;6
664900;;SUBMISSION;VELVETFRUIT_EXTRACT;XIREC;5254.0;12
665000;;SUBMISSION;VELVETFRUIT_EXTRACT;XIREC;5255.0;14
665100;;SUBMISSION;VELVETFRUIT_EXTRACT;XIREC;5255.0;14
665200;;SUBMISSION;VELVETFRUIT_EXTRACT;XIREC;5256.0;12
665300;;SUBMISSION;VELVETFRUIT_EXTRACT;XIREC;5256.0;17
665400;;SUBMISSION;VELVETFRUIT_EXTRACT;XIREC;5254.0;10
665500;;SUBMISSION;VELVETFRUIT_EXTRACT;XIREC;5254.0;4
665600;;SUBMISSION;VELVETFRUIT_EXTRACT;XIREC;5254.0;10
665700;;SUBMISSION;VELVETFRUIT_EXTRACT;XIREC;5254.0;10
665800;;SUBMISSION;VELVETFRUIT_EXTRACT;XIREC;5254.0;10
665900;;SUBMISSION;VELVETFRUIT_EXTRACT;XIREC;5254.0;9
665900;;SUBMISSION;VEV_5000;XIREC;257.0;3
666000;;SUBMISSION;VEV_5000;XIREC;257.0;6
666000;;SUBMISSION;VEV_5000;XIREC;256.0;6
666100;;SUBMISSION;VEV_5000;XIREC;257.0;10
666200;;SUBMISSION;VEV_5000;XIREC;255.0;2
666300;;SUBMISSION;VEV_5000;XIREC;255.0;2
666400;;SUBMISSION;VEV_5000;XIREC;255.0;4
666500;;SUBMISSION;VEV_5000;XIREC;255.0;4
666500;SUBMISSION;Mark 22;VEV_6000;XIREC;0.0;2
666500;SUBMISSION;Mark 22;VEV_6500;XIREC;0.0;2
666500;Mark 14;Mark 22;VEV_5200;XIREC;91.0;2
666500;Mark 01;Mark 22;VEV_5300;XIREC;42.0;2
666500;Mark 01;Mark 22;VEV_5400;XIREC;12.0;2
666500;Mark 01;Mark 22;VEV_5500;XIREC;4.0;2
666600;;SUBMISSION;VEV_5000;XIREC;254.0;2
666700;;SUBMISSION;VEV_5000;XIREC;254.0;2
666800;;SUBMISSION;VEV_5000;XIREC;257.0;10
666900;;SUBMISSION;VEV_5000;XIREC;256.0;10
667000;;SUBMISSION;VEV_5000;XIREC;255.0;4
667100;;SUBMISSION;VEV_5000;XIREC;256.0;7
667100;;SUBMISSION;VEV_5000;XIREC;255.0;1
667200;;SUBMISSION;VEV_5000;XIREC;256.0;10
667300;;SUBMISSION;VEV_5000;XIREC;255.0;6
667400;;SUBMISSION;VEV_5000;XIREC;257.0;11
667400;;SUBMISSION;VEV_5000;XIREC;256.0;1
667500;;SUBMISSION;VEV_5000;XIREC;257.0;12
667600;;SUBMISSION;VELVETFRUIT_EXTRACT;XIREC;5255.0;3
667600;;SUBMISSION;VEV_5000;XIREC;257.0;11
667700;;SUBMISSION;VEV_5000;XIREC;257.0;13
667800;;SUBMISSION;VELVETFRUIT_EXTRACT;XIREC;5257.0;10
667800;Mark 55;SUBMISSION;VELVETFRUIT_EXTRACT;XIREC;5261.0;5
667800;;SUBMISSION;VEV_5000;XIREC;259.0;7
667800;;SUBMISSION;VEV_5000;XIREC;258.0;4
667900;;SUBMISSION;VELVETFRUIT_EXTRACT;XIREC;5259.0;9
667900;;SUBMISSION;VEV_5000;XIREC;261.0;21
668000;;SUBMISSION;VEV_5000;XIREC;260.0;23
668100;;SUBMISSION;VEV_5000;XIREC;261.0;11
668100;;SUBMISSION;VEV_5000;XIREC;260.0;14
668200;;SUBMISSION;VEV_5000;XIREC;261.0;6
668200;;SUBMISSION;VEV_5000;XIREC;260.0;22
668300;;SUBMISSION;VEV_5000;XIREC;260.0;8
668300;;SUBMISSION;VEV_5000;XIREC;259.0;16
668400;;SUBMISSION;VEV_5000;XIREC;260.0;24
668500;;SUBMISSION;VEV_5000;XIREC;259.0;23
668600;;SUBMISSION;VEV_5000;XIREC;260.0;11
668600;;SUBMISSION;VEV_5000;XIREC;259.0;10
668700;;SUBMISSION;VEV_5000;XIREC;261.0;8
668700;;SUBMISSION;VEV_5000;XIREC;260.0;19
668800;;SUBMISSION;VEV_5000;XIREC;260.0;8
668800;;SUBMISSION;VEV_5000;XIREC;259.0;13
668900;;SUBMISSION;VEV_5000;XIREC;261.0;8
668900;;SUBMISSION;VEV_5000;XIREC;260.0;13
669000;;SUBMISSION;VELVETFRUIT_EXTRACT;XIREC;5261.0;7
669000;;SUBMISSION;VEV_5000;XIREC;263.0;28
669100;;SUBMISSION;VEV_5000;XIREC;263.0;9
669100;;SUBMISSION;VEV_5000;XIREC;262.0;11
669700;;SUBMISSION;VEV_5000;XIREC;265.0;2
669900;Mark 38;SUBMISSION;VEV_4000;XIREC;1270.0;3
672600;Mark 55;SUBMISSION;VELVETFRUIT_EXTRACT;XIREC;5270.0;3
672800;Mark 67;SUBMISSION;VELVETFRUIT_EXTRACT;XIREC;5270.0;10
672900;;SUBMISSION;VEV_5100;XIREC;179.0;27
673000;;SUBMISSION;VEV_5100;XIREC;180.0;11
673000;;SUBMISSION;VEV_5100;XIREC;179.0;19
673000;Mark 01;Mark 55;VELVETFRUIT_EXTRACT;XIREC;5270.0;5
673100;;SUBMISSION;VEV_5100;XIREC;181.0;26
673100;;SUBMISSION;VEV_5200;XIREC;104.0;10
673100;;SUBMISSION;VEV_5200;XIREC;103.0;16
673200;;SUBMISSION;VEV_5100;XIREC;179.0;27
673300;;SUBMISSION;VEV_5100;XIREC;179.0;29
673400;;SUBMISSION;VEV_5100;XIREC;179.0;30
673500;;SUBMISSION;VEV_5100;XIREC;179.0;30
673600;Mark 55;SUBMISSION;VELVETFRUIT_EXTRACT;XIREC;5274.0;6
674000;Mark 38;SUBMISSION;HYDROGEL_PACK;XIREC;10014.0;2
674100;;SUBMISSION;VEV_5100;XIREC;179.0;30
674400;Mark 38;SUBMISSION;HYDROGEL_PACK;XIREC;10011.0;4
674900;;SUBMISSION;VEV_5100;XIREC;180.0;29
675000;;SUBMISSION;VEV_5100;XIREC;179.0;23
675300;Mark 38;SUBMISSION;HYDROGEL_PACK;XIREC;10016.0;2
675600;Mark 38;SUBMISSION;HYDROGEL_PACK;XIREC;10017.0;3
675600;Mark 55;SUBMISSION;VELVETFRUIT_EXTRACT;XIREC;5271.0;7
676600;Mark 38;SUBMISSION;VEV_4000;XIREC;1274.0;2
678700;Mark 38;SUBMISSION;HYDROGEL_PACK;XIREC;10012.0;5
678700;;SUBMISSION;VEV_5100;XIREC;179.0;30
678700;Mark 38;Mark 14;HYDROGEL_PACK;XIREC;10013.0;1
678800;;SUBMISSION;VEV_5100;XIREC;180.0;29
678900;;SUBMISSION;VEV_5100;XIREC;180.0;23
679000;Mark 67;SUBMISSION;VELVETFRUIT_EXTRACT;XIREC;5272.0;5
679000;;SUBMISSION;VEV_5100;XIREC;180.0;22
679400;;SUBMISSION;VEV_5200;XIREC;104.0;23
679500;;SUBMISSION;VEV_5200;XIREC;105.0;11
679500;;SUBMISSION;VEV_5200;XIREC;104.0;15
679600;;SUBMISSION;VEV_5200;XIREC;105.0;6
679600;;SUBMISSION;VEV_5200;XIREC;104.0;24
679700;;SUBMISSION;VEV_5200;XIREC;105.0;24
679800;;SUBMISSION;VEV_5200;XIREC;105.0;9
679800;;SUBMISSION;VEV_5200;XIREC;104.0;21
679900;;SUBMISSION;VEV_5200;XIREC;105.0;12
679900;;SUBMISSION;VEV_5200;XIREC;104.0;18
680000;;SUBMISSION;VEV_5200;XIREC;104.0;29
680100;;SUBMISSION;VEV_5200;XIREC;104.0;12
680100;;SUBMISSION;VEV_5200;XIREC;103.0;18
680200;;SUBMISSION;VEV_5100;XIREC;180.0;11
680200;;SUBMISSION;VEV_5100;XIREC;179.0;16
680300;;SUBMISSION;VEV_5100;XIREC;180.0;9
680400;;SUBMISSION;VEV_5100;XIREC;180.0;3
680500;;SUBMISSION;VEV_5100;XIREC;180.0;3
680700;;SUBMISSION;VEV_5200;XIREC;104.0;9
680700;;SUBMISSION;VEV_5200;XIREC;103.0;15
680800;;SUBMISSION;VEV_5200;XIREC;104.0;8
680800;;SUBMISSION;VEV_5200;XIREC;103.0;21
680900;;SUBMISSION;VEV_5200;XIREC;104.0;8
680900;;SUBMISSION;VEV_5200;XIREC;103.0;20
681000;Mark 38;SUBMISSION;HYDROGEL_PACK;XIREC;10009.0;4
681000;;SUBMISSION;VEV_5200;XIREC;105.0;30
681000;Mark 38;Mark 14;HYDROGEL_PACK;XIREC;10010.0;1
681100;;SUBMISSION;VEV_5200;XIREC;104.0;25
681200;;SUBMISSION;VEV_5200;XIREC;105.0;24
681300;;SUBMISSION;VEV_4000;XIREC;1278.0;2
681300;;SUBMISSION;VEV_4000;XIREC;1267.0;11
681300;;SUBMISSION;VEV_4000;XIREC;1265.0;15
681300;;SUBMISSION;VEV_4500;XIREC;778.0;2
681300;;SUBMISSION;VEV_4500;XIREC;770.0;7
681300;;SUBMISSION;VEV_4500;XIREC;768.0;14
681300;;SUBMISSION;VEV_5200;XIREC;107.0;2
681300;;SUBMISSION;VEV_5200;XIREC;106.0;7
681300;;SUBMISSION;VEV_5200;XIREC;105.0;14
681400;;SUBMISSION;VEV_5200;XIREC;106.0;26
681400;;SUBMISSION;VEV_5300;XIREC;52.0;8
681400;;SUBMISSION;VEV_5300;XIREC;51.0;17
681500;;SUBMISSION;VEV_5200;XIREC;106.0;8
681500;;SUBMISSION;VEV_5200;XIREC;105.0;17
681600;;SUBMISSION;VEV_5200;XIREC;105.0;11
681600;;SUBMISSION;VEV_5200;XIREC;104.0;19
681700;;SUBMISSION;VEV_5200;XIREC;105.0;27
681800;;SUBMISSION;VEV_5200;XIREC;105.0;30
681900;;SUBMISSION;VEV_5200;XIREC;105.0;26
682000;;SUBMISSION;VEV_5300;XIREC;52.0;29
682100;;SUBMISSION;VEV_5300;XIREC;52.0;23
682200;;SUBMISSION;VEV_4000;XIREC;1270.0;8
682200;;SUBMISSION;VEV_4000;XIREC;1268.0;22
682200;;SUBMISSION;VEV_4500;XIREC;773.0;7
682200;;SUBMISSION;VEV_4500;XIREC;771.0;21
682200;;SUBMISSION;VEV_5300;XIREC;53.0;5
682200;;SUBMISSION;VEV_5300;XIREC;52.0;18
682300;;SUBMISSION;VEV_4000;XIREC;1269.0;10
682300;;SUBMISSION;VEV_4000;XIREC;1267.0;20
682300;;SUBMISSION;VEV_4500;XIREC;772.0;9
682300;;SUBMISSION;VEV_4500;XIREC;770.0;13
682300;;SUBMISSION;VEV_5300;XIREC;52.0;24
682400;;SUBMISSION;VEV_5300;XIREC;52.0;6
682400;;SUBMISSION;VEV_5300;XIREC;51.0;14
682700;;SUBMISSION;VEV_4000;XIREC;1269.0;7
682700;;SUBMISSION;VEV_4000;XIREC;1267.0;23
682700;;SUBMISSION;VEV_4500;XIREC;772.0;6
682700;;SUBMISSION;VEV_4500;XIREC;770.0;17
682700;;SUBMISSION;VEV_5300;XIREC;52.0;24
682800;Mark 55;SUBMISSION;VELVETFRUIT_EXTRACT;XIREC;5282.0;6
682800;;SUBMISSION;VEV_4000;XIREC;1270.0;7
682800;;SUBMISSION;VEV_4000;XIREC;1267.0;23
682800;;SUBMISSION;VEV_4500;XIREC;772.0;7
682800;;SUBMISSION;VEV_4500;XIREC;770.0;12
682800;;SUBMISSION;VEV_5300;XIREC;52.0;28
682900;;SUBMISSION;VEV_4000;XIREC;1269.0;9
682900;;SUBMISSION;VEV_4000;XIREC;1267.0;21
682900;;SUBMISSION;VEV_4500;XIREC;772.0;11
682900;;SUBMISSION;VEV_4500;XIREC;770.0;19
682900;;SUBMISSION;VEV_5300;XIREC;52.0;26
683000;;SUBMISSION;VEV_4000;XIREC;1270.0;9
683000;;SUBMISSION;VEV_4000;XIREC;1267.0;19
683000;;SUBMISSION;VEV_4500;XIREC;772.0;12
683000;;SUBMISSION;VEV_4500;XIREC;770.0;18
683000;;SUBMISSION;VEV_5300;XIREC;52.0;23
683100;;SUBMISSION;VEV_4000;XIREC;1270.0;9
683100;;SUBMISSION;VEV_4000;XIREC;1267.0;21
683100;;SUBMISSION;VEV_4500;XIREC;772.0;10
683100;;SUBMISSION;VEV_4500;XIREC;770.0;20
683100;;SUBMISSION;VEV_5300;XIREC;52.0;20
683200;;SUBMISSION;VEV_5300;XIREC;52.0;19
683300;;SUBMISSION;VEV_4000;XIREC;1270.0;14
683300;;SUBMISSION;VEV_4000;XIREC;1267.0;15
683300;;SUBMISSION;VEV_4500;XIREC;772.0;6
683300;;SUBMISSION;VEV_4500;XIREC;770.0;19
683300;;SUBMISSION;VEV_5300;XIREC;52.0;19
683400;;SUBMISSION;VEV_4000;XIREC;1269.0;15
683400;;SUBMISSION;VEV_4000;XIREC;1267.0;15
683400;;SUBMISSION;VEV_4500;XIREC;772.0;11
683400;;SUBMISSION;VEV_4500;XIREC;770.0;18
683400;;SUBMISSION;VEV_5300;XIREC;52.0;22
683500;;SUBMISSION;VEV_4000;XIREC;1269.0;13
683500;;SUBMISSION;VEV_4000;XIREC;1267.0;17
683500;;SUBMISSION;VEV_4500;XIREC;772.0;6
683500;;SUBMISSION;VEV_4500;XIREC;770.0;23
683500;;SUBMISSION;VEV_5300;XIREC;52.0;28
683600;;SUBMISSION;VEV_4000;XIREC;1270.0;14
683600;;SUBMISSION;VEV_4000;XIREC;1268.0;16
683600;;SUBMISSION;VEV_4500;XIREC;773.0;8
683600;;SUBMISSION;VEV_4500;XIREC;771.0;22
683600;;SUBMISSION;VEV_5300;XIREC;52.0;26
683700;;SUBMISSION;VEV_4000;XIREC;1271.0;9
683700;;SUBMISSION;VEV_4000;XIREC;1268.0;19
683700;;SUBMISSION;VEV_4500;XIREC;773.0;7
683700;;SUBMISSION;VEV_4500;XIREC;771.0;12
683700;;SUBMISSION;VEV_5300;XIREC;53.0;9
683800;;SUBMISSION;VEV_4000;XIREC;1270.0;11
683800;;SUBMISSION;VEV_4000;XIREC;1267.0;16
683800;;SUBMISSION;VEV_4500;XIREC;772.0;8
683800;;SUBMISSION;VEV_4500;XIREC;770.0;15
683900;Mark 55;SUBMISSION;VELVETFRUIT_EXTRACT;XIREC;5282.0;3
683900;;SUBMISSION;VEV_4000;XIREC;1269.0;13
683900;;SUBMISSION;VEV_4000;XIREC;1267.0;17
683900;;SUBMISSION;VEV_4500;XIREC;772.0;7
683900;;SUBMISSION;VEV_4500;XIREC;770.0;23
684000;;SUBMISSION;VEV_4000;XIREC;1270.0;15
684000;;SUBMISSION;VEV_4000;XIREC;1267.0;15
684000;;SUBMISSION;VEV_4500;XIREC;772.0;8
684000;;SUBMISSION;VEV_4500;XIREC;770.0;16
684100;;SUBMISSION;VEV_4000;XIREC;1270.0;15
684100;;SUBMISSION;VEV_4000;XIREC;1268.0;15
684100;;SUBMISSION;VEV_4500;XIREC;773.0;12
684100;;SUBMISSION;VEV_4500;XIREC;771.0;15
684400;;SUBMISSION;VEV_5100;XIREC;184.0;6
684400;;SUBMISSION;VEV_5100;XIREC;183.0;16
684500;;SUBMISSION;VEV_5100;XIREC;182.0;8
684500;;SUBMISSION;VEV_5100;XIREC;181.0;17
684500;Mark 01;Mark 55;VELVETFRUIT_EXTRACT;XIREC;5273.0;7
684600;;SUBMISSION;VEV_5100;XIREC;182.0;10
684600;;SUBMISSION;VEV_5100;XIREC;181.0;20
684700;;SUBMISSION;VEV_5100;XIREC;181.0;10
684700;;SUBMISSION;VEV_5100;XIREC;180.0;18
684800;;SUBMISSION;VEV_5100;XIREC;181.0;4
684900;;SUBMISSION;VEV_5100;XIREC;180.0;16
686000;;SUBMISSION;VEV_5100;XIREC;181.0;7
686100;SUBMISSION;Mark 38;HYDROGEL_PACK;XIREC;9997.0;6
686400;Mark 01;Mark 55;VELVETFRUIT_EXTRACT;XIREC;5274.0;8
686500;;SUBMISSION;VEV_5100;XIREC;181.0;8
686600;;SUBMISSION;VEV_5100;XIREC;181.0;2
686700;Mark 38;SUBMISSION;HYDROGEL_PACK;XIREC;10015.0;5
686700;;SUBMISSION;VEV_5100;XIREC;181.0;1
686900;;SUBMISSION;VEV_5100;XIREC;181.0;3
687000;;SUBMISSION;VEV_5100;XIREC;180.0;6
687000;;SUBMISSION;VEV_5100;XIREC;179.0;11
687700;Mark 67;SUBMISSION;VELVETFRUIT_EXTRACT;XIREC;5270.0;3
687700;Mark 01;Mark 55;VELVETFRUIT_EXTRACT;XIREC;5269.0;7
687700;Mark 67;Mark 22;VELVETFRUIT_EXTRACT;XIREC;5271.0;2
688500;;SUBMISSION;VEV_5000;XIREC;274.0;1
688500;Mark 01;Mark 55;VELVETFRUIT_EXTRACT;XIREC;5272.0;3
688600;SUBMISSION;Mark 22;VEV_6000;XIREC;0.0;2
688600;SUBMISSION;Mark 22;VEV_6500;XIREC;0.0;2
688600;Mark 01;Mark 22;VEV_5400;XIREC;16.0;2
688600;Mark 01;Mark 22;VEV_5500;XIREC;6.0;2
689700;SUBMISSION;Mark 38;HYDROGEL_PACK;XIREC;9998.0;5
690500;SUBMISSION;Mark 38;VEV_4000;XIREC;1268.0;1
690600;Mark 55;SUBMISSION;VELVETFRUIT_EXTRACT;XIREC;5274.0;2
690600;Mark 55;Mark 14;VELVETFRUIT_EXTRACT;XIREC;5275.0;3
690800;SUBMISSION;Mark 38;HYDROGEL_PACK;XIREC;9991.0;5
691100;SUBMISSION;Mark 22;VEV_6000;XIREC;0.0;5
691100;SUBMISSION;Mark 22;VEV_6500;XIREC;0.0;5
691100;Mark 01;Mark 22;VEV_5400;XIREC;15.0;5
691100;Mark 01;Mark 22;VEV_5500;XIREC;6.0;5
691200;Mark 14;Mark 55;VELVETFRUIT_EXTRACT;XIREC;5271.0;7
691600;SUBMISSION;Mark 38;HYDROGEL_PACK;XIREC;9991.0;5
692000;Mark 38;SUBMISSION;VEV_4000;XIREC;1277.0;1
692100;Mark 55;SUBMISSION;VELVETFRUIT_EXTRACT;XIREC;5271.0;2
692100;Mark 55;Mark 14;VELVETFRUIT_EXTRACT;XIREC;5272.0;6
692500;Mark 01;Mark 55;VELVETFRUIT_EXTRACT;XIREC;5268.0;6
693900;Mark 55;SUBMISSION;VELVETFRUIT_EXTRACT;XIREC;5270.0;1
693900;Mark 55;Mark 14;VELVETFRUIT_EXTRACT;XIREC;5271.0;2
694400;Mark 55;SUBMISSION;VELVETFRUIT_EXTRACT;XIREC;5270.0;1
694400;Mark 55;Mark 14;VELVETFRUIT_EXTRACT;XIREC;5271.0;2
694500;Mark 38;SUBMISSION;HYDROGEL_PACK;XIREC;10015.0;4
695800;SUBMISSION;Mark 22;VEV_6000;XIREC;0.0;5
695800;SUBMISSION;Mark 22;VEV_6500;XIREC;0.0;5
695800;Mark 01;Mark 22;VEV_5500;XIREC;5.0;5
696000;Mark 38;SUBMISSION;HYDROGEL_PACK;XIREC;10015.0;2
697000;Mark 38;SUBMISSION;HYDROGEL_PACK;XIREC;10016.0;4
697400;Mark 38;SUBMISSION;HYDROGEL_PACK;XIREC;10017.0;2
698800;SUBMISSION;Mark 38;HYDROGEL_PACK;XIREC;10000.0;2
699800;SUBMISSION;Mark 38;VEV_4000;XIREC;1265.0;3
700500;Mark 67;Mark 22;VELVETFRUIT_EXTRACT;XIREC;5264.0;10
701000;Mark 14;Mark 55;VELVETFRUIT_EXTRACT;XIREC;5263.0;4
702100;Mark 55;Mark 14;VELVETFRUIT_EXTRACT;XIREC;5265.0;5
702200;Mark 14;Mark 55;VELVETFRUIT_EXTRACT;XIREC;5260.0;3
704600;Mark 55;Mark 01;VELVETFRUIT_EXTRACT;XIREC;5265.0;8
705100;Mark 55;Mark 01;VELVETFRUIT_EXTRACT;XIREC;5267.0;7
705700;Mark 01;Mark 55;VELVETFRUIT_EXTRACT;XIREC;5261.0;4
705900;Mark 38;SUBMISSION;HYDROGEL_PACK;XIREC;10031.0;6
707900;Mark 14;Mark 38;HYDROGEL_PACK;XIREC;10021.0;6
711200;SUBMISSION;Mark 38;VEV_4000;XIREC;1253.0;3
711900;SUBMISSION;Mark 22;VEV_5300;XIREC;43.0;3
711900;SUBMISSION;Mark 22;VEV_6000;XIREC;0.0;3
711900;SUBMISSION;Mark 22;VEV_6500;XIREC;0.0;3
711900;Mark 01;Mark 22;VEV_5400;XIREC;13.0;3
711900;Mark 01;Mark 22;VEV_5500;XIREC;5.0;3
713000;Mark 55;Mark 01;VELVETFRUIT_EXTRACT;XIREC;5255.0;8
