timestamp;buyer;seller;symbol;currency;price;quantity
900;SUBMISSION;;VELVETFRUIT_EXTRACT;SEASHELLS;5262;8
2000;;SUBMISSION;VELVETFRUIT_EXTRACT;SEASHELLS;5266;8
2500;;SUBMISSION;VELVETFRUIT_EXTRACT;SEASHELLS;5270;15
2600;;SUBMISSION;VELVETFRUIT_EXTRACT;SEASHELLS;5270;74
7000;SUBMISSION;;VELVETFRUIT_EXTRACT;SEASHELLS;5271;11
7100;SUBMISSION;;VELVETFRUIT_EXTRACT;SEASHELLS;5273;15
8700;SUBMISSION;;VELVETFRUIT_EXTRACT;SEASHELLS;5271;17
8800;SUBMISSION;;VELVETFRUIT_EXTRACT;SEASHELLS;5270;23
8900;SUBMISSION;;VELVETFRUIT_EXTRACT;SEASHELLS;5270;23
9100;SUBMISSION;;VELVETFRUIT_EXTRACT;SEASHELLS;5266;9
9500;SUBMISSION;;VELVETFRUIT_EXTRACT;SEASHELLS;5266;67
9900;SUBMISSION;;VELVETFRUIT_EXTRACT;SEASHELLS;5262;5
11400;;SUBMISSION;VELVETFRUIT_EXTRACT;SEASHELLS;5264;58
11500;;SUBMISSION;VELVETFRUIT_EXTRACT;SEASHELLS;5265;23
13900;;SUBMISSION;VELVETFRUIT_EXTRACT;SEASHELLS;5268;4
16000;;SUBMISSION;VELVETFRUIT_EXTRACT;SEASHELLS;5271;9
16300;;SUBMISSION;VELVETFRUIT_EXTRACT;SEASHELLS;5274;5
19000;SUBMISSION;;VELVETFRUIT_EXTRACT;SEASHELLS;5272;18
19700;SUBMISSION;;VELVETFRUIT_EXTRACT;SEASHELLS;5266;13
23100;SUBMISSION;;VELVETFRUIT_EXTRACT;SEASHELLS;5265;4
23400;SUBMISSION;;VELVETFRUIT_EXTRACT;SEASHELLS;5266;58
26500;;SUBMISSION;VELVETFRUIT_EXTRACT;SEASHELLS;5268;6
32300;;SUBMISSION;VELVETFRUIT_EXTRACT;SEASHELLS;5264;15
32400;;SUBMISSION;VELVETFRUIT_EXTRACT;SEASHELLS;5264;22
32500;;SUBMISSION;VELVETFRUIT_EXTRACT;SEASHELLS;5265;4
33000;;SUBMISSION;VELVETFRUIT_EXTRACT;SEASHELLS;5266;21
33100;;SUBMISSION;VELVETFRUIT_EXTRACT;SEASHELLS;5267;7
33300;;SUBMISSION;VELVETFRUIT_EXTRACT;SEASHELLS;5270;7
35800;SUBMISSION;;VELVETFRUIT_EXTRACT;SEASHELLS;5265;7
36100;;SUBMISSION;VELVETFRUIT_EXTRACT;SEASHELLS;5270;4
37900;SUBMISSION;;VELVETFRUIT_EXTRACT;SEASHELLS;5266;4
39800;SUBMISSION;;VELVETFRUIT_EXTRACT;SEASHELLS;5263;21
40700;SUBMISSION;;VELVETFRUIT_EXTRACT;SEASHELLS;5257;18
40900;SUBMISSION;;VELVETFRUIT_EXTRACT;SEASHELLS;5256;17
42000;SUBMISSION;;VELVETFRUIT_EXTRACT;SEASHELLS;5248;8
44600;;SUBMISSION;VELVETFRUIT_EXTRACT;SEASHELLS;5254;70
48100;;SUBMISSION;VELVETFRUIT_EXTRACT;SEASHELLS;5260;7
49000;SUBMISSION;;VELVETFRUIT_EXTRACT;SEASHELLS;5257;13
50900;;SUBMISSION;VELVETFRUIT_EXTRACT;SEASHELLS;5263;19
53200;;SUBMISSION;VELVETFRUIT_EXTRACT;SEASHELLS;5263;5
53600;SUBMISSION;;VELVETFRUIT_EXTRACT;SEASHELLS;5258;5
54000;SUBMISSION;;VELVETFRUIT_EXTRACT;SEASHELLS;5259;19
55400;SUBMISSION;;VELVETFRUIT_EXTRACT;SEASHELLS;5256;7
55800;SUBMISSION;;VELVETFRUIT_EXTRACT;SEASHELLS;5254;8
56600;SUBMISSION;;VELVETFRUIT_EXTRACT;SEASHELLS;5251;8
61200;;SUBMISSION;VELVETFRUIT_EXTRACT;SEASHELLS;5246;22
63200;;SUBMISSION;VELVETFRUIT_EXTRACT;SEASHELLS;5252;8
67600;;SUBMISSION;VELVETFRUIT_EXTRACT;SEASHELLS;5257;23
67600;;SUBMISSION;VELVETFRUIT_EXTRACT;SEASHELLS;5261;4
69200;SUBMISSION;;VELVETFRUIT_EXTRACT;SEASHELLS;5253;11
70400;;SUBMISSION;VELVETFRUIT_EXTRACT;SEASHELLS;5259;5
71300;SUBMISSION;;VELVETFRUIT_EXTRACT;SEASHELLS;5254;6
71500;SUBMISSION;;VELVETFRUIT_EXTRACT;SEASHELLS;5252;4
73200;SUBMISSION;;VELVETFRUIT_EXTRACT;SEASHELLS;5255;5
76700;;SUBMISSION;VELVETFRUIT_EXTRACT;SEASHELLS;5257;4
80100;;SUBMISSION;VELVETFRUIT_EXTRACT;SEASHELLS;5259;55
82100;;SUBMISSION;VELVETFRUIT_EXTRACT;SEASHELLS;5269;5
84800;;SUBMISSION;VELVETFRUIT_EXTRACT;SEASHELLS;5275;5
86300;SUBMISSION;;VELVETFRUIT_EXTRACT;SEASHELLS;5268;14
88700;SUBMISSION;;VELVETFRUIT_EXTRACT;SEASHELLS;5269;8
89700;SUBMISSION;;VELVETFRUIT_EXTRACT;SEASHELLS;5269;20
91700;SUBMISSION;;VELVETFRUIT_EXTRACT;SEASHELLS;5265;8
94100;SUBMISSION;;VELVETFRUIT_EXTRACT;SEASHELLS;5268;5
94500;SUBMISSION;;VELVETFRUIT_EXTRACT;SEASHELLS;5267;9
94800;SUBMISSION;;VELVETFRUIT_EXTRACT;SEASHELLS;5267;18
94900;SUBMISSION;;VELVETFRUIT_EXTRACT;SEASHELLS;5264;10
95100;SUBMISSION;;VELVETFRUIT_EXTRACT;SEASHELLS;5263;8
95600;SUBMISSION;;VELVETFRUIT_EXTRACT;SEASHELLS;5262;9
97200;;SUBMISSION;VELVETFRUIT_EXTRACT;SEASHELLS;5264;7
97400;SUBMISSION;;VELVETFRUIT_EXTRACT;SEASHELLS;5259;5
104000;SUBMISSION;;VELVETFRUIT_EXTRACT;SEASHELLS;5260;8
108800;;SUBMISSION;VELVETFRUIT_EXTRACT;SEASHELLS;5262;3
109400;;SUBMISSION;VELVETFRUIT_EXTRACT;SEASHELLS;5265;6
109800;;SUBMISSION;VELVETFRUIT_EXTRACT;SEASHELLS;5266;3
111300;;SUBMISSION;VELVETFRUIT_EXTRACT;SEASHELLS;5262;7
112600;SUBMISSION;;VELVETFRUIT_EXTRACT;SEASHELLS;5257;10
112600;SUBMISSION;;VELVETFRUIT_EXTRACT;SEASHELLS;5257;10
117000;;SUBMISSION;VELVETFRUIT_EXTRACT;SEASHELLS;5258;25
117100;;SUBMISSION;VELVETFRUIT_EXTRACT;SEASHELLS;5258;9
119300;SUBMISSION;;VELVETFRUIT_EXTRACT;SEASHELLS;5252;23
120400;;SUBMISSION;VELVETFRUIT_EXTRACT;SEASHELLS;5254;23
125900;;SUBMISSION;VELVETFRUIT_EXTRACT;SEASHELLS;5265;10
127500;SUBMISSION;;VELVETFRUIT_EXTRACT;SEASHELLS;5260;10
127700;SUBMISSION;;VELVETFRUIT_EXTRACT;SEASHELLS;5258;25
133000;;SUBMISSION;VELVETFRUIT_EXTRACT;SEASHELLS;5259;7
137400;;SUBMISSION;VELVETFRUIT_EXTRACT;SEASHELLS;5262;10
137400;;SUBMISSION;VELVETFRUIT_EXTRACT;SEASHELLS;5260;8
138300;SUBMISSION;;VELVETFRUIT_EXTRACT;SEASHELLS;5256;15
138400;SUBMISSION;;VELVETFRUIT_EXTRACT;SEASHELLS;5256;10
138700;;SUBMISSION;VELVETFRUIT_EXTRACT;SEASHELLS;5261;3
143100;;SUBMISSION;VELVETFRUIT_EXTRACT;SEASHELLS;5260;7
143800;;SUBMISSION;VELVETFRUIT_EXTRACT;SEASHELLS;5260;15
144300;;SUBMISSION;VELVETFRUIT_EXTRACT;SEASHELLS;5265;6
144900;;SUBMISSION;VELVETFRUIT_EXTRACT;SEASHELLS;5265;10
145100;;SUBMISSION;VELVETFRUIT_EXTRACT;SEASHELLS;5267;6
146600;SUBMISSION;;VELVETFRUIT_EXTRACT;SEASHELLS;5265;16
147200;SUBMISSION;;VELVETFRUIT_EXTRACT;SEASHELLS;5260;8
148100;;SUBMISSION;VELVETFRUIT_EXTRACT;SEASHELLS;5265;2
151000;;SUBMISSION;VELVETFRUIT_EXTRACT;SEASHELLS;5271;10
154300;;SUBMISSION;VELVETFRUIT_EXTRACT;SEASHELLS;5274;6
155100;;SUBMISSION;VELVETFRUIT_EXTRACT;SEASHELLS;5276;8
155300;;SUBMISSION;VELVETFRUIT_EXTRACT;SEASHELLS;5276;3
155700;;SUBMISSION;VELVETFRUIT_EXTRACT;SEASHELLS;5276;4
157300;SUBMISSION;;VELVETFRUIT_EXTRACT;SEASHELLS;5273;5
157400;SUBMISSION;;VELVETFRUIT_EXTRACT;SEASHELLS;5272;13
157400;SUBMISSION;;VELVETFRUIT_EXTRACT;SEASHELLS;5273;13
163300;;SUBMISSION;VELVETFRUIT_EXTRACT;SEASHELLS;5274;16
163300;;SUBMISSION;VELVETFRUIT_EXTRACT;SEASHELLS;5273;33
163400;;SUBMISSION;VELVETFRUIT_EXTRACT;SEASHELLS;5277;10
163400;;SUBMISSION;VELVETFRUIT_EXTRACT;SEASHELLS;5275;70
164100;;SUBMISSION;VELVETFRUIT_EXTRACT;SEASHELLS;5281;5
165600;SUBMISSION;;VELVETFRUIT_EXTRACT;SEASHELLS;5277;18
165700;SUBMISSION;;VELVETFRUIT_EXTRACT;SEASHELLS;5273;10
165700;SUBMISSION;;VELVETFRUIT_EXTRACT;SEASHELLS;5277;65
165700;SUBMISSION;;VELVETFRUIT_EXTRACT;SEASHELLS;5276;10
166000;SUBMISSION;;VELVETFRUIT_EXTRACT;SEASHELLS;5275;7
166300;SUBMISSION;;VELVETFRUIT_EXTRACT;SEASHELLS;5275;24
166400;SUBMISSION;;VELVETFRUIT_EXTRACT;SEASHELLS;5272;20
166400;SUBMISSION;;VELVETFRUIT_EXTRACT;SEASHELLS;5273;50
170500;;SUBMISSION;VELVETFRUIT_EXTRACT;SEASHELLS;5271;7
171200;;SUBMISSION;VELVETFRUIT_EXTRACT;SEASHELLS;5271;66
172600;;SUBMISSION;VELVETFRUIT_EXTRACT;SEASHELLS;5275;8
174000;;SUBMISSION;VELVETFRUIT_EXTRACT;SEASHELLS;5277;6
178100;SUBMISSION;;VELVETFRUIT_EXTRACT;SEASHELLS;5275;9
178200;SUBMISSION;;VELVETFRUIT_EXTRACT;SEASHELLS;5273;3
178700;SUBMISSION;;VELVETFRUIT_EXTRACT;SEASHELLS;5275;5
179200;SUBMISSION;;VELVETFRUIT_EXTRACT;SEASHELLS;5270;8
181200;SUBMISSION;;VELVETFRUIT_EXTRACT;SEASHELLS;5267;14
186300;SUBMISSION;;VELVETFRUIT_EXTRACT;SEASHELLS;5258;10
192800;;SUBMISSION;VELVETFRUIT_EXTRACT;SEASHELLS;5262;18
194900;SUBMISSION;;VELVETFRUIT_EXTRACT;SEASHELLS;5258;6
196200;;SUBMISSION;VELVETFRUIT_EXTRACT;SEASHELLS;5265;8
196900;SUBMISSION;;VELVETFRUIT_EXTRACT;SEASHELLS;5260;12
202600;;SUBMISSION;VELVETFRUIT_EXTRACT;SEASHELLS;5261;12
203500;;SUBMISSION;VELVETFRUIT_EXTRACT;SEASHELLS;5262;4
204600;;SUBMISSION;VELVETFRUIT_EXTRACT;SEASHELLS;5261;8
205000;;SUBMISSION;VELVETFRUIT_EXTRACT;SEASHELLS;5264;8
206000;;SUBMISSION;VELVETFRUIT_EXTRACT;SEASHELLS;5267;6
207100;;SUBMISSION;VELVETFRUIT_EXTRACT;SEASHELLS;5269;15
209400;SUBMISSION;;VELVETFRUIT_EXTRACT;SEASHELLS;5266;4
210200;SUBMISSION;;VELVETFRUIT_EXTRACT;SEASHELLS;5263;10
210200;SUBMISSION;;VELVETFRUIT_EXTRACT;SEASHELLS;5266;15
210400;SUBMISSION;;VELVETFRUIT_EXTRACT;SEASHELLS;5263;6
212100;;SUBMISSION;VELVETFRUIT_EXTRACT;SEASHELLS;5270;4
217200;SUBMISSION;;VELVETFRUIT_EXTRACT;SEASHELLS;5263;4
217800;SUBMISSION;;VELVETFRUIT_EXTRACT;SEASHELLS;5261;6
220600;SUBMISSION;;VELVETFRUIT_EXTRACT;SEASHELLS;5261;4
221300;SUBMISSION;;VELVETFRUIT_EXTRACT;SEASHELLS;5258;9
224700;;SUBMISSION;VELVETFRUIT_EXTRACT;SEASHELLS;5262;25
224900;;SUBMISSION;VELVETFRUIT_EXTRACT;SEASHELLS;5264;23
225000;;SUBMISSION;VELVETFRUIT_EXTRACT;SEASHELLS;5266;24
227900;SUBMISSION;;VELVETFRUIT_EXTRACT;SEASHELLS;5262;20
228000;SUBMISSION;;VELVETFRUIT_EXTRACT;SEASHELLS;5261;20
228200;SUBMISSION;;VELVETFRUIT_EXTRACT;SEASHELLS;5261;7
231600;SUBMISSION;;VELVETFRUIT_EXTRACT;SEASHELLS;5263;5
234800;;SUBMISSION;VELVETFRUIT_EXTRACT;SEASHELLS;5268;5
237400;;SUBMISSION;VELVETFRUIT_EXTRACT;SEASHELLS;5272;6
237700;;SUBMISSION;VELVETFRUIT_EXTRACT;SEASHELLS;5272;8
238400;SUBMISSION;;VELVETFRUIT_EXTRACT;SEASHELLS;5268;14
238700;SUBMISSION;;VELVETFRUIT_EXTRACT;SEASHELLS;5265;25
240300;;SUBMISSION;VELVETFRUIT_EXTRACT;SEASHELLS;5266;21
240400;;SUBMISSION;VELVETFRUIT_EXTRACT;SEASHELLS;5268;20
240700;;SUBMISSION;VELVETFRUIT_EXTRACT;SEASHELLS;5269;9
241600;;SUBMISSION;VELVETFRUIT_EXTRACT;SEASHELLS;5274;16
242100;;SUBMISSION;VELVETFRUIT_EXTRACT;SEASHELLS;5275;8
248600;SUBMISSION;;VELVETFRUIT_EXTRACT;SEASHELLS;5275;23
248700;SUBMISSION;;VELVETFRUIT_EXTRACT;SEASHELLS;5272;10
248700;SUBMISSION;;VELVETFRUIT_EXTRACT;SEASHELLS;5275;16
248800;SUBMISSION;;VELVETFRUIT_EXTRACT;SEASHELLS;5273;9
252900;SUBMISSION;;VELVETFRUIT_EXTRACT;SEASHELLS;5268;10
257800;;SUBMISSION;VELVETFRUIT_EXTRACT;SEASHELLS;5269;19
258300;;SUBMISSION;VELVETFRUIT_EXTRACT;SEASHELLS;5273;19
258400;;SUBMISSION;VELVETFRUIT_EXTRACT;SEASHELLS;5273;50
267400;SUBMISSION;;VELVETFRUIT_EXTRACT;SEASHELLS;5284;4
268100;SUBMISSION;;VELVETFRUIT_EXTRACT;SEASHELLS;5284;18
268200;SUBMISSION;;VELVETFRUIT_EXTRACT;SEASHELLS;5281;7
268600;SUBMISSION;;VELVETFRUIT_EXTRACT;SEASHELLS;5282;5
268900;SUBMISSION;;VELVETFRUIT_EXTRACT;SEASHELLS;5283;18
269000;SUBMISSION;;VELVETFRUIT_EXTRACT;SEASHELLS;5278;9
269000;SUBMISSION;;VELVETFRUIT_EXTRACT;SEASHELLS;5279;9
271100;SUBMISSION;;VELVETFRUIT_EXTRACT;SEASHELLS;5277;3
274600;SUBMISSION;;VELVETFRUIT_EXTRACT;SEASHELLS;5275;3
278100;SUBMISSION;;VELVETFRUIT_EXTRACT;SEASHELLS;5269;15
278700;;SUBMISSION;VELVETFRUIT_EXTRACT;SEASHELLS;5273;6
278800;;SUBMISSION;VELVETFRUIT_EXTRACT;SEASHELLS;5275;4
280700;SUBMISSION;;VELVETFRUIT_EXTRACT;SEASHELLS;5269;6
282600;;SUBMISSION;VELVETFRUIT_EXTRACT;SEASHELLS;5271;6
284500;;SUBMISSION;VELVETFRUIT_EXTRACT;SEASHELLS;5272;12
285600;;SUBMISSION;VELVETFRUIT_EXTRACT;SEASHELLS;5277;4
286000;;SUBMISSION;VELVETFRUIT_EXTRACT;SEASHELLS;5277;17
288000;SUBMISSION;;VELVETFRUIT_EXTRACT;SEASHELLS;5275;8
289000;SUBMISSION;;VELVETFRUIT_EXTRACT;SEASHELLS;5275;13
291800;SUBMISSION;;VELVETFRUIT_EXTRACT;SEASHELLS;5268;4
293700;SUBMISSION;;VELVETFRUIT_EXTRACT;SEASHELLS;5268;8
296800;SUBMISSION;;VELVETFRUIT_EXTRACT;SEASHELLS;5269;8
297000;SUBMISSION;;VELVETFRUIT_EXTRACT;SEASHELLS;5267;15
298300;;SUBMISSION;VELVETFRUIT_EXTRACT;SEASHELLS;5272;10
298500;;SUBMISSION;VELVETFRUIT_EXTRACT;SEASHELLS;5273;10
300500;SUBMISSION;;VELVETFRUIT_EXTRACT;SEASHELLS;5267;12
303400;;SUBMISSION;VELVETFRUIT_EXTRACT;SEASHELLS;5267;8
304000;;SUBMISSION;VELVETFRUIT_EXTRACT;SEASHELLS;5268;17
304200;;SUBMISSION;VELVETFRUIT_EXTRACT;SEASHELLS;5269;2
306000;;SUBMISSION;VELVETFRUIT_EXTRACT;SEASHELLS;5273;5
307900;SUBMISSION;;VELVETFRUIT_EXTRACT;SEASHELLS;5269;8
309200;;SUBMISSION;VELVETFRUIT_EXTRACT;SEASHELLS;5273;3
311200;SUBMISSION;;VELVETFRUIT_EXTRACT;SEASHELLS;5266;8
311700;;SUBMISSION;VELVETFRUIT_EXTRACT;SEASHELLS;5272;6
314800;;SUBMISSION;VELVETFRUIT_EXTRACT;SEASHELLS;5271;2
318800;SUBMISSION;;VELVETFRUIT_EXTRACT;SEASHELLS;5270;5
319600;;SUBMISSION;VELVETFRUIT_EXTRACT;SEASHELLS;5274;5
319900;;SUBMISSION;VELVETFRUIT_EXTRACT;SEASHELLS;5281;11
319900;;SUBMISSION;VELVETFRUIT_EXTRACT;SEASHELLS;5278;22
321200;SUBMISSION;;VELVETFRUIT_EXTRACT;SEASHELLS;5274;21
321600;SUBMISSION;;VELVETFRUIT_EXTRACT;SEASHELLS;5273;12
323200;;SUBMISSION;VELVETFRUIT_EXTRACT;SEASHELLS;5275;5
323500;SUBMISSION;;VELVETFRUIT_EXTRACT;SEASHELLS;5269;14
326500;SUBMISSION;;VELVETFRUIT_EXTRACT;SEASHELLS;5264;61
327600;;SUBMISSION;VELVETFRUIT_EXTRACT;SEASHELLS;5265;5
328000;;SUBMISSION;VELVETFRUIT_EXTRACT;SEASHELLS;5265;15
328100;;SUBMISSION;VELVETFRUIT_EXTRACT;SEASHELLS;5266;50
328500;;SUBMISSION;VELVETFRUIT_EXTRACT;SEASHELLS;5268;7
329000;SUBMISSION;;VELVETFRUIT_EXTRACT;SEASHELLS;5264;5
331000;;SUBMISSION;VELVETFRUIT_EXTRACT;SEASHELLS;5268;9
332600;;SUBMISSION;VELVETFRUIT_EXTRACT;SEASHELLS;5273;8
333200;SUBMISSION;;VELVETFRUIT_EXTRACT;SEASHELLS;5269;7
333900;;SUBMISSION;VELVETFRUIT_EXTRACT;SEASHELLS;5272;7
336800;SUBMISSION;;VELVETFRUIT_EXTRACT;SEASHELLS;5269;5
336900;SUBMISSION;;VELVETFRUIT_EXTRACT;SEASHELLS;5270;14
344000;SUBMISSION;;VELVETFRUIT_EXTRACT;SEASHELLS;5270;3
344600;SUBMISSION;;VELVETFRUIT_EXTRACT;SEASHELLS;5266;7
344900;SUBMISSION;;VELVETFRUIT_EXTRACT;SEASHELLS;5266;6
351000;SUBMISSION;;VELVETFRUIT_EXTRACT;SEASHELLS;5261;57
351300;SUBMISSION;;VELVETFRUIT_EXTRACT;SEASHELLS;5256;11
352100;SUBMISSION;;VELVETFRUIT_EXTRACT;SEASHELLS;5253;4
353800;;SUBMISSION;VELVETFRUIT_EXTRACT;SEASHELLS;5257;15
353800;;SUBMISSION;VELVETFRUIT_EXTRACT;SEASHELLS;5257;7
354700;;SUBMISSION;VELVETFRUIT_EXTRACT;SEASHELLS;5261;8
354700;;SUBMISSION;VELVETFRUIT_EXTRACT;SEASHELLS;5259;25
354900;;SUBMISSION;VELVETFRUIT_EXTRACT;SEASHELLS;5261;22
354900;;SUBMISSION;VELVETFRUIT_EXTRACT;SEASHELLS;5260;11
357700;;SUBMISSION;VELVETFRUIT_EXTRACT;SEASHELLS;5265;19
358300;SUBMISSION;;VELVETFRUIT_EXTRACT;SEASHELLS;5262;7
360000;;SUBMISSION;VELVETFRUIT_EXTRACT;SEASHELLS;5266;7
361300;;SUBMISSION;VELVETFRUIT_EXTRACT;SEASHELLS;5266;3
361600;SUBMISSION;;VELVETFRUIT_EXTRACT;SEASHELLS;5261;5
362500;SUBMISSION;;VELVETFRUIT_EXTRACT;SEASHELLS;5261;5
363900;SUBMISSION;;VELVETFRUIT_EXTRACT;SEASHELLS;5261;12
364700;SUBMISSION;;VELVETFRUIT_EXTRACT;SEASHELLS;5257;10
368100;SUBMISSION;;VELVETFRUIT_EXTRACT;SEASHELLS;5257;6
368900;SUBMISSION;;VELVETFRUIT_EXTRACT;SEASHELLS;5257;6
372900;;SUBMISSION;VELVETFRUIT_EXTRACT;SEASHELLS;5254;18
373200;SUBMISSION;;VELVETFRUIT_EXTRACT;SEASHELLS;5251;14
376700;SUBMISSION;;VELVETFRUIT_EXTRACT;SEASHELLS;5251;7
377900;SUBMISSION;;VELVETFRUIT_EXTRACT;SEASHELLS;5249;15
382200;;SUBMISSION;VELVETFRUIT_EXTRACT;SEASHELLS;5252;5
383100;;SUBMISSION;VELVETFRUIT_EXTRACT;SEASHELLS;5253;6
385100;SUBMISSION;;VELVETFRUIT_EXTRACT;SEASHELLS;5245;9
385100;SUBMISSION;;VELVETFRUIT_EXTRACT;SEASHELLS;5245;9
391700;;SUBMISSION;VELVETFRUIT_EXTRACT;SEASHELLS;5243;19
397400;SUBMISSION;;VELVETFRUIT_EXTRACT;SEASHELLS;5237;64
397600;SUBMISSION;;VELVETFRUIT_EXTRACT;SEASHELLS;5234;22
399600;;SUBMISSION;VELVETFRUIT_EXTRACT;SEASHELLS;5235;21
403800;;SUBMISSION;VELVETFRUIT_EXTRACT;SEASHELLS;5230;25
403900;;SUBMISSION;VELVETFRUIT_EXTRACT;SEASHELLS;5231;21
403900;;SUBMISSION;VELVETFRUIT_EXTRACT;SEASHELLS;5230;48
406400;SUBMISSION;;VELVETFRUIT_EXTRACT;SEASHELLS;5232;1
406600;SUBMISSION;;VELVETFRUIT_EXTRACT;SEASHELLS;5229;25
406700;SUBMISSION;;VELVETFRUIT_EXTRACT;SEASHELLS;5228;49
407000;SUBMISSION;;VELVETFRUIT_EXTRACT;SEASHELLS;5226;4
415500;;SUBMISSION;VELVETFRUIT_EXTRACT;SEASHELLS;5226;22
415800;;SUBMISSION;VELVETFRUIT_EXTRACT;SEASHELLS;5227;10
416100;;SUBMISSION;VELVETFRUIT_EXTRACT;SEASHELLS;5228;20
416200;;SUBMISSION;VELVETFRUIT_EXTRACT;SEASHELLS;5230;17
416200;;SUBMISSION;VELVETFRUIT_EXTRACT;SEASHELLS;5229;30
416300;;SUBMISSION;VELVETFRUIT_EXTRACT;SEASHELLS;5232;68
416600;;SUBMISSION;VELVETFRUIT_EXTRACT;SEASHELLS;5234;8
420700;SUBMISSION;;VELVETFRUIT_EXTRACT;SEASHELLS;5232;8
420800;SUBMISSION;;VELVETFRUIT_EXTRACT;SEASHELLS;5232;8
421200;SUBMISSION;;VELVETFRUIT_EXTRACT;SEASHELLS;5231;22
425300;;SUBMISSION;VELVETFRUIT_EXTRACT;SEASHELLS;5237;3
427400;;SUBMISSION;VELVETFRUIT_EXTRACT;SEASHELLS;5240;5
429100;SUBMISSION;;VELVETFRUIT_EXTRACT;SEASHELLS;5235;21
432100;SUBMISSION;;VELVETFRUIT_EXTRACT;SEASHELLS;5234;8
434900;SUBMISSION;;VELVETFRUIT_EXTRACT;SEASHELLS;5237;10
436900;SUBMISSION;;VELVETFRUIT_EXTRACT;SEASHELLS;5237;8
441300;SUBMISSION;;VELVETFRUIT_EXTRACT;SEASHELLS;5236;5
442500;SUBMISSION;;VELVETFRUIT_EXTRACT;SEASHELLS;5237;7
442700;SUBMISSION;;VELVETFRUIT_EXTRACT;SEASHELLS;5236;5
442800;SUBMISSION;;VELVETFRUIT_EXTRACT;SEASHELLS;5234;8
444200;;SUBMISSION;VELVETFRUIT_EXTRACT;SEASHELLS;5239;5
444200;;SUBMISSION;VELVETFRUIT_EXTRACT;SEASHELLS;5243;6
445100;;SUBMISSION;VELVETFRUIT_EXTRACT;SEASHELLS;5243;24
445200;;SUBMISSION;VELVETFRUIT_EXTRACT;SEASHELLS;5245;57
448000;SUBMISSION;;VELVETFRUIT_EXTRACT;SEASHELLS;5247;10
448900;SUBMISSION;;VELVETFRUIT_EXTRACT;SEASHELLS;5247;9
448900;SUBMISSION;;VELVETFRUIT_EXTRACT;SEASHELLS;5247;9
449900;SUBMISSION;;VELVETFRUIT_EXTRACT;SEASHELLS;5248;15
451200;SUBMISSION;;VELVETFRUIT_EXTRACT;SEASHELLS;5244;20
451200;SUBMISSION;;VELVETFRUIT_EXTRACT;SEASHELLS;5245;24
451300;SUBMISSION;;VELVETFRUIT_EXTRACT;SEASHELLS;5243;15
451400;SUBMISSION;;VELVETFRUIT_EXTRACT;SEASHELLS;5242;19
457600;;SUBMISSION;VELVETFRUIT_EXTRACT;SEASHELLS;5241;3
457700;;SUBMISSION;VELVETFRUIT_EXTRACT;SEASHELLS;5240;7
458000;;SUBMISSION;VELVETFRUIT_EXTRACT;SEASHELLS;5240;5
460100;SUBMISSION;;VELVETFRUIT_EXTRACT;SEASHELLS;5236;4
463200;;SUBMISSION;VELVETFRUIT_EXTRACT;SEASHELLS;5238;10
466000;SUBMISSION;;VELVETFRUIT_EXTRACT;SEASHELLS;5235;3
466400;SUBMISSION;;VELVETFRUIT_EXTRACT;SEASHELLS;5233;14
466400;SUBMISSION;;VELVETFRUIT_EXTRACT;SEASHELLS;5233;14
468600;;SUBMISSION;VELVETFRUIT_EXTRACT;SEASHELLS;5238;4
468700;;SUBMISSION;VELVETFRUIT_EXTRACT;SEASHELLS;5236;16
472900;;SUBMISSION;VELVETFRUIT_EXTRACT;SEASHELLS;5237;6
473800;;SUBMISSION;VELVETFRUIT_EXTRACT;SEASHELLS;5238;3
474900;;SUBMISSION;VELVETFRUIT_EXTRACT;SEASHELLS;5238;7
475000;;SUBMISSION;VELVETFRUIT_EXTRACT;SEASHELLS;5238;8
476000;;SUBMISSION;VELVETFRUIT_EXTRACT;SEASHELLS;5243;22
479200;SUBMISSION;;VELVETFRUIT_EXTRACT;SEASHELLS;5244;22
479600;SUBMISSION;;VELVETFRUIT_EXTRACT;SEASHELLS;5241;7
480500;SUBMISSION;;VELVETFRUIT_EXTRACT;SEASHELLS;5241;3
481400;;SUBMISSION;VELVETFRUIT_EXTRACT;SEASHELLS;5244;10
482100;;SUBMISSION;VELVETFRUIT_EXTRACT;SEASHELLS;5248;54
483200;SUBMISSION;;VELVETFRUIT_EXTRACT;SEASHELLS;5247;7
485900;SUBMISSION;;VELVETFRUIT_EXTRACT;SEASHELLS;5242;16
486000;SUBMISSION;;VELVETFRUIT_EXTRACT;SEASHELLS;5238;5
486300;SUBMISSION;;VELVETFRUIT_EXTRACT;SEASHELLS;5241;22
486700;SUBMISSION;;VELVETFRUIT_EXTRACT;SEASHELLS;5237;8
490200;;SUBMISSION;VELVETFRUIT_EXTRACT;SEASHELLS;5238;4
493500;SUBMISSION;;VELVETFRUIT_EXTRACT;SEASHELLS;5240;6
494300;;SUBMISSION;VELVETFRUIT_EXTRACT;SEASHELLS;5243;6
495100;;SUBMISSION;VELVETFRUIT_EXTRACT;SEASHELLS;5244;15
495100;;SUBMISSION;VELVETFRUIT_EXTRACT;SEASHELLS;5246;8
498100;SUBMISSION;;VELVETFRUIT_EXTRACT;SEASHELLS;5243;8
500000;;SUBMISSION;VELVETFRUIT_EXTRACT;SEASHELLS;5247;3
501400;SUBMISSION;;VELVETFRUIT_EXTRACT;SEASHELLS;5245;18
505100;SUBMISSION;;VELVETFRUIT_EXTRACT;SEASHELLS;5234;9
505100;SUBMISSION;;VELVETFRUIT_EXTRACT;SEASHELLS;5233;7
507400;SUBMISSION;;VELVETFRUIT_EXTRACT;SEASHELLS;5235;8
512200;;SUBMISSION;VELVETFRUIT_EXTRACT;SEASHELLS;5236;24
513600;;SUBMISSION;VELVETFRUIT_EXTRACT;SEASHELLS;5243;5
513800;;SUBMISSION;VELVETFRUIT_EXTRACT;SEASHELLS;5244;15
513800;;SUBMISSION;VELVETFRUIT_EXTRACT;SEASHELLS;5243;30
517100;SUBMISSION;;VELVETFRUIT_EXTRACT;SEASHELLS;5246;10
519800;SUBMISSION;;VELVETFRUIT_EXTRACT;SEASHELLS;5244;5
521700;SUBMISSION;;VELVETFRUIT_EXTRACT;SEASHELLS;5244;8
521700;SUBMISSION;;VELVETFRUIT_EXTRACT;SEASHELLS;5245;8
524500;SUBMISSION;;VELVETFRUIT_EXTRACT;SEASHELLS;5247;19
524600;SUBMISSION;;VELVETFRUIT_EXTRACT;SEASHELLS;5244;9
527200;SUBMISSION;;VELVETFRUIT_EXTRACT;SEASHELLS;5245;7
529800;;SUBMISSION;VELVETFRUIT_EXTRACT;SEASHELLS;5248;3
530000;;SUBMISSION;VELVETFRUIT_EXTRACT;SEASHELLS;5247;7
536900;;SUBMISSION;VELVETFRUIT_EXTRACT;SEASHELLS;5243;6
538700;;SUBMISSION;VELVETFRUIT_EXTRACT;SEASHELLS;5246;5
544700;;SUBMISSION;VELVETFRUIT_EXTRACT;SEASHELLS;5242;8
545500;SUBMISSION;;VELVETFRUIT_EXTRACT;SEASHELLS;5239;13
548000;SUBMISSION;;VELVETFRUIT_EXTRACT;SEASHELLS;5236;5
550900;;SUBMISSION;VELVETFRUIT_EXTRACT;SEASHELLS;5237;5
555000;;SUBMISSION;VELVETFRUIT_EXTRACT;SEASHELLS;5245;3
556700;SUBMISSION;;VELVETFRUIT_EXTRACT;SEASHELLS;5239;8
558800;;SUBMISSION;VELVETFRUIT_EXTRACT;SEASHELLS;5240;8
558900;;SUBMISSION;VELVETFRUIT_EXTRACT;SEASHELLS;5240;7
560100;SUBMISSION;;VELVETFRUIT_EXTRACT;SEASHELLS;5238;7
561100;SUBMISSION;;VELVETFRUIT_EXTRACT;SEASHELLS;5235;6
561300;SUBMISSION;;VELVETFRUIT_EXTRACT;SEASHELLS;5235;3
564900;SUBMISSION;;VELVETFRUIT_EXTRACT;SEASHELLS;5234;6
566100;SUBMISSION;;VELVETFRUIT_EXTRACT;SEASHELLS;5234;3
567800;SUBMISSION;;VELVETFRUIT_EXTRACT;SEASHELLS;5229;10
571800;;SUBMISSION;VELVETFRUIT_EXTRACT;SEASHELLS;5230;59
575000;SUBMISSION;;VELVETFRUIT_EXTRACT;SEASHELLS;5232;15
576300;SUBMISSION;;VELVETFRUIT_EXTRACT;SEASHELLS;5230;19
576500;SUBMISSION;;VELVETFRUIT_EXTRACT;SEASHELLS;5226;7
577300;SUBMISSION;;VELVETFRUIT_EXTRACT;SEASHELLS;5223;10
577500;SUBMISSION;;VELVETFRUIT_EXTRACT;SEASHELLS;5224;20
579200;SUBMISSION;;VELVETFRUIT_EXTRACT;SEASHELLS;5217;9
581900;;SUBMISSION;VELVETFRUIT_EXTRACT;SEASHELLS;5224;6
582100;;SUBMISSION;VELVETFRUIT_EXTRACT;SEASHELLS;5225;10
582400;;SUBMISSION;VELVETFRUIT_EXTRACT;SEASHELLS;5226;11
588300;;SUBMISSION;VELVETFRUIT_EXTRACT;SEASHELLS;5214;6
588400;;SUBMISSION;VELVETFRUIT_EXTRACT;SEASHELLS;5216;5
589400;SUBMISSION;;VELVETFRUIT_EXTRACT;SEASHELLS;5213;3
591900;;SUBMISSION;VELVETFRUIT_EXTRACT;SEASHELLS;5217;8
592000;;SUBMISSION;VELVETFRUIT_EXTRACT;SEASHELLS;5218;3
592000;;SUBMISSION;VELVETFRUIT_EXTRACT;SEASHELLS;5222;6
596400;;SUBMISSION;VELVETFRUIT_EXTRACT;SEASHELLS;5226;23
597500;;SUBMISSION;VELVETFRUIT_EXTRACT;SEASHELLS;5233;8
599500;;SUBMISSION;VELVETFRUIT_EXTRACT;SEASHELLS;5241;24
603700;SUBMISSION;;VELVETFRUIT_EXTRACT;SEASHELLS;5244;11
604700;SUBMISSION;;VELVETFRUIT_EXTRACT;SEASHELLS;5242;9
606100;;SUBMISSION;VELVETFRUIT_EXTRACT;SEASHELLS;5248;19
608800;;SUBMISSION;VELVETFRUIT_EXTRACT;SEASHELLS;5254;3
610800;SUBMISSION;;VELVETFRUIT_EXTRACT;SEASHELLS;5249;8
611100;SUBMISSION;;VELVETFRUIT_EXTRACT;SEASHELLS;5249;15
611200;SUBMISSION;;VELVETFRUIT_EXTRACT;SEASHELLS;5248;66
611300;SUBMISSION;;VELVETFRUIT_EXTRACT;SEASHELLS;5244;6
611900;SUBMISSION;;VELVETFRUIT_EXTRACT;SEASHELLS;5243;14
612300;SUBMISSION;;VELVETFRUIT_EXTRACT;SEASHELLS;5242;8
615700;SUBMISSION;;VELVETFRUIT_EXTRACT;SEASHELLS;5237;9
619000;;SUBMISSION;VELVETFRUIT_EXTRACT;SEASHELLS;5237;62
619200;;SUBMISSION;VELVETFRUIT_EXTRACT;SEASHELLS;5238;1
620600;SUBMISSION;;VELVETFRUIT_EXTRACT;SEASHELLS;5234;23
622600;;SUBMISSION;VELVETFRUIT_EXTRACT;SEASHELLS;5232;21
622700;;SUBMISSION;VELVETFRUIT_EXTRACT;SEASHELLS;5232;2
623000;;SUBMISSION;VELVETFRUIT_EXTRACT;SEASHELLS;5235;64
625500;;SUBMISSION;VELVETFRUIT_EXTRACT;SEASHELLS;5243;15
626300;;SUBMISSION;VELVETFRUIT_EXTRACT;SEASHELLS;5247;5
629200;SUBMISSION;;VELVETFRUIT_EXTRACT;SEASHELLS;5244;5
629600;SUBMISSION;;VELVETFRUIT_EXTRACT;SEASHELLS;5243;10
630800;SUBMISSION;;VELVETFRUIT_EXTRACT;SEASHELLS;5242;13
633800;SUBMISSION;;VELVETFRUIT_EXTRACT;SEASHELLS;5245;24
634100;SUBMISSION;;VELVETFRUIT_EXTRACT;SEASHELLS;5244;18
643000;SUBMISSION;;VELVETFRUIT_EXTRACT;SEASHELLS;5240;6
651100;SUBMISSION;;VELVETFRUIT_EXTRACT;SEASHELLS;5240;15
651300;;SUBMISSION;VELVETFRUIT_EXTRACT;SEASHELLS;5246;8
653800;;SUBMISSION;VELVETFRUIT_EXTRACT;SEASHELLS;5251;5
658300;SUBMISSION;;VELVETFRUIT_EXTRACT;SEASHELLS;5250;3
661300;SUBMISSION;;VELVETFRUIT_EXTRACT;SEASHELLS;5254;3
661400;SUBMISSION;;VELVETFRUIT_EXTRACT;SEASHELLS;5252;22
663700;;SUBMISSION;VELVETFRUIT_EXTRACT;SEASHELLS;5252;6
664800;;SUBMISSION;VELVETFRUIT_EXTRACT;SEASHELLS;5253;16
667800;;SUBMISSION;VELVETFRUIT_EXTRACT;SEASHELLS;5261;5
669700;;SUBMISSION;VELVETFRUIT_EXTRACT;SEASHELLS;5265;7
672600;;SUBMISSION;VELVETFRUIT_EXTRACT;SEASHELLS;5270;3
672800;;SUBMISSION;VELVETFRUIT_EXTRACT;SEASHELLS;5269;65
672800;;SUBMISSION;VELVETFRUIT_EXTRACT;SEASHELLS;5270;10
673600;;SUBMISSION;VELVETFRUIT_EXTRACT;SEASHELLS;5274;6
675500;SUBMISSION;;VELVETFRUIT_EXTRACT;SEASHELLS;5270;7
675800;SUBMISSION;;VELVETFRUIT_EXTRACT;SEASHELLS;5270;23
677400;SUBMISSION;;VELVETFRUIT_EXTRACT;SEASHELLS;5266;8
677600;SUBMISSION;;VELVETFRUIT_EXTRACT;SEASHELLS;5267;58
679000;;SUBMISSION;VELVETFRUIT_EXTRACT;SEASHELLS;5272;5
679400;;SUBMISSION;VELVETFRUIT_EXTRACT;SEASHELLS;5274;17
682800;;SUBMISSION;VELVETFRUIT_EXTRACT;SEASHELLS;5282;6
684500;SUBMISSION;;VELVETFRUIT_EXTRACT;SEASHELLS;5278;22
684500;SUBMISSION;;VELVETFRUIT_EXTRACT;SEASHELLS;5278;6
684500;SUBMISSION;;VELVETFRUIT_EXTRACT;SEASHELLS;5274;1
687700;SUBMISSION;;VELVETFRUIT_EXTRACT;SEASHELLS;5271;5
687700;SUBMISSION;;VELVETFRUIT_EXTRACT;SEASHELLS;5270;7
688700;;SUBMISSION;VELVETFRUIT_EXTRACT;SEASHELLS;5274;7
691200;SUBMISSION;;VELVETFRUIT_EXTRACT;SEASHELLS;5272;7
691700;SUBMISSION;;VELVETFRUIT_EXTRACT;SEASHELLS;5269;10
693000;;SUBMISSION;VELVETFRUIT_EXTRACT;SEASHELLS;5272;10
695900;SUBMISSION;;VELVETFRUIT_EXTRACT;SEASHELLS;5266;11
696800;;SUBMISSION;VELVETFRUIT_EXTRACT;SEASHELLS;5270;9
697200;;SUBMISSION;VELVETFRUIT_EXTRACT;SEASHELLS;5271;15
697300;;SUBMISSION;VELVETFRUIT_EXTRACT;SEASHELLS;5274;8
698100;;SUBMISSION;VELVETFRUIT_EXTRACT;SEASHELLS;5275;11
700300;SUBMISSION;;VELVETFRUIT_EXTRACT;SEASHELLS;5270;19
700400;SUBMISSION;;VELVETFRUIT_EXTRACT;SEASHELLS;5268;24
700500;SUBMISSION;;VELVETFRUIT_EXTRACT;SEASHELLS;5264;10
701000;SUBMISSION;;VELVETFRUIT_EXTRACT;SEASHELLS;5264;4
701800;SUBMISSION;;VELVETFRUIT_EXTRACT;SEASHELLS;5262;60
704600;;SUBMISSION;VELVETFRUIT_EXTRACT;SEASHELLS;5264;8
705100;;SUBMISSION;VELVETFRUIT_EXTRACT;SEASHELLS;5266;7
714100;SUBMISSION;;VELVETFRUIT_EXTRACT;SEASHELLS;5248;8
715300;SUBMISSION;;VELVETFRUIT_EXTRACT;SEASHELLS;5244;8
715300;SUBMISSION;;VELVETFRUIT_EXTRACT;SEASHELLS;5244;8
716400;;SUBMISSION;VELVETFRUIT_EXTRACT;SEASHELLS;5248;24
716600;;SUBMISSION;VELVETFRUIT_EXTRACT;SEASHELLS;5249;8
720500;SUBMISSION;;VELVETFRUIT_EXTRACT;SEASHELLS;5237;11
720500;SUBMISSION;;VELVETFRUIT_EXTRACT;SEASHELLS;5237;11
722300;;SUBMISSION;VELVETFRUIT_EXTRACT;SEASHELLS;5241;4
730300;SUBMISSION;;VELVETFRUIT_EXTRACT;SEASHELLS;5224;5
731200;;SUBMISSION;VELVETFRUIT_EXTRACT;SEASHELLS;5228;25
731300;;SUBMISSION;VELVETFRUIT_EXTRACT;SEASHELLS;5228;63
731500;;SUBMISSION;VELVETFRUIT_EXTRACT;SEASHELLS;5229;10
731900;;SUBMISSION;VELVETFRUIT_EXTRACT;SEASHELLS;5232;7
735100;SUBMISSION;;VELVETFRUIT_EXTRACT;SEASHELLS;5228;3
735400;SUBMISSION;;VELVETFRUIT_EXTRACT;SEASHELLS;5229;4
737600;SUBMISSION;;VELVETFRUIT_EXTRACT;SEASHELLS;5222;5
738000;SUBMISSION;;VELVETFRUIT_EXTRACT;SEASHELLS;5221;8
738500;SUBMISSION;;VELVETFRUIT_EXTRACT;SEASHELLS;5217;4
738700;SUBMISSION;;VELVETFRUIT_EXTRACT;SEASHELLS;5220;22
738800;SUBMISSION;;VELVETFRUIT_EXTRACT;SEASHELLS;5216;3
740700;SUBMISSION;;VELVETFRUIT_EXTRACT;SEASHELLS;5212;66
745800;;SUBMISSION;VELVETFRUIT_EXTRACT;SEASHELLS;5212;21
745900;;SUBMISSION;VELVETFRUIT_EXTRACT;SEASHELLS;5212;53
746200;;SUBMISSION;VELVETFRUIT_EXTRACT;SEASHELLS;5215;15
749000;;SUBMISSION;VELVETFRUIT_EXTRACT;SEASHELLS;5215;19
751300;SUBMISSION;;VELVETFRUIT_EXTRACT;SEASHELLS;5212;5
752300;;SUBMISSION;VELVETFRUIT_EXTRACT;SEASHELLS;5217;5
756000;;SUBMISSION;VELVETFRUIT_EXTRACT;SEASHELLS;5225;10
757400;SUBMISSION;;VELVETFRUIT_EXTRACT;SEASHELLS;5220;10
758100;SUBMISSION;;VELVETFRUIT_EXTRACT;SEASHELLS;5214;8
759800;;SUBMISSION;VELVETFRUIT_EXTRACT;SEASHELLS;5217;5
760100;;SUBMISSION;VELVETFRUIT_EXTRACT;SEASHELLS;5217;3
760900;;SUBMISSION;VELVETFRUIT_EXTRACT;SEASHELLS;5221;12
761300;;SUBMISSION;VELVETFRUIT_EXTRACT;SEASHELLS;5223;10
762800;;SUBMISSION;VELVETFRUIT_EXTRACT;SEASHELLS;5230;6
771600;SUBMISSION;;VELVETFRUIT_EXTRACT;SEASHELLS;5230;12
771600;SUBMISSION;;VELVETFRUIT_EXTRACT;SEASHELLS;5232;12
771800;;SUBMISSION;VELVETFRUIT_EXTRACT;SEASHELLS;5236;6
775500;;SUBMISSION;VELVETFRUIT_EXTRACT;SEASHELLS;5241;7
776100;;SUBMISSION;VELVETFRUIT_EXTRACT;SEASHELLS;5241;19
777200;SUBMISSION;;VELVETFRUIT_EXTRACT;SEASHELLS;5238;10
780400;SUBMISSION;;VELVETFRUIT_EXTRACT;SEASHELLS;5241;18
780500;SUBMISSION;;VELVETFRUIT_EXTRACT;SEASHELLS;5241;8
781500;SUBMISSION;;VELVETFRUIT_EXTRACT;SEASHELLS;5236;7
781900;SUBMISSION;;VELVETFRUIT_EXTRACT;SEASHELLS;5236;5
783300;;SUBMISSION;VELVETFRUIT_EXTRACT;SEASHELLS;5238;12
787000;;SUBMISSION;VELVETFRUIT_EXTRACT;SEASHELLS;5250;6
789000;SUBMISSION;;VELVETFRUIT_EXTRACT;SEASHELLS;5244;6
796100;;SUBMISSION;VELVETFRUIT_EXTRACT;SEASHELLS;5244;5
796600;;SUBMISSION;VELVETFRUIT_EXTRACT;SEASHELLS;5243;7
798900;;SUBMISSION;VELVETFRUIT_EXTRACT;SEASHELLS;5244;8
799800;;SUBMISSION;VELVETFRUIT_EXTRACT;SEASHELLS;5245;23
800000;;SUBMISSION;VELVETFRUIT_EXTRACT;SEASHELLS;5247;17
809200;SUBMISSION;;VELVETFRUIT_EXTRACT;SEASHELLS;5260;59
809300;SUBMISSION;;VELVETFRUIT_EXTRACT;SEASHELLS;5258;1
809400;SUBMISSION;;VELVETFRUIT_EXTRACT;SEASHELLS;5257;23
809500;SUBMISSION;;VELVETFRUIT_EXTRACT;SEASHELLS;5255;21
809800;SUBMISSION;;VELVETFRUIT_EXTRACT;SEASHELLS;5253;6
810800;SUBMISSION;;VELVETFRUIT_EXTRACT;SEASHELLS;5252;10
810800;SUBMISSION;;VELVETFRUIT_EXTRACT;SEASHELLS;5251;5
812300;SUBMISSION;;VELVETFRUIT_EXTRACT;SEASHELLS;5246;8
812600;;SUBMISSION;VELVETFRUIT_EXTRACT;SEASHELLS;5250;5
813500;SUBMISSION;;VELVETFRUIT_EXTRACT;SEASHELLS;5241;4
815900;;SUBMISSION;VELVETFRUIT_EXTRACT;SEASHELLS;5245;3
819100;;SUBMISSION;VELVETFRUIT_EXTRACT;SEASHELLS;5246;62
819300;;SUBMISSION;VELVETFRUIT_EXTRACT;SEASHELLS;5247;7
825600;;SUBMISSION;VELVETFRUIT_EXTRACT;SEASHELLS;5258;6
825700;;SUBMISSION;VELVETFRUIT_EXTRACT;SEASHELLS;5258;6
828400;;SUBMISSION;VELVETFRUIT_EXTRACT;SEASHELLS;5257;3
830100;SUBMISSION;;VELVETFRUIT_EXTRACT;SEASHELLS;5252;6
831300;;SUBMISSION;VELVETFRUIT_EXTRACT;SEASHELLS;5256;3
833700;;SUBMISSION;VELVETFRUIT_EXTRACT;SEASHELLS;5257;5
835900;SUBMISSION;;VELVETFRUIT_EXTRACT;SEASHELLS;5252;7
839300;SUBMISSION;;VELVETFRUIT_EXTRACT;SEASHELLS;5255;10
844300;;SUBMISSION;VELVETFRUIT_EXTRACT;SEASHELLS;5261;7
844600;;SUBMISSION;VELVETFRUIT_EXTRACT;SEASHELLS;5261;23
845400;SUBMISSION;;VELVETFRUIT_EXTRACT;SEASHELLS;5260;7
846200;SUBMISSION;;VELVETFRUIT_EXTRACT;SEASHELLS;5260;8
846400;SUBMISSION;;VELVETFRUIT_EXTRACT;SEASHELLS;5260;10
848400;SUBMISSION;;VELVETFRUIT_EXTRACT;SEASHELLS;5256;11
858200;;SUBMISSION;VELVETFRUIT_EXTRACT;SEASHELLS;5259;6
859700;SUBMISSION;;VELVETFRUIT_EXTRACT;SEASHELLS;5252;13
860300;SUBMISSION;;VELVETFRUIT_EXTRACT;SEASHELLS;5254;3
861000;SUBMISSION;;VELVETFRUIT_EXTRACT;SEASHELLS;5253;4
863200;SUBMISSION;;VELVETFRUIT_EXTRACT;SEASHELLS;5252;10
864300;;SUBMISSION;VELVETFRUIT_EXTRACT;SEASHELLS;5257;8
864300;;SUBMISSION;VELVETFRUIT_EXTRACT;SEASHELLS;5256;4
865700;;SUBMISSION;VELVETFRUIT_EXTRACT;SEASHELLS;5255;18
867800;SUBMISSION;;VELVETFRUIT_EXTRACT;SEASHELLS;5254;10
868700;SUBMISSION;;VELVETFRUIT_EXTRACT;SEASHELLS;5251;20
871900;;SUBMISSION;VELVETFRUIT_EXTRACT;SEASHELLS;5250;23
872000;;SUBMISSION;VELVETFRUIT_EXTRACT;SEASHELLS;5252;10
872400;SUBMISSION;;VELVETFRUIT_EXTRACT;SEASHELLS;5248;15
872400;SUBMISSION;;VELVETFRUIT_EXTRACT;SEASHELLS;5248;15
873800;SUBMISSION;;VELVETFRUIT_EXTRACT;SEASHELLS;5245;14
878400;;SUBMISSION;VELVETFRUIT_EXTRACT;SEASHELLS;5248;41
878500;;SUBMISSION;VELVETFRUIT_EXTRACT;SEASHELLS;5250;9
885700;;SUBMISSION;VELVETFRUIT_EXTRACT;SEASHELLS;5259;72
886000;;SUBMISSION;VELVETFRUIT_EXTRACT;SEASHELLS;5264;3
887000;;SUBMISSION;VELVETFRUIT_EXTRACT;SEASHELLS;5267;4
889900;SUBMISSION;;VELVETFRUIT_EXTRACT;SEASHELLS;5263;3
891800;;SUBMISSION;VELVETFRUIT_EXTRACT;SEASHELLS;5271;7
892900;;SUBMISSION;VELVETFRUIT_EXTRACT;SEASHELLS;5274;5
894900;SUBMISSION;;VELVETFRUIT_EXTRACT;SEASHELLS;5273;23
895000;SUBMISSION;;VELVETFRUIT_EXTRACT;SEASHELLS;5272;18
895200;SUBMISSION;;VELVETFRUIT_EXTRACT;SEASHELLS;5271;22
895300;SUBMISSION;;VELVETFRUIT_EXTRACT;SEASHELLS;5271;34
898400;;SUBMISSION;VELVETFRUIT_EXTRACT;SEASHELLS;5279;24
901000;SUBMISSION;;VELVETFRUIT_EXTRACT;SEASHELLS;5282;8
901800;SUBMISSION;;VELVETFRUIT_EXTRACT;SEASHELLS;5280;8
902700;SUBMISSION;;VELVETFRUIT_EXTRACT;SEASHELLS;5282;8
914600;;SUBMISSION;VELVETFRUIT_EXTRACT;SEASHELLS;5284;8
922100;;SUBMISSION;VELVETFRUIT_EXTRACT;SEASHELLS;5288;4
922600;SUBMISSION;;VELVETFRUIT_EXTRACT;SEASHELLS;5282;9
922800;SUBMISSION;;VELVETFRUIT_EXTRACT;SEASHELLS;5282;6
927200;;SUBMISSION;VELVETFRUIT_EXTRACT;SEASHELLS;5282;3
929100;SUBMISSION;;VELVETFRUIT_EXTRACT;SEASHELLS;5278;8
936000;SUBMISSION;;VELVETFRUIT_EXTRACT;SEASHELLS;5274;7
936600;SUBMISSION;;VELVETFRUIT_EXTRACT;SEASHELLS;5271;8
942700;SUBMISSION;;VELVETFRUIT_EXTRACT;SEASHELLS;5270;3
945100;;SUBMISSION;VELVETFRUIT_EXTRACT;SEASHELLS;5277;8
945300;;SUBMISSION;VELVETFRUIT_EXTRACT;SEASHELLS;5276;11
945400;;SUBMISSION;VELVETFRUIT_EXTRACT;SEASHELLS;5278;3
945600;;SUBMISSION;VELVETFRUIT_EXTRACT;SEASHELLS;5276;4
958700;SUBMISSION;;VELVETFRUIT_EXTRACT;SEASHELLS;5271;8
960400;SUBMISSION;;VELVETFRUIT_EXTRACT;SEASHELLS;5268;4
962500;SUBMISSION;;VELVETFRUIT_EXTRACT;SEASHELLS;5264;6
964000;;SUBMISSION;VELVETFRUIT_EXTRACT;SEASHELLS;5266;17
964100;;SUBMISSION;VELVETFRUIT_EXTRACT;SEASHELLS;5266;1
965800;SUBMISSION;;VELVETFRUIT_EXTRACT;SEASHELLS;5262;18
970000;SUBMISSION;;VELVETFRUIT_EXTRACT;SEASHELLS;5261;8
970700;;SUBMISSION;VELVETFRUIT_EXTRACT;SEASHELLS;5264;4
972200;;SUBMISSION;VELVETFRUIT_EXTRACT;SEASHELLS;5264;17
972300;;SUBMISSION;VELVETFRUIT_EXTRACT;SEASHELLS;5266;17
972400;;SUBMISSION;VELVETFRUIT_EXTRACT;SEASHELLS;5266;24
972700;;SUBMISSION;VELVETFRUIT_EXTRACT;SEASHELLS;5270;8
974300;SUBMISSION;;VELVETFRUIT_EXTRACT;SEASHELLS;5267;5
977200;SUBMISSION;;VELVETFRUIT_EXTRACT;SEASHELLS;5268;5
981200;SUBMISSION;;VELVETFRUIT_EXTRACT;SEASHELLS;5272;3
992900;SUBMISSION;;VELVETFRUIT_EXTRACT;SEASHELLS;5286;8
993000;SUBMISSION;;VELVETFRUIT_EXTRACT;SEASHELLS;5286;22
993100;SUBMISSION;;VELVETFRUIT_EXTRACT;SEASHELLS;5286;1
993200;SUBMISSION;;VELVETFRUIT_EXTRACT;SEASHELLS;5284;62
993500;SUBMISSION;;VELVETFRUIT_EXTRACT;SEASHELLS;5280;13
993500;SUBMISSION;;VELVETFRUIT_EXTRACT;SEASHELLS;5280;13
994700;;SUBMISSION;VELVETFRUIT_EXTRACT;SEASHELLS;5284;24
994900;;SUBMISSION;VELVETFRUIT_EXTRACT;SEASHELLS;5284;22
995100;;SUBMISSION;VELVETFRUIT_EXTRACT;SEASHELLS;5288;7
995800;;SUBMISSION;VELVETFRUIT_EXTRACT;SEASHELLS;5287;22
995900;;SUBMISSION;VELVETFRUIT_EXTRACT;SEASHELLS;5287;13
996300;;SUBMISSION;VELVETFRUIT_EXTRACT;SEASHELLS;5290;21
996700;;SUBMISSION;VELVETFRUIT_EXTRACT;SEASHELLS;5295;8
996800;;SUBMISSION;VELVETFRUIT_EXTRACT;SEASHELLS;5294;17
997000;;SUBMISSION;VELVETFRUIT_EXTRACT;SEASHELLS;5297;9
998800;SUBMISSION;;VELVETFRUIT_EXTRACT;SEASHELLS;5295;13
