timestamp;buyer;seller;symbol;currency;price;quantity
0;SUBMISSION;;HYDROGEL_PACK;SEASHELLS;9966;13
0;SUBMISSION;;HYDROGEL_PACK;SEASHELLS;9968;23
100;SUBMISSION;;HYDROGEL_PACK;SEASHELLS;9969;15
100;SUBMISSION;;HYDROGEL_PACK;SEASHELLS;9971;21
78500;Mark 38;SUBMISSION;HYDROGEL_PACK;SEASHELLS;9999;4
78600;SUBMISSION;;HYDROGEL_PACK;SEASHELLS;9998;10
178000;SUBMISSION;Mark 38;HYDROGEL_PACK;SEASHELLS;9989;3
181300;;SUBMISSION;HYDROGEL_PACK;SEASHELLS;10000;13
181400;;SUBMISSION;HYDROGEL_PACK;SEASHELLS;10001;14
181500;;SUBMISSION;HYDROGEL_PACK;SEASHELLS;10003;11
181500;;SUBMISSION;HYDROGEL_PACK;SEASHELLS;10000;20
181600;;SUBMISSION;HYDROGEL_PACK;SEASHELLS;10004;10
181600;;SUBMISSION;HYDROGEL_PACK;SEASHELLS;10002;20
181700;;SUBMISSION;HYDROGEL_PACK;SEASHELLS;10008;10
181700;;SUBMISSION;HYDROGEL_PACK;SEASHELLS;10006;24
181800;;SUBMISSION;HYDROGEL_PACK;SEASHELLS;10008;12
181800;;SUBMISSION;HYDROGEL_PACK;SEASHELLS;10005;20
197200;;SUBMISSION;HYDROGEL_PACK;SEASHELLS;10005;4
210600;SUBMISSION;Mark 38;HYDROGEL_PACK;SEASHELLS;9991;5
211100;SUBMISSION;Mark 38;HYDROGEL_PACK;SEASHELLS;9997;6
211900;;SUBMISSION;HYDROGEL_PACK;SEASHELLS;10001;13
213700;SUBMISSION;;HYDROGEL_PACK;SEASHELLS;9997;15
213700;SUBMISSION;;HYDROGEL_PACK;SEASHELLS;10000;23
213800;SUBMISSION;;HYDROGEL_PACK;SEASHELLS;9996;12
213800;SUBMISSION;;HYDROGEL_PACK;SEASHELLS;9999;28
213900;SUBMISSION;;HYDROGEL_PACK;SEASHELLS;9998;10
214000;SUBMISSION;;HYDROGEL_PACK;SEASHELLS;9998;12
214100;SUBMISSION;;HYDROGEL_PACK;SEASHELLS;9997;12
214100;SUBMISSION;;HYDROGEL_PACK;SEASHELLS;9999;30
215900;SUBMISSION;;HYDROGEL_PACK;SEASHELLS;9998;11
217500;Mark 38;SUBMISSION;HYDROGEL_PACK;SEASHELLS;10010;4
218400;;SUBMISSION;HYDROGEL_PACK;SEASHELLS;10000;12
218500;;SUBMISSION;HYDROGEL_PACK;SEASHELLS;10001;15
218500;Mark 38;SUBMISSION;HYDROGEL_PACK;SEASHELLS;10016;5
218600;;SUBMISSION;HYDROGEL_PACK;SEASHELLS;10000;13
218700;;SUBMISSION;HYDROGEL_PACK;SEASHELLS;10000;15
218800;;SUBMISSION;HYDROGEL_PACK;SEASHELLS;10002;13
218900;Mark 38;SUBMISSION;HYDROGEL_PACK;SEASHELLS;10013;3
220900;;SUBMISSION;HYDROGEL_PACK;SEASHELLS;10003;4
221200;Mark 38;SUBMISSION;HYDROGEL_PACK;SEASHELLS;10010;5
221500;;SUBMISSION;HYDROGEL_PACK;SEASHELLS;10001;15
223300;SUBMISSION;;HYDROGEL_PACK;SEASHELLS;9999;12
223400;SUBMISSION;;HYDROGEL_PACK;SEASHELLS;10000;10
223500;SUBMISSION;;HYDROGEL_PACK;SEASHELLS;9998;15
223600;SUBMISSION;;HYDROGEL_PACK;SEASHELLS;9994;13
223600;SUBMISSION;;HYDROGEL_PACK;SEASHELLS;9997;28
224000;SUBMISSION;;HYDROGEL_PACK;SEASHELLS;9997;12
230000;SUBMISSION;;HYDROGEL_PACK;SEASHELLS;9998;11
230000;Mark 38;SUBMISSION;HYDROGEL_PACK;SEASHELLS;9997;4
230200;SUBMISSION;;HYDROGEL_PACK;SEASHELLS;9998;12
230800;Mark 38;SUBMISSION;HYDROGEL_PACK;SEASHELLS;10006;3
231200;;SUBMISSION;HYDROGEL_PACK;SEASHELLS;10001;12
231300;;SUBMISSION;HYDROGEL_PACK;SEASHELLS;10002;13
231400;;SUBMISSION;HYDROGEL_PACK;SEASHELLS;10002;15
231400;;SUBMISSION;HYDROGEL_PACK;SEASHELLS;10000;21
231700;;SUBMISSION;HYDROGEL_PACK;SEASHELLS;10002;11
231800;;SUBMISSION;HYDROGEL_PACK;SEASHELLS;10001;10
232000;;SUBMISSION;HYDROGEL_PACK;SEASHELLS;10002;10
232100;;SUBMISSION;HYDROGEL_PACK;SEASHELLS;10002;11
232200;;SUBMISSION;HYDROGEL_PACK;SEASHELLS;10003;11
232300;;SUBMISSION;HYDROGEL_PACK;SEASHELLS;10003;15
232400;;SUBMISSION;HYDROGEL_PACK;SEASHELLS;10001;10
232500;;SUBMISSION;HYDROGEL_PACK;SEASHELLS;10001;15
235900;SUBMISSION;Mark 38;HYDROGEL_PACK;SEASHELLS;9999;3
252500;SUBMISSION;Mark 38;HYDROGEL_PACK;SEASHELLS;9989;3
254400;SUBMISSION;;HYDROGEL_PACK;SEASHELLS;9998;15
254500;SUBMISSION;;HYDROGEL_PACK;SEASHELLS;10000;13
254600;SUBMISSION;;HYDROGEL_PACK;SEASHELLS;9999;11
254700;SUBMISSION;;HYDROGEL_PACK;SEASHELLS;9997;13
254700;SUBMISSION;;HYDROGEL_PACK;SEASHELLS;9999;26
254700;Mark 38;SUBMISSION;HYDROGEL_PACK;SEASHELLS;9996;5
254800;SUBMISSION;;HYDROGEL_PACK;SEASHELLS;9997;11
254800;SUBMISSION;;HYDROGEL_PACK;SEASHELLS;9999;20
254900;SUBMISSION;;HYDROGEL_PACK;SEASHELLS;9997;15
261200;SUBMISSION;;HYDROGEL_PACK;SEASHELLS;9999;10
261800;SUBMISSION;;HYDROGEL_PACK;SEASHELLS;9997;10
262300;Mark 38;SUBMISSION;HYDROGEL_PACK;SEASHELLS;10004;4
262800;Mark 38;SUBMISSION;HYDROGEL_PACK;SEASHELLS;10007;2
263900;;SUBMISSION;HYDROGEL_PACK;SEASHELLS;10005;7
264100;;SUBMISSION;HYDROGEL_PACK;SEASHELLS;10002;11
266300;SUBMISSION;;HYDROGEL_PACK;SEASHELLS;9999;13
266300;Mark 38;SUBMISSION;HYDROGEL_PACK;SEASHELLS;9998;4
266700;SUBMISSION;;HYDROGEL_PACK;SEASHELLS;9999;11
267000;SUBMISSION;;HYDROGEL_PACK;SEASHELLS;9999;10
499900;SUBMISSION;Mark 38;HYDROGEL_PACK;SEASHELLS;9991;6
500800;SUBMISSION;Mark 38;HYDROGEL_PACK;SEASHELLS;9988;4
503500;SUBMISSION;Mark 38;HYDROGEL_PACK;SEASHELLS;9995;6
