timestamp;buyer;seller;symbol;currency;price;quantity
3200;SUBMISSION;;EMERALDS;SEASHELLS;9993;8
3400;;SUBMISSION;TOMATOES;SEASHELLS;5008;2
4200;;SUBMISSION;EMERALDS;SEASHELLS;10000;9
4300;SUBMISSION;;TOMATOES;SEASHELLS;5002;2
5000;SUBMISSION;;EMERALDS;SEASHELLS;10000;9
5000;SUBMISSION;;EMERALDS;SEASHELLS;9993;7
7000;;SUBMISSION;TOMATOES;SEASHELLS;5009;4
8800;;SUBMISSION;EMERALDS;SEASHELLS;10000;10
9600;SUBMISSION;;TOMATOES;SEASHELLS;5000;5
9900;SUBMISSION;;TOMATOES;SEASHELLS;5001;4
13700;;SUBMISSION;TOMATOES;SEASHELLS;5006;5
14900;;SUBMISSION;EMERALDS;SEASHELLS;10000;5
16400;SUBMISSION;;TOMATOES;SEASHELLS;4997;2
17900;;SUBMISSION;TOMATOES;SEASHELLS;5008;2
22200;;SUBMISSION;TOMATOES;SEASHELLS;5004;3
23500;SUBMISSION;;TOMATOES;SEASHELLS;4990;3
24600;;SUBMISSION;TOMATOES;SEASHELLS;5001;5
26100;SUBMISSION;;TOMATOES;SEASHELLS;4989;2
26800;SUBMISSION;;TOMATOES;SEASHELLS;4994;6
27400;;SUBMISSION;TOMATOES;SEASHELLS;4995;3
30000;SUBMISSION;;TOMATOES;SEASHELLS;4988;7
31400;;SUBMISSION;EMERALDS;SEASHELLS;10007;3
34700;;SUBMISSION;TOMATOES;SEASHELLS;4997;4
36400;SUBMISSION;;TOMATOES;SEASHELLS;4987;2
36700;SUBMISSION;;TOMATOES;SEASHELLS;4986;2
37500;SUBMISSION;;EMERALDS;SEASHELLS;10000;7
38000;;SUBMISSION;EMERALDS;SEASHELLS;10000;5
39400;SUBMISSION;;TOMATOES;SEASHELLS;4979;2
39900;SUBMISSION;;EMERALDS;SEASHELLS;9993;7
41700;;SUBMISSION;TOMATOES;SEASHELLS;4983;5
42400;SUBMISSION;;EMERALDS;SEASHELLS;9993;5
43500;;SUBMISSION;TOMATOES;SEASHELLS;4983;4
43900;;SUBMISSION;TOMATOES;SEASHELLS;4988;5
45500;SUBMISSION;;TOMATOES;SEASHELLS;4983;3
46600;SUBMISSION;;TOMATOES;SEASHELLS;4982;9
49200;;SUBMISSION;EMERALDS;SEASHELLS;10000;7
51300;SUBMISSION;;EMERALDS;SEASHELLS;9993;7
51600;;SUBMISSION;TOMATOES;SEASHELLS;4986;5
51800;;SUBMISSION;EMERALDS;SEASHELLS;10000;10
52000;;SUBMISSION;EMERALDS;SEASHELLS;10000;6
52800;;SUBMISSION;TOMATOES;SEASHELLS;4993;4
53100;;SUBMISSION;TOMATOES;SEASHELLS;4994;2
53600;;SUBMISSION;TOMATOES;SEASHELLS;4995;2
53700;SUBMISSION;;EMERALDS;SEASHELLS;10000;7
53900;;SUBMISSION;EMERALDS;SEASHELLS;10000;10
54400;SUBMISSION;;TOMATOES;SEASHELLS;4984;3
55300;SUBMISSION;;EMERALDS;SEASHELLS;9993;6
55700;SUBMISSION;;EMERALDS;SEASHELLS;9993;4
56500;SUBMISSION;;TOMATOES;SEASHELLS;4985;9
59700;;SUBMISSION;TOMATOES;SEASHELLS;4992;5
61400;;SUBMISSION;TOMATOES;SEASHELLS;4990;1
62700;SUBMISSION;;EMERALDS;SEASHELLS;9993;8
64100;SUBMISSION;;TOMATOES;SEASHELLS;4985;4
66100;;SUBMISSION;TOMATOES;SEASHELLS;4990;8
66700;;SUBMISSION;EMERALDS;SEASHELLS;10007;7
67300;SUBMISSION;;EMERALDS;SEASHELLS;9993;7
68700;;SUBMISSION;EMERALDS;SEASHELLS;10000;6
70500;SUBMISSION;;TOMATOES;SEASHELLS;4987;3
70600;;SUBMISSION;TOMATOES;SEASHELLS;4992;2
71200;;SUBMISSION;TOMATOES;SEASHELLS;4992;2
73500;SUBMISSION;;TOMATOES;SEASHELLS;4983;3
73700;SUBMISSION;;EMERALDS;SEASHELLS;9993;3
74200;;SUBMISSION;TOMATOES;SEASHELLS;4995;3
74700;;SUBMISSION;EMERALDS;SEASHELLS;10000;10
75200;SUBMISSION;;TOMATOES;SEASHELLS;4983;4
78300;;SUBMISSION;TOMATOES;SEASHELLS;4996;5
79100;SUBMISSION;;TOMATOES;SEASHELLS;4985;5
80300;SUBMISSION;;TOMATOES;SEASHELLS;4986;3
80400;SUBMISSION;;EMERALDS;SEASHELLS;9993;3
80800;SUBMISSION;;TOMATOES;SEASHELLS;4990;9
80900;SUBMISSION;;TOMATOES;SEASHELLS;4985;2
81000;SUBMISSION;;TOMATOES;SEASHELLS;4985;4
81400;SUBMISSION;;TOMATOES;SEASHELLS;4985;5
83800;SUBMISSION;;EMERALDS;SEASHELLS;9993;7
84500;SUBMISSION;;TOMATOES;SEASHELLS;4980;3
84600;;SUBMISSION;TOMATOES;SEASHELLS;4987;6
85500;SUBMISSION;;TOMATOES;SEASHELLS;4978;2
86000;;SUBMISSION;TOMATOES;SEASHELLS;4983;5
86000;;SUBMISSION;TOMATOES;SEASHELLS;4990;5
86500;;SUBMISSION;EMERALDS;SEASHELLS;10000;8
86700;;SUBMISSION;TOMATOES;SEASHELLS;4982;2
87200;;SUBMISSION;TOMATOES;SEASHELLS;4984;9
87600;SUBMISSION;;EMERALDS;SEASHELLS;9993;8
91000;SUBMISSION;;TOMATOES;SEASHELLS;4979;5
93900;;SUBMISSION;EMERALDS;SEASHELLS;10007;7
94000;;SUBMISSION;TOMATOES;SEASHELLS;4978;9
95100;SUBMISSION;;EMERALDS;SEASHELLS;9993;7
95800;SUBMISSION;;TOMATOES;SEASHELLS;4982;9
96500;;SUBMISSION;EMERALDS;SEASHELLS;10007;6
97200;SUBMISSION;;TOMATOES;SEASHELLS;4979;4
97400;;SUBMISSION;TOMATOES;SEASHELLS;4985;6
97500;SUBMISSION;;TOMATOES;SEASHELLS;4979;3
98000;SUBMISSION;;EMERALDS;SEASHELLS;9993;7
98400;;SUBMISSION;EMERALDS;SEASHELLS;10007;7
101200;;SUBMISSION;EMERALDS;SEASHELLS;10007;6
101600;SUBMISSION;;EMERALDS;SEASHELLS;10000;6
103700;SUBMISSION;;EMERALDS;SEASHELLS;9993;5
105400;;SUBMISSION;TOMATOES;SEASHELLS;4988;11
106100;SUBMISSION;;TOMATOES;SEASHELLS;4985;12
106400;;SUBMISSION;EMERALDS;SEASHELLS;10000;8
108000;SUBMISSION;;EMERALDS;SEASHELLS;9993;4
110200;SUBMISSION;;TOMATOES;SEASHELLS;4987;5
110700;SUBMISSION;;EMERALDS;SEASHELLS;9993;6
111900;SUBMISSION;;TOMATOES;SEASHELLS;4987;3
112000;;SUBMISSION;TOMATOES;SEASHELLS;4998;4
113000;;SUBMISSION;TOMATOES;SEASHELLS;4993;8
113000;;SUBMISSION;TOMATOES;SEASHELLS;4998;4
114000;;SUBMISSION;EMERALDS;SEASHELLS;10000;9
116300;;SUBMISSION;TOMATOES;SEASHELLS;5000;2
120900;SUBMISSION;;TOMATOES;SEASHELLS;4991;3
121900;SUBMISSION;;EMERALDS;SEASHELLS;10000;10
122900;;SUBMISSION;EMERALDS;SEASHELLS;10000;6
124800;SUBMISSION;;TOMATOES;SEASHELLS;4990;2
127600;;SUBMISSION;TOMATOES;SEASHELLS;4993;2
127700;;SUBMISSION;EMERALDS;SEASHELLS;10000;10
128400;SUBMISSION;;EMERALDS;SEASHELLS;9993;3
128700;SUBMISSION;;TOMATOES;SEASHELLS;4989;3
128800;SUBMISSION;;EMERALDS;SEASHELLS;10000;5
129000;;SUBMISSION;TOMATOES;SEASHELLS;5000;2
129400;;SUBMISSION;TOMATOES;SEASHELLS;4994;11
129700;SUBMISSION;;TOMATOES;SEASHELLS;4994;3
130500;SUBMISSION;;TOMATOES;SEASHELLS;4986;3
130900;SUBMISSION;;TOMATOES;SEASHELLS;4986;2
131700;;SUBMISSION;EMERALDS;SEASHELLS;10007;8
131900;;SUBMISSION;TOMATOES;SEASHELLS;4998;4
132100;SUBMISSION;;EMERALDS;SEASHELLS;9993;6
132100;SUBMISSION;;TOMATOES;SEASHELLS;4987;4
133400;;SUBMISSION;TOMATOES;SEASHELLS;5000;4
133700;;SUBMISSION;EMERALDS;SEASHELLS;10007;8
133900;SUBMISSION;;EMERALDS;SEASHELLS;9993;3
134000;SUBMISSION;;TOMATOES;SEASHELLS;4994;3
135500;SUBMISSION;;EMERALDS;SEASHELLS;9993;5
135600;SUBMISSION;;EMERALDS;SEASHELLS;9993;7
135800;SUBMISSION;;TOMATOES;SEASHELLS;4993;3
136200;SUBMISSION;;TOMATOES;SEASHELLS;4988;4
136300;;SUBMISSION;TOMATOES;SEASHELLS;4995;5
137600;;SUBMISSION;TOMATOES;SEASHELLS;5000;5
138600;SUBMISSION;;TOMATOES;SEASHELLS;4994;2
139100;;SUBMISSION;EMERALDS;SEASHELLS;10000;7
140200;SUBMISSION;;TOMATOES;SEASHELLS;4991;6
141300;SUBMISSION;;EMERALDS;SEASHELLS;9993;6
141300;SUBMISSION;;TOMATOES;SEASHELLS;4994;10
141600;;SUBMISSION;EMERALDS;SEASHELLS;10000;10
141700;;SUBMISSION;TOMATOES;SEASHELLS;4997;10
141800;;SUBMISSION;TOMATOES;SEASHELLS;4997;12
144200;SUBMISSION;;EMERALDS;SEASHELLS;10000;6
144200;SUBMISSION;;TOMATOES;SEASHELLS;4987;2
144300;SUBMISSION;;TOMATOES;SEASHELLS;4992;7
146100;;SUBMISSION;EMERALDS;SEASHELLS;10007;4
148100;SUBMISSION;;EMERALDS;SEASHELLS;10000;5
148700;;SUBMISSION;EMERALDS;SEASHELLS;10000;8
151500;SUBMISSION;;TOMATOES;SEASHELLS;4985;2
151600;;SUBMISSION;TOMATOES;SEASHELLS;4990;1
152000;SUBMISSION;;EMERALDS;SEASHELLS;9993;4
153200;SUBMISSION;;EMERALDS;SEASHELLS;10000;8
153400;;SUBMISSION;TOMATOES;SEASHELLS;4995;4
154700;SUBMISSION;;EMERALDS;SEASHELLS;9993;6
155700;;SUBMISSION;EMERALDS;SEASHELLS;10000;7
156400;;SUBMISSION;EMERALDS;SEASHELLS;10000;9
156600;SUBMISSION;;TOMATOES;SEASHELLS;4988;10
156700;;SUBMISSION;TOMATOES;SEASHELLS;4996;3
157600;;SUBMISSION;TOMATOES;SEASHELLS;4995;3
158300;;SUBMISSION;EMERALDS;SEASHELLS;10007;3
158900;SUBMISSION;;TOMATOES;SEASHELLS;4977;2
159200;SUBMISSION;;TOMATOES;SEASHELLS;4979;3
159400;;SUBMISSION;TOMATOES;SEASHELLS;4984;5
161000;SUBMISSION;;TOMATOES;SEASHELLS;4978;3
161800;SUBMISSION;;TOMATOES;SEASHELLS;4977;2
162400;SUBMISSION;;TOMATOES;SEASHELLS;4977;3
162900;SUBMISSION;;TOMATOES;SEASHELLS;4976;5
163200;;SUBMISSION;TOMATOES;SEASHELLS;4983;8
167300;SUBMISSION;;TOMATOES;SEASHELLS;4983;2
168200;;SUBMISSION;TOMATOES;SEASHELLS;4994;4
170100;SUBMISSION;;EMERALDS;SEASHELLS;10000;6
170800;SUBMISSION;;TOMATOES;SEASHELLS;4983;3
171100;SUBMISSION;;TOMATOES;SEASHELLS;4987;10
171300;SUBMISSION;;EMERALDS;SEASHELLS;10000;6
174700;;SUBMISSION;TOMATOES;SEASHELLS;4992;6
176000;;SUBMISSION;TOMATOES;SEASHELLS;4997;4
176300;SUBMISSION;;TOMATOES;SEASHELLS;4985;3
176900;SUBMISSION;;TOMATOES;SEASHELLS;4986;2
180300;SUBMISSION;;TOMATOES;SEASHELLS;4982;3
181100;SUBMISSION;;TOMATOES;SEASHELLS;4983;4
182300;;SUBMISSION;TOMATOES;SEASHELLS;4991;10
182600;SUBMISSION;;TOMATOES;SEASHELLS;4982;5
182700;;SUBMISSION;EMERALDS;SEASHELLS;10007;5
183700;;SUBMISSION;TOMATOES;SEASHELLS;4990;6
185200;;SUBMISSION;TOMATOES;SEASHELLS;4996;3
187100;;SUBMISSION;TOMATOES;SEASHELLS;4999;2
187600;SUBMISSION;;TOMATOES;SEASHELLS;4989;3
188300;;SUBMISSION;TOMATOES;SEASHELLS;5001;5
189000;SUBMISSION;;TOMATOES;SEASHELLS;4988;3
189200;;SUBMISSION;TOMATOES;SEASHELLS;4994;3
191700;;SUBMISSION;TOMATOES;SEASHELLS;4999;3
192700;SUBMISSION;;TOMATOES;SEASHELLS;4985;3
198700;SUBMISSION;;TOMATOES;SEASHELLS;4994;5
202200;;SUBMISSION;TOMATOES;SEASHELLS;5004;3
202600;;SUBMISSION;TOMATOES;SEASHELLS;4997;2
203600;;SUBMISSION;TOMATOES;SEASHELLS;5001;4
205500;SUBMISSION;;TOMATOES;SEASHELLS;4997;3
206300;;SUBMISSION;TOMATOES;SEASHELLS;5001;2
206400;SUBMISSION;;TOMATOES;SEASHELLS;4990;3
207200;SUBMISSION;;TOMATOES;SEASHELLS;4989;4
207500;;SUBMISSION;EMERALDS;SEASHELLS;10007;7
210000;SUBMISSION;;EMERALDS;SEASHELLS;9993;6
210900;SUBMISSION;;EMERALDS;SEASHELLS;10000;8
212200;SUBMISSION;;EMERALDS;SEASHELLS;9993;5
212200;SUBMISSION;;TOMATOES;SEASHELLS;4996;4
213300;SUBMISSION;;TOMATOES;SEASHELLS;4994;2
214700;;SUBMISSION;EMERALDS;SEASHELLS;10000;10
215500;;SUBMISSION;TOMATOES;SEASHELLS;5002;3
216000;;SUBMISSION;TOMATOES;SEASHELLS;5000;4
218400;;SUBMISSION;EMERALDS;SEASHELLS;10007;3
218700;;SUBMISSION;TOMATOES;SEASHELLS;4998;4
218800;SUBMISSION;;TOMATOES;SEASHELLS;4985;5
218900;SUBMISSION;;TOMATOES;SEASHELLS;4987;2
219300;;SUBMISSION;EMERALDS;SEASHELLS;10007;3
219900;SUBMISSION;;EMERALDS;SEASHELLS;10000;6
221000;;SUBMISSION;TOMATOES;SEASHELLS;4986;6
225900;;SUBMISSION;EMERALDS;SEASHELLS;10000;9
225900;;SUBMISSION;EMERALDS;SEASHELLS;10007;8
226200;SUBMISSION;;TOMATOES;SEASHELLS;4988;11
226300;;SUBMISSION;TOMATOES;SEASHELLS;4996;5
227300;;SUBMISSION;TOMATOES;SEASHELLS;4997;5
229400;SUBMISSION;;TOMATOES;SEASHELLS;4981;3
231600;;SUBMISSION;TOMATOES;SEASHELLS;4982;7
233200;;SUBMISSION;TOMATOES;SEASHELLS;4989;3
234400;;SUBMISSION;EMERALDS;SEASHELLS;10007;8
235200;SUBMISSION;;TOMATOES;SEASHELLS;4981;7
235700;SUBMISSION;;EMERALDS;SEASHELLS;10000;10
236300;;SUBMISSION;EMERALDS;SEASHELLS;10007;3
238600;SUBMISSION;;EMERALDS;SEASHELLS;10000;7
239100;;SUBMISSION;TOMATOES;SEASHELLS;4989;5
240500;SUBMISSION;;EMERALDS;SEASHELLS;10000;8
242000;;SUBMISSION;EMERALDS;SEASHELLS;10007;5
242200;SUBMISSION;;EMERALDS;SEASHELLS;10000;7
243600;SUBMISSION;;EMERALDS;SEASHELLS;9993;4
248700;SUBMISSION;;TOMATOES;SEASHELLS;4982;4
249000;;SUBMISSION;TOMATOES;SEASHELLS;4993;4
249800;;SUBMISSION;TOMATOES;SEASHELLS;4990;2
250000;SUBMISSION;;TOMATOES;SEASHELLS;4984;5
250200;;SUBMISSION;TOMATOES;SEASHELLS;4990;2
250700;SUBMISSION;;TOMATOES;SEASHELLS;4983;9
251800;;SUBMISSION;TOMATOES;SEASHELLS;4990;2
252300;SUBMISSION;;TOMATOES;SEASHELLS;4978;4
253300;;SUBMISSION;TOMATOES;SEASHELLS;4986;6
253500;SUBMISSION;;TOMATOES;SEASHELLS;4984;9
258700;;SUBMISSION;TOMATOES;SEASHELLS;4986;6
259000;SUBMISSION;;TOMATOES;SEASHELLS;4983;3
261900;SUBMISSION;;TOMATOES;SEASHELLS;4985;3
262900;;SUBMISSION;EMERALDS;SEASHELLS;10007;8
264400;;SUBMISSION;TOMATOES;SEASHELLS;4988;12
267600;SUBMISSION;;TOMATOES;SEASHELLS;4979;3
267900;SUBMISSION;;EMERALDS;SEASHELLS;10000;10
269100;;SUBMISSION;TOMATOES;SEASHELLS;4992;2
271800;;SUBMISSION;EMERALDS;SEASHELLS;10000;8
276300;SUBMISSION;;TOMATOES;SEASHELLS;4982;5
278600;SUBMISSION;;TOMATOES;SEASHELLS;4983;4
279400;;SUBMISSION;TOMATOES;SEASHELLS;4985;6
279500;SUBMISSION;;EMERALDS;SEASHELLS;10000;5
280100;SUBMISSION;;TOMATOES;SEASHELLS;4982;8
280400;;SUBMISSION;TOMATOES;SEASHELLS;4988;5
281700;SUBMISSION;;TOMATOES;SEASHELLS;4978;4
282200;;SUBMISSION;TOMATOES;SEASHELLS;4988;4
282500;;SUBMISSION;TOMATOES;SEASHELLS;4989;5
282600;;SUBMISSION;TOMATOES;SEASHELLS;4988;3
283300;SUBMISSION;;TOMATOES;SEASHELLS;4983;2
284400;;SUBMISSION;EMERALDS;SEASHELLS;10000;6
285700;SUBMISSION;;EMERALDS;SEASHELLS;9993;6
286800;;SUBMISSION;TOMATOES;SEASHELLS;4988;2
288700;;SUBMISSION;TOMATOES;SEASHELLS;4992;2
290400;;SUBMISSION;TOMATOES;SEASHELLS;4989;3
291700;SUBMISSION;;TOMATOES;SEASHELLS;4979;5
294100;;SUBMISSION;EMERALDS;SEASHELLS;10000;6
294500;;SUBMISSION;EMERALDS;SEASHELLS;10007;4
295400;SUBMISSION;;TOMATOES;SEASHELLS;4986;2
296100;SUBMISSION;;TOMATOES;SEASHELLS;4980;5
296700;;SUBMISSION;TOMATOES;SEASHELLS;4993;5
297000;SUBMISSION;;EMERALDS;SEASHELLS;10000;9
297400;SUBMISSION;;EMERALDS;SEASHELLS;9993;7
298900;SUBMISSION;;EMERALDS;SEASHELLS;9993;7
300000;;SUBMISSION;EMERALDS;SEASHELLS;10007;5
300100;;SUBMISSION;TOMATOES;SEASHELLS;4993;2
301000;;SUBMISSION;TOMATOES;SEASHELLS;4991;4
301600;SUBMISSION;;TOMATOES;SEASHELLS;4983;9
305600;;SUBMISSION;EMERALDS;SEASHELLS;10000;5
305700;;SUBMISSION;TOMATOES;SEASHELLS;4989;4
307900;SUBMISSION;;TOMATOES;SEASHELLS;4975;2
308200;SUBMISSION;;TOMATOES;SEASHELLS;4974;3
309300;;SUBMISSION;EMERALDS;SEASHELLS;10007;4
310900;;SUBMISSION;EMERALDS;SEASHELLS;10000;10
312600;SUBMISSION;;TOMATOES;SEASHELLS;4977;3
314200;;SUBMISSION;TOMATOES;SEASHELLS;4987;3
314400;SUBMISSION;;EMERALDS;SEASHELLS;9993;8
315900;SUBMISSION;;EMERALDS;SEASHELLS;9993;8
316000;SUBMISSION;;TOMATOES;SEASHELLS;4974;3
316400;SUBMISSION;;TOMATOES;SEASHELLS;4975;3
318400;;SUBMISSION;TOMATOES;SEASHELLS;4990;4
323700;;SUBMISSION;TOMATOES;SEASHELLS;4990;5
325300;;SUBMISSION;EMERALDS;SEASHELLS;10000;7
325500;;SUBMISSION;EMERALDS;SEASHELLS;10000;7
325600;SUBMISSION;;TOMATOES;SEASHELLS;4979;2
326400;;SUBMISSION;TOMATOES;SEASHELLS;4992;3
326800;SUBMISSION;;TOMATOES;SEASHELLS;4980;3
326900;;SUBMISSION;TOMATOES;SEASHELLS;4992;2
327400;SUBMISSION;;EMERALDS;SEASHELLS;9993;4
328200;;SUBMISSION;TOMATOES;SEASHELLS;4993;2
328900;SUBMISSION;;TOMATOES;SEASHELLS;4981;5
329400;SUBMISSION;;TOMATOES;SEASHELLS;4981;5
330300;SUBMISSION;;EMERALDS;SEASHELLS;10000;9
330300;SUBMISSION;;TOMATOES;SEASHELLS;4982;4
331300;;SUBMISSION;TOMATOES;SEASHELLS;4992;5
331400;;SUBMISSION;TOMATOES;SEASHELLS;4991;3
331600;;SUBMISSION;TOMATOES;SEASHELLS;4990;4
333000;SUBMISSION;;TOMATOES;SEASHELLS;4980;2
334200;;SUBMISSION;TOMATOES;SEASHELLS;4987;3
335500;;SUBMISSION;EMERALDS;SEASHELLS;10000;5
336100;;SUBMISSION;EMERALDS;SEASHELLS;10007;8
337600;SUBMISSION;;TOMATOES;SEASHELLS;4986;5
339000;SUBMISSION;;TOMATOES;SEASHELLS;4985;11
339400;;SUBMISSION;TOMATOES;SEASHELLS;4993;3
339800;;SUBMISSION;TOMATOES;SEASHELLS;4987;11
343200;SUBMISSION;;TOMATOES;SEASHELLS;4986;4
343300;SUBMISSION;;EMERALDS;SEASHELLS;10000;5
343700;;SUBMISSION;TOMATOES;SEASHELLS;4991;6
351500;;SUBMISSION;TOMATOES;SEASHELLS;4999;5
353400;;SUBMISSION;TOMATOES;SEASHELLS;5001;2
353500;SUBMISSION;;TOMATOES;SEASHELLS;4994;12
355900;;SUBMISSION;TOMATOES;SEASHELLS;4997;5
356500;;SUBMISSION;EMERALDS;SEASHELLS;10007;8
360100;SUBMISSION;;EMERALDS;SEASHELLS;9993;5
360700;;SUBMISSION;TOMATOES;SEASHELLS;5006;4
362800;SUBMISSION;;EMERALDS;SEASHELLS;10000;10
363000;;SUBMISSION;EMERALDS;SEASHELLS;10000;8
364000;SUBMISSION;;TOMATOES;SEASHELLS;4991;3
364100;SUBMISSION;;TOMATOES;SEASHELLS;4996;6
366200;;SUBMISSION;TOMATOES;SEASHELLS;5006;4
368200;;SUBMISSION;TOMATOES;SEASHELLS;5004;4
368300;;SUBMISSION;TOMATOES;SEASHELLS;5003;4
368900;SUBMISSION;;TOMATOES;SEASHELLS;4989;4
369200;SUBMISSION;;TOMATOES;SEASHELLS;4994;12
369300;SUBMISSION;;EMERALDS;SEASHELLS;9993;4
369900;;SUBMISSION;EMERALDS;SEASHELLS;10000;10
370700;SUBMISSION;;TOMATOES;SEASHELLS;4990;2
373900;SUBMISSION;;EMERALDS;SEASHELLS;10000;7
374500;;SUBMISSION;TOMATOES;SEASHELLS;4999;2
375500;;SUBMISSION;TOMATOES;SEASHELLS;4999;4
380300;;SUBMISSION;TOMATOES;SEASHELLS;4999;3
383000;;SUBMISSION;TOMATOES;SEASHELLS;4998;4
383600;;SUBMISSION;EMERALDS;SEASHELLS;10007;5
384400;SUBMISSION;;TOMATOES;SEASHELLS;4990;5
385100;;SUBMISSION;EMERALDS;SEASHELLS;10007;5
385300;SUBMISSION;;TOMATOES;SEASHELLS;4992;4
388200;;SUBMISSION;TOMATOES;SEASHELLS;4996;2
388600;SUBMISSION;;TOMATOES;SEASHELLS;4991;2
390000;;SUBMISSION;TOMATOES;SEASHELLS;5004;5
390100;;SUBMISSION;TOMATOES;SEASHELLS;5005;5
390600;;SUBMISSION;TOMATOES;SEASHELLS;5004;4
391300;SUBMISSION;;TOMATOES;SEASHELLS;4999;6
392300;SUBMISSION;;EMERALDS;SEASHELLS;9993;5
392600;;SUBMISSION;TOMATOES;SEASHELLS;5003;2
393300;SUBMISSION;;EMERALDS;SEASHELLS;10000;7
394600;;SUBMISSION;EMERALDS;SEASHELLS;10000;8
396700;SUBMISSION;;EMERALDS;SEASHELLS;9993;4
398400;SUBMISSION;;EMERALDS;SEASHELLS;10000;7
398600;SUBMISSION;;TOMATOES;SEASHELLS;4987;2
399000;SUBMISSION;;TOMATOES;SEASHELLS;4991;5
399900;;SUBMISSION;EMERALDS;SEASHELLS;10000;7
400600;SUBMISSION;;EMERALDS;SEASHELLS;10000;7
401400;;SUBMISSION;TOMATOES;SEASHELLS;4999;3
402200;SUBMISSION;;TOMATOES;SEASHELLS;4993;7
402200;SUBMISSION;;TOMATOES;SEASHELLS;4989;5
403300;SUBMISSION;;EMERALDS;SEASHELLS;9993;6
404900;;SUBMISSION;TOMATOES;SEASHELLS;4997;5
405200;SUBMISSION;;TOMATOES;SEASHELLS;4984;5
406300;;SUBMISSION;TOMATOES;SEASHELLS;4989;6
407000;SUBMISSION;;TOMATOES;SEASHELLS;4984;3
408400;SUBMISSION;;TOMATOES;SEASHELLS;4984;4
408700;SUBMISSION;;TOMATOES;SEASHELLS;4984;3
410300;SUBMISSION;;TOMATOES;SEASHELLS;4982;3
411300;;SUBMISSION;TOMATOES;SEASHELLS;4986;3
411500;;SUBMISSION;TOMATOES;SEASHELLS;4989;9
412400;SUBMISSION;;EMERALDS;SEASHELLS;9993;5
413800;SUBMISSION;;TOMATOES;SEASHELLS;4983;5
414500;SUBMISSION;;TOMATOES;SEASHELLS;4982;4
414600;SUBMISSION;;TOMATOES;SEASHELLS;4981;2
415000;;SUBMISSION;TOMATOES;SEASHELLS;4993;3
415200;;SUBMISSION;TOMATOES;SEASHELLS;4987;2
415300;SUBMISSION;;TOMATOES;SEASHELLS;4983;5
415900;;SUBMISSION;EMERALDS;SEASHELLS;10000;6
416000;SUBMISSION;;EMERALDS;SEASHELLS;9993;7
416200;SUBMISSION;;TOMATOES;SEASHELLS;4981;4
416500;;SUBMISSION;EMERALDS;SEASHELLS;10007;5
417600;;SUBMISSION;TOMATOES;SEASHELLS;4992;2
417700;;SUBMISSION;TOMATOES;SEASHELLS;4992;2
418000;SUBMISSION;;EMERALDS;SEASHELLS;9993;4
419500;;SUBMISSION;EMERALDS;SEASHELLS;10000;5
420000;;SUBMISSION;TOMATOES;SEASHELLS;4995;4
420100;;SUBMISSION;TOMATOES;SEASHELLS;4990;10
420500;;SUBMISSION;TOMATOES;SEASHELLS;4989;5
421600;;SUBMISSION;TOMATOES;SEASHELLS;4996;5
421800;SUBMISSION;;TOMATOES;SEASHELLS;4990;12
422000;;SUBMISSION;TOMATOES;SEASHELLS;4997;5
422600;;SUBMISSION;EMERALDS;SEASHELLS;10000;8
422600;;SUBMISSION;TOMATOES;SEASHELLS;4989;2
422800;SUBMISSION;;TOMATOES;SEASHELLS;4982;2
424700;;SUBMISSION;EMERALDS;SEASHELLS;10007;6
426700;SUBMISSION;;EMERALDS;SEASHELLS;9993;5
427100;SUBMISSION;;TOMATOES;SEASHELLS;4986;3
431400;SUBMISSION;;TOMATOES;SEASHELLS;4988;5
432300;;SUBMISSION;TOMATOES;SEASHELLS;4997;5
432400;;SUBMISSION;TOMATOES;SEASHELLS;4997;5
433300;SUBMISSION;;TOMATOES;SEASHELLS;4996;10
434000;;SUBMISSION;TOMATOES;SEASHELLS;4999;10
434400;SUBMISSION;;EMERALDS;SEASHELLS;9993;8
435000;;SUBMISSION;EMERALDS;SEASHELLS;10000;5
438400;;SUBMISSION;TOMATOES;SEASHELLS;5000;5
439100;;SUBMISSION;EMERALDS;SEASHELLS;10007;5
439400;SUBMISSION;;EMERALDS;SEASHELLS;9993;7
440400;;SUBMISSION;TOMATOES;SEASHELLS;4999;4
442600;SUBMISSION;;EMERALDS;SEASHELLS;9993;6
443900;;SUBMISSION;TOMATOES;SEASHELLS;5002;4
445900;SUBMISSION;;TOMATOES;SEASHELLS;4995;10
446200;;SUBMISSION;EMERALDS;SEASHELLS;10000;7
446900;SUBMISSION;;TOMATOES;SEASHELLS;4994;3
447600;;SUBMISSION;TOMATOES;SEASHELLS;5004;4
448100;SUBMISSION;;TOMATOES;SEASHELLS;4996;10
448700;;SUBMISSION;EMERALDS;SEASHELLS;10000;6
450000;SUBMISSION;;TOMATOES;SEASHELLS;4996;12
450300;;SUBMISSION;EMERALDS;SEASHELLS;10007;6
450700;;SUBMISSION;TOMATOES;SEASHELLS;5006;4
452200;;SUBMISSION;TOMATOES;SEASHELLS;5002;3
453200;SUBMISSION;;EMERALDS;SEASHELLS;10000;8
453700;;SUBMISSION;EMERALDS;SEASHELLS;10007;5
453800;SUBMISSION;;EMERALDS;SEASHELLS;9993;5
453900;SUBMISSION;;TOMATOES;SEASHELLS;4998;3
454000;SUBMISSION;;TOMATOES;SEASHELLS;4998;4
455400;;SUBMISSION;EMERALDS;SEASHELLS;10007;6
456500;SUBMISSION;;TOMATOES;SEASHELLS;4995;2
457400;SUBMISSION;;TOMATOES;SEASHELLS;4997;5
457700;;SUBMISSION;TOMATOES;SEASHELLS;5008;4
458200;SUBMISSION;;EMERALDS;SEASHELLS;9993;6
459400;;SUBMISSION;EMERALDS;SEASHELLS;10000;8
459800;;SUBMISSION;EMERALDS;SEASHELLS;10007;4
460700;SUBMISSION;;EMERALDS;SEASHELLS;9993;7
461200;SUBMISSION;;EMERALDS;SEASHELLS;10000;10
463900;;SUBMISSION;EMERALDS;SEASHELLS;10007;8
464100;;SUBMISSION;TOMATOES;SEASHELLS;4995;2
465000;;SUBMISSION;TOMATOES;SEASHELLS;5001;5
466600;;SUBMISSION;TOMATOES;SEASHELLS;4990;4
467200;SUBMISSION;;EMERALDS;SEASHELLS;9993;6
470500;;SUBMISSION;TOMATOES;SEASHELLS;4993;9
471900;SUBMISSION;;EMERALDS;SEASHELLS;9993;7
472800;;SUBMISSION;EMERALDS;SEASHELLS;10007;7
473700;;SUBMISSION;EMERALDS;SEASHELLS;10000;5
477000;SUBMISSION;;TOMATOES;SEASHELLS;4983;9
477100;;SUBMISSION;TOMATOES;SEASHELLS;4984;2
479200;;SUBMISSION;EMERALDS;SEASHELLS;10007;3
479300;;SUBMISSION;TOMATOES;SEASHELLS;4984;2
479600;;SUBMISSION;EMERALDS;SEASHELLS;10007;7
480100;;SUBMISSION;TOMATOES;SEASHELLS;4985;6
481500;;SUBMISSION;TOMATOES;SEASHELLS;4991;2
481800;SUBMISSION;;TOMATOES;SEASHELLS;4984;2
483900;;SUBMISSION;EMERALDS;SEASHELLS;10007;6
484200;;SUBMISSION;EMERALDS;SEASHELLS;10007;5
487200;SUBMISSION;;TOMATOES;SEASHELLS;4977;5
490300;SUBMISSION;;TOMATOES;SEASHELLS;4973;4
490600;;SUBMISSION;TOMATOES;SEASHELLS;4980;11
493000;SUBMISSION;;TOMATOES;SEASHELLS;4979;2
493100;SUBMISSION;;TOMATOES;SEASHELLS;4974;3
493900;SUBMISSION;;EMERALDS;SEASHELLS;9993;6
495500;SUBMISSION;;TOMATOES;SEASHELLS;4975;5
495900;SUBMISSION;;EMERALDS;SEASHELLS;10000;5
496100;SUBMISSION;;EMERALDS;SEASHELLS;10000;9
498300;SUBMISSION;;TOMATOES;SEASHELLS;4973;4
498400;;SUBMISSION;TOMATOES;SEASHELLS;4985;5
499000;SUBMISSION;;EMERALDS;SEASHELLS;10000;5
500100;SUBMISSION;;TOMATOES;SEASHELLS;4972;3
500300;;SUBMISSION;TOMATOES;SEASHELLS;4976;5
501700;SUBMISSION;;TOMATOES;SEASHELLS;4971;4
501900;SUBMISSION;;TOMATOES;SEASHELLS;4971;2
505600;;SUBMISSION;EMERALDS;SEASHELLS;10000;10
506500;;SUBMISSION;EMERALDS;SEASHELLS;10007;6
508700;SUBMISSION;;TOMATOES;SEASHELLS;4970;5
509300;;SUBMISSION;TOMATOES;SEASHELLS;4981;2
509600;SUBMISSION;;EMERALDS;SEASHELLS;9993;3
511800;;SUBMISSION;TOMATOES;SEASHELLS;4976;7
512000;;SUBMISSION;TOMATOES;SEASHELLS;4975;8
512300;SUBMISSION;;EMERALDS;SEASHELLS;9993;7
513500;SUBMISSION;;EMERALDS;SEASHELLS;9993;7
516200;SUBMISSION;;TOMATOES;SEASHELLS;4966;4
516500;;SUBMISSION;EMERALDS;SEASHELLS;10007;6
518200;;SUBMISSION;TOMATOES;SEASHELLS;4973;6
520100;;SUBMISSION;TOMATOES;SEASHELLS;4980;3
520300;SUBMISSION;;TOMATOES;SEASHELLS;4968;2
524900;SUBMISSION;;EMERALDS;SEASHELLS;9993;5
525500;SUBMISSION;;TOMATOES;SEASHELLS;4975;4
526400;;SUBMISSION;TOMATOES;SEASHELLS;4986;2
530600;;SUBMISSION;EMERALDS;SEASHELLS;10000;10
531200;SUBMISSION;;TOMATOES;SEASHELLS;4981;2
532400;;SUBMISSION;TOMATOES;SEASHELLS;4985;5
533600;SUBMISSION;;EMERALDS;SEASHELLS;9993;7
534500;SUBMISSION;;TOMATOES;SEASHELLS;4982;11
534800;SUBMISSION;;TOMATOES;SEASHELLS;4977;5
536100;SUBMISSION;;TOMATOES;SEASHELLS;4976;4
536400;;SUBMISSION;TOMATOES;SEASHELLS;4982;10
536900;;SUBMISSION;TOMATOES;SEASHELLS;4987;2
537800;SUBMISSION;;TOMATOES;SEASHELLS;4976;5
538500;;SUBMISSION;TOMATOES;SEASHELLS;4981;3
538500;;SUBMISSION;TOMATOES;SEASHELLS;4988;4
544100;SUBMISSION;;TOMATOES;SEASHELLS;4971;3
545800;;SUBMISSION;EMERALDS;SEASHELLS;10000;10
546900;SUBMISSION;;TOMATOES;SEASHELLS;4966;2
547600;;SUBMISSION;TOMATOES;SEASHELLS;4977;3
548300;SUBMISSION;;TOMATOES;SEASHELLS;4965;3
548900;;SUBMISSION;TOMATOES;SEASHELLS;4971;5
551300;SUBMISSION;;TOMATOES;SEASHELLS;4963;5
552000;SUBMISSION;;TOMATOES;SEASHELLS;4964;2
553200;SUBMISSION;;EMERALDS;SEASHELLS;10000;9
554200;;SUBMISSION;TOMATOES;SEASHELLS;4978;5
555400;;SUBMISSION;EMERALDS;SEASHELLS;10007;4
555500;;SUBMISSION;EMERALDS;SEASHELLS;10007;4
556200;;SUBMISSION;TOMATOES;SEASHELLS;4973;3
556800;SUBMISSION;;EMERALDS;SEASHELLS;10000;5
558100;SUBMISSION;;TOMATOES;SEASHELLS;4966;4
559100;;SUBMISSION;TOMATOES;SEASHELLS;4978;2
559200;;SUBMISSION;EMERALDS;SEASHELLS;10007;7
561600;SUBMISSION;;EMERALDS;SEASHELLS;10000;9
561800;SUBMISSION;;TOMATOES;SEASHELLS;4968;3
562700;SUBMISSION;;TOMATOES;SEASHELLS;4970;4
565500;;SUBMISSION;TOMATOES;SEASHELLS;4974;2
567700;SUBMISSION;;EMERALDS;SEASHELLS;9993;5
568900;SUBMISSION;;EMERALDS;SEASHELLS;9993;5
570300;;SUBMISSION;TOMATOES;SEASHELLS;4975;4
571800;SUBMISSION;;TOMATOES;SEASHELLS;4973;12
572200;;SUBMISSION;EMERALDS;SEASHELLS;10007;4
573700;;SUBMISSION;TOMATOES;SEASHELLS;4971;4
574200;;SUBMISSION;TOMATOES;SEASHELLS;4972;7
575500;SUBMISSION;;TOMATOES;SEASHELLS;4967;5
575900;;SUBMISSION;EMERALDS;SEASHELLS;10007;4
575900;SUBMISSION;;TOMATOES;SEASHELLS;4968;5
576200;SUBMISSION;;TOMATOES;SEASHELLS;4967;3
576500;SUBMISSION;;TOMATOES;SEASHELLS;4968;2
577000;SUBMISSION;;EMERALDS;SEASHELLS;9993;3
578200;;SUBMISSION;EMERALDS;SEASHELLS;10007;3
579400;;SUBMISSION;TOMATOES;SEASHELLS;4980;2
579500;SUBMISSION;;EMERALDS;SEASHELLS;9993;5
579600;;SUBMISSION;TOMATOES;SEASHELLS;4974;2
579700;;SUBMISSION;TOMATOES;SEASHELLS;4974;5
583400;;SUBMISSION;TOMATOES;SEASHELLS;4979;3
585300;;SUBMISSION;TOMATOES;SEASHELLS;4970;9
585600;;SUBMISSION;EMERALDS;SEASHELLS;10007;4
586600;SUBMISSION;;TOMATOES;SEASHELLS;4964;5
587300;SUBMISSION;;TOMATOES;SEASHELLS;4962;2
587600;;SUBMISSION;EMERALDS;SEASHELLS;10000;7
589200;SUBMISSION;;EMERALDS;SEASHELLS;10000;8
589800;SUBMISSION;;TOMATOES;SEASHELLS;4972;11
591200;;SUBMISSION;TOMATOES;SEASHELLS;4974;4
591700;;SUBMISSION;TOMATOES;SEASHELLS;4979;5
592600;;SUBMISSION;TOMATOES;SEASHELLS;4970;2
593600;;SUBMISSION;TOMATOES;SEASHELLS;4971;5
593900;SUBMISSION;;TOMATOES;SEASHELLS;4965;3
595100;;SUBMISSION;TOMATOES;SEASHELLS;4976;5
595600;;SUBMISSION;TOMATOES;SEASHELLS;4976;3
597000;;SUBMISSION;EMERALDS;SEASHELLS;10000;6
597400;;SUBMISSION;EMERALDS;SEASHELLS;10007;8
598500;SUBMISSION;;EMERALDS;SEASHELLS;9993;3
600000;SUBMISSION;;TOMATOES;SEASHELLS;4965;5
600500;SUBMISSION;;EMERALDS;SEASHELLS;10000;10
601100;;SUBMISSION;TOMATOES;SEASHELLS;4976;3
601500;;SUBMISSION;EMERALDS;SEASHELLS;10007;5
602900;SUBMISSION;;TOMATOES;SEASHELLS;4968;5
604400;SUBMISSION;;TOMATOES;SEASHELLS;4972;12
604600;;SUBMISSION;TOMATOES;SEASHELLS;4979;4
604800;SUBMISSION;;TOMATOES;SEASHELLS;4967;4
608100;;SUBMISSION;TOMATOES;SEASHELLS;4978;4
609000;;SUBMISSION;TOMATOES;SEASHELLS;4972;11
609700;SUBMISSION;;EMERALDS;SEASHELLS;9993;6
610700;;SUBMISSION;EMERALDS;SEASHELLS;10007;7
611100;SUBMISSION;;TOMATOES;SEASHELLS;4971;1
611600;;SUBMISSION;TOMATOES;SEASHELLS;4977;4
612600;SUBMISSION;;EMERALDS;SEASHELLS;10000;8
612600;SUBMISSION;;TOMATOES;SEASHELLS;4972;7
613200;;SUBMISSION;TOMATOES;SEASHELLS;4976;7
613400;SUBMISSION;;TOMATOES;SEASHELLS;4975;4
613800;SUBMISSION;;TOMATOES;SEASHELLS;4970;2
614900;;SUBMISSION;EMERALDS;SEASHELLS;10000;6
615400;SUBMISSION;;TOMATOES;SEASHELLS;4967;5
615700;;SUBMISSION;TOMATOES;SEASHELLS;4973;12
617500;SUBMISSION;;TOMATOES;SEASHELLS;4967;4
618400;SUBMISSION;;TOMATOES;SEASHELLS;4974;1
618400;SUBMISSION;;TOMATOES;SEASHELLS;4968;3
618900;;SUBMISSION;TOMATOES;SEASHELLS;4978;2
619800;SUBMISSION;;TOMATOES;SEASHELLS;4969;4
620900;SUBMISSION;;TOMATOES;SEASHELLS;4969;2
624800;;SUBMISSION;TOMATOES;SEASHELLS;4973;4
625300;SUBMISSION;;EMERALDS;SEASHELLS;10000;7
625500;;SUBMISSION;TOMATOES;SEASHELLS;4979;2
626600;SUBMISSION;;TOMATOES;SEASHELLS;4966;2
627100;;SUBMISSION;TOMATOES;SEASHELLS;4973;10
627300;;SUBMISSION;TOMATOES;SEASHELLS;4978;2
628000;SUBMISSION;;TOMATOES;SEASHELLS;4970;10
629300;;SUBMISSION;TOMATOES;SEASHELLS;4978;4
629400;;SUBMISSION;TOMATOES;SEASHELLS;4978;3
629500;;SUBMISSION;EMERALDS;SEASHELLS;10007;8
630500;SUBMISSION;;TOMATOES;SEASHELLS;4968;3
630800;SUBMISSION;;TOMATOES;SEASHELLS;4975;3
631100;SUBMISSION;;EMERALDS;SEASHELLS;9993;6
631600;SUBMISSION;;EMERALDS;SEASHELLS;9993;4
632500;;SUBMISSION;EMERALDS;SEASHELLS;10000;5
632500;;SUBMISSION;EMERALDS;SEASHELLS;10007;3
632700;;SUBMISSION;TOMATOES;SEASHELLS;4976;3
634500;SUBMISSION;;TOMATOES;SEASHELLS;4968;2
635200;SUBMISSION;;TOMATOES;SEASHELLS;4959;5
635600;SUBMISSION;;EMERALDS;SEASHELLS;9993;4
636500;SUBMISSION;;TOMATOES;SEASHELLS;4959;3
642300;SUBMISSION;;EMERALDS;SEASHELLS;9993;3
643700;;SUBMISSION;TOMATOES;SEASHELLS;4968;2
644600;;SUBMISSION;TOMATOES;SEASHELLS;4969;4
646200;;SUBMISSION;EMERALDS;SEASHELLS;10007;8
648600;;SUBMISSION;TOMATOES;SEASHELLS;4972;2
650700;SUBMISSION;;TOMATOES;SEASHELLS;4969;6
650800;SUBMISSION;;EMERALDS;SEASHELLS;9993;6
652600;SUBMISSION;;TOMATOES;SEASHELLS;4972;7
653400;;SUBMISSION;TOMATOES;SEASHELLS;4979;3
655000;;SUBMISSION;TOMATOES;SEASHELLS;4974;4
655500;;SUBMISSION;TOMATOES;SEASHELLS;4972;5
657600;SUBMISSION;;TOMATOES;SEASHELLS;4962;5
659700;SUBMISSION;;TOMATOES;SEASHELLS;4961;2
662200;SUBMISSION;;EMERALDS;SEASHELLS;9993;8
662700;;SUBMISSION;EMERALDS;SEASHELLS;10007;6
663100;;SUBMISSION;EMERALDS;SEASHELLS;10000;6
664100;;SUBMISSION;EMERALDS;SEASHELLS;10007;6
664800;SUBMISSION;;TOMATOES;SEASHELLS;4965;3
665500;;SUBMISSION;TOMATOES;SEASHELLS;4973;3
666000;SUBMISSION;;EMERALDS;SEASHELLS;10000;10
667000;SUBMISSION;;EMERALDS;SEASHELLS;9993;4
667200;;SUBMISSION;TOMATOES;SEASHELLS;4973;4
669400;;SUBMISSION;TOMATOES;SEASHELLS;4974;2
670500;SUBMISSION;;TOMATOES;SEASHELLS;4965;11
671000;;SUBMISSION;EMERALDS;SEASHELLS;10000;8
672000;;SUBMISSION;EMERALDS;SEASHELLS;10007;7
673600;SUBMISSION;;TOMATOES;SEASHELLS;4960;4
674600;SUBMISSION;;EMERALDS;SEASHELLS;9993;5
674700;SUBMISSION;;TOMATOES;SEASHELLS;4960;3
675400;;SUBMISSION;TOMATOES;SEASHELLS;4966;7
676700;SUBMISSION;;EMERALDS;SEASHELLS;10000;9
676800;;SUBMISSION;TOMATOES;SEASHELLS;4966;7
680100;SUBMISSION;;EMERALDS;SEASHELLS;9993;8
681100;SUBMISSION;;EMERALDS;SEASHELLS;9993;8
681400;SUBMISSION;;EMERALDS;SEASHELLS;9993;5
682300;;SUBMISSION;TOMATOES;SEASHELLS;4972;5
686600;SUBMISSION;;TOMATOES;SEASHELLS;4961;4
687200;SUBMISSION;;TOMATOES;SEASHELLS;4959;2
689300;;SUBMISSION;EMERALDS;SEASHELLS;10000;7
690700;;SUBMISSION;TOMATOES;SEASHELLS;4966;2
690800;SUBMISSION;;EMERALDS;SEASHELLS;9993;3
695300;;SUBMISSION;TOMATOES;SEASHELLS;4961;4
697100;SUBMISSION;;TOMATOES;SEASHELLS;4956;5
698300;;SUBMISSION;TOMATOES;SEASHELLS;4960;10
699300;SUBMISSION;;TOMATOES;SEASHELLS;4958;4
699400;;SUBMISSION;EMERALDS;SEASHELLS;10007;6
705800;;SUBMISSION;EMERALDS;SEASHELLS;10007;3
706000;SUBMISSION;;TOMATOES;SEASHELLS;4951;4
706400;;SUBMISSION;EMERALDS;SEASHELLS;10000;10
707700;SUBMISSION;;TOMATOES;SEASHELLS;4953;8
708700;SUBMISSION;;TOMATOES;SEASHELLS;4949;5
709700;;SUBMISSION;TOMATOES;SEASHELLS;4954;2
709800;SUBMISSION;;TOMATOES;SEASHELLS;4949;3
710900;SUBMISSION;;EMERALDS;SEASHELLS;9993;6
711400;;SUBMISSION;TOMATOES;SEASHELLS;4952;3
711700;;SUBMISSION;TOMATOES;SEASHELLS;4954;7
712800;;SUBMISSION;EMERALDS;SEASHELLS;10000;5
712800;SUBMISSION;;TOMATOES;SEASHELLS;4949;4
713600;;SUBMISSION;EMERALDS;SEASHELLS;10007;3
714900;;SUBMISSION;TOMATOES;SEASHELLS;4959;5
715500;;SUBMISSION;TOMATOES;SEASHELLS;4959;2
717000;;SUBMISSION;EMERALDS;SEASHELLS;10000;9
718300;SUBMISSION;;TOMATOES;SEASHELLS;4948;2
718500;SUBMISSION;;TOMATOES;SEASHELLS;4947;3
719100;SUBMISSION;;EMERALDS;SEASHELLS;10000;6
719400;;SUBMISSION;TOMATOES;SEASHELLS;4953;7
719500;;SUBMISSION;TOMATOES;SEASHELLS;4958;3
720800;SUBMISSION;;TOMATOES;SEASHELLS;4946;2
721100;SUBMISSION;;TOMATOES;SEASHELLS;4947;3
721300;SUBMISSION;;TOMATOES;SEASHELLS;4950;9
722000;;SUBMISSION;TOMATOES;SEASHELLS;4957;2
722200;;SUBMISSION;EMERALDS;SEASHELLS;10007;4
722400;;SUBMISSION;TOMATOES;SEASHELLS;4958;4
723000;SUBMISSION;;EMERALDS;SEASHELLS;10000;6
724900;;SUBMISSION;TOMATOES;SEASHELLS;4957;5
726500;SUBMISSION;;TOMATOES;SEASHELLS;4948;3
727400;;SUBMISSION;EMERALDS;SEASHELLS;10007;5
732600;;SUBMISSION;EMERALDS;SEASHELLS;10007;7
733000;SUBMISSION;;TOMATOES;SEASHELLS;4944;3
733900;SUBMISSION;;TOMATOES;SEASHELLS;4946;5
734000;SUBMISSION;;TOMATOES;SEASHELLS;4945;2
734700;;SUBMISSION;TOMATOES;SEASHELLS;4950;3
734800;;SUBMISSION;TOMATOES;SEASHELLS;4951;2
735100;SUBMISSION;;TOMATOES;SEASHELLS;4946;4
735300;;SUBMISSION;TOMATOES;SEASHELLS;4951;2
735900;;SUBMISSION;TOMATOES;SEASHELLS;4960;4
736200;SUBMISSION;;TOMATOES;SEASHELLS;4948;2
736600;;SUBMISSION;TOMATOES;SEASHELLS;4953;3
737500;;SUBMISSION;TOMATOES;SEASHELLS;4954;11
738100;SUBMISSION;;EMERALDS;SEASHELLS;10001;5
738700;;SUBMISSION;EMERALDS;SEASHELLS;10007;5
739000;SUBMISSION;;EMERALDS;SEASHELLS;10000;9
740300;SUBMISSION;;TOMATOES;SEASHELLS;4957;12
741500;;SUBMISSION;TOMATOES;SEASHELLS;4967;4
742000;SUBMISSION;;EMERALDS;SEASHELLS;10000;6
743000;;SUBMISSION;TOMATOES;SEASHELLS;4962;8
744500;SUBMISSION;;EMERALDS;SEASHELLS;9993;4
744800;SUBMISSION;;TOMATOES;SEASHELLS;4963;2
747700;SUBMISSION;;TOMATOES;SEASHELLS;4956;3
748300;;SUBMISSION;EMERALDS;SEASHELLS;10000;5
748500;;SUBMISSION;TOMATOES;SEASHELLS;4966;5
748600;;SUBMISSION;EMERALDS;SEASHELLS;10007;6
748700;SUBMISSION;;TOMATOES;SEASHELLS;4959;9
750100;;SUBMISSION;TOMATOES;SEASHELLS;4965;3
750300;SUBMISSION;;EMERALDS;SEASHELLS;10000;9
750500;SUBMISSION;;TOMATOES;SEASHELLS;4954;3
751800;;SUBMISSION;EMERALDS;SEASHELLS;10007;3
751800;;SUBMISSION;TOMATOES;SEASHELLS;4969;4
752200;;SUBMISSION;TOMATOES;SEASHELLS;4969;3
753700;;SUBMISSION;EMERALDS;SEASHELLS;10007;3
754600;;SUBMISSION;EMERALDS;SEASHELLS;10000;7
754600;SUBMISSION;;TOMATOES;SEASHELLS;4968;2
755800;SUBMISSION;;EMERALDS;SEASHELLS;10000;10
756500;;SUBMISSION;EMERALDS;SEASHELLS;10007;5
757300;;SUBMISSION;EMERALDS;SEASHELLS;10007;6
757900;;SUBMISSION;TOMATOES;SEASHELLS;4975;2
758600;SUBMISSION;;TOMATOES;SEASHELLS;4963;2
759900;SUBMISSION;;EMERALDS;SEASHELLS;9993;4
760100;;SUBMISSION;EMERALDS;SEASHELLS;10007;8
760600;SUBMISSION;;TOMATOES;SEASHELLS;4969;5
762200;SUBMISSION;;TOMATOES;SEASHELLS;4965;5
762400;;SUBMISSION;EMERALDS;SEASHELLS;10007;7
762500;;SUBMISSION;TOMATOES;SEASHELLS;4975;4
764200;;SUBMISSION;EMERALDS;SEASHELLS;10007;8
767200;;SUBMISSION;TOMATOES;SEASHELLS;4968;3
767700;SUBMISSION;;EMERALDS;SEASHELLS;10000;9
768100;SUBMISSION;;TOMATOES;SEASHELLS;4957;3
768500;;SUBMISSION;TOMATOES;SEASHELLS;4967;2
768800;SUBMISSION;;TOMATOES;SEASHELLS;4954;4
774400;;SUBMISSION;TOMATOES;SEASHELLS;4967;3
778300;;SUBMISSION;TOMATOES;SEASHELLS;4960;5
778700;;SUBMISSION;TOMATOES;SEASHELLS;4965;2
779100;;SUBMISSION;TOMATOES;SEASHELLS;4963;4
780500;;SUBMISSION;TOMATOES;SEASHELLS;4965;3
780700;SUBMISSION;;EMERALDS;SEASHELLS;10000;8
781400;SUBMISSION;;EMERALDS;SEASHELLS;9993;6
782800;SUBMISSION;;TOMATOES;SEASHELLS;4954;3
784100;SUBMISSION;;TOMATOES;SEASHELLS;4956;10
785400;;SUBMISSION;TOMATOES;SEASHELLS;4962;2
785800;SUBMISSION;;EMERALDS;SEASHELLS;9993;6
788600;;SUBMISSION;EMERALDS;SEASHELLS;10000;8
789300;;SUBMISSION;TOMATOES;SEASHELLS;4966;5
789700;SUBMISSION;;TOMATOES;SEASHELLS;4958;8
791600;SUBMISSION;;TOMATOES;SEASHELLS;4950;3
792000;SUBMISSION;;TOMATOES;SEASHELLS;4950;3
792200;SUBMISSION;;EMERALDS;SEASHELLS;9993;4
792400;SUBMISSION;;TOMATOES;SEASHELLS;4951;5
792800;;SUBMISSION;TOMATOES;SEASHELLS;4963;3
795100;;SUBMISSION;TOMATOES;SEASHELLS;4956;5
795800;SUBMISSION;;TOMATOES;SEASHELLS;4952;4
798200;SUBMISSION;;TOMATOES;SEASHELLS;4955;5
800300;;SUBMISSION;TOMATOES;SEASHELLS;4960;5
800600;;SUBMISSION;EMERALDS;SEASHELLS;10007;5
800600;;SUBMISSION;TOMATOES;SEASHELLS;4962;8
802900;;SUBMISSION;TOMATOES;SEASHELLS;4962;11
803500;;SUBMISSION;TOMATOES;SEASHELLS;4966;4
803700;SUBMISSION;;EMERALDS;SEASHELLS;10000;7
805000;;SUBMISSION;EMERALDS;SEASHELLS;10000;7
805400;SUBMISSION;;TOMATOES;SEASHELLS;4955;5
806100;SUBMISSION;;TOMATOES;SEASHELLS;4961;8
807500;SUBMISSION;;TOMATOES;SEASHELLS;4958;4
808200;SUBMISSION;;EMERALDS;SEASHELLS;10000;10
809700;SUBMISSION;;TOMATOES;SEASHELLS;4959;4
809800;;SUBMISSION;TOMATOES;SEASHELLS;4971;3
810300;;SUBMISSION;EMERALDS;SEASHELLS;10000;5
810900;SUBMISSION;;EMERALDS;SEASHELLS;9993;8
815200;SUBMISSION;;EMERALDS;SEASHELLS;9993;3
816000;;SUBMISSION;TOMATOES;SEASHELLS;4973;2
816300;;SUBMISSION;TOMATOES;SEASHELLS;4974;2
816400;;SUBMISSION;TOMATOES;SEASHELLS;4975;3
816600;;SUBMISSION;TOMATOES;SEASHELLS;4974;2
816900;SUBMISSION;;TOMATOES;SEASHELLS;4966;9
817300;SUBMISSION;;EMERALDS;SEASHELLS;9993;6
817900;SUBMISSION;;TOMATOES;SEASHELLS;4960;3
818400;SUBMISSION;;TOMATOES;SEASHELLS;4958;2
821900;;SUBMISSION;TOMATOES;SEASHELLS;4962;9
822000;SUBMISSION;;EMERALDS;SEASHELLS;9993;3
823800;;SUBMISSION;EMERALDS;SEASHELLS;10000;6
826000;;SUBMISSION;TOMATOES;SEASHELLS;4966;2
827400;;SUBMISSION;TOMATOES;SEASHELLS;4967;2
828100;;SUBMISSION;EMERALDS;SEASHELLS;10007;7
828800;SUBMISSION;;TOMATOES;SEASHELLS;4961;10
829700;;SUBMISSION;TOMATOES;SEASHELLS;4968;2
830800;SUBMISSION;;TOMATOES;SEASHELLS;4953;2
830900;SUBMISSION;;TOMATOES;SEASHELLS;4953;4
831500;;SUBMISSION;TOMATOES;SEASHELLS;4957;5
831900;SUBMISSION;;TOMATOES;SEASHELLS;4953;5
832300;;SUBMISSION;EMERALDS;SEASHELLS;10007;3
832400;SUBMISSION;;TOMATOES;SEASHELLS;4953;3
834400;;SUBMISSION;TOMATOES;SEASHELLS;4959;6
834800;SUBMISSION;;EMERALDS;SEASHELLS;9993;7
835600;;SUBMISSION;TOMATOES;SEASHELLS;4961;2
836900;;SUBMISSION;TOMATOES;SEASHELLS;4965;5
838100;;SUBMISSION;EMERALDS;SEASHELLS;10000;6
838600;;SUBMISSION;TOMATOES;SEASHELLS;4961;3
840800;;SUBMISSION;TOMATOES;SEASHELLS;4966;2
841200;SUBMISSION;;TOMATOES;SEASHELLS;4960;7
842400;;SUBMISSION;TOMATOES;SEASHELLS;4962;5
842700;;SUBMISSION;EMERALDS;SEASHELLS;10007;6
844400;SUBMISSION;;EMERALDS;SEASHELLS;10000;9
846500;;SUBMISSION;EMERALDS;SEASHELLS;10000;9
846500;SUBMISSION;;TOMATOES;SEASHELLS;4955;2
847300;SUBMISSION;;EMERALDS;SEASHELLS;10000;7
847600;SUBMISSION;;TOMATOES;SEASHELLS;4958;5
848100;;SUBMISSION;EMERALDS;SEASHELLS;10007;8
848100;;SUBMISSION;TOMATOES;SEASHELLS;4960;4
848200;SUBMISSION;;EMERALDS;SEASHELLS;10000;6
848400;;SUBMISSION;TOMATOES;SEASHELLS;4966;3
849400;;SUBMISSION;EMERALDS;SEASHELLS;10000;9
850100;SUBMISSION;;EMERALDS;SEASHELLS;9993;5
854500;;SUBMISSION;TOMATOES;SEASHELLS;4963;3
858300;SUBMISSION;;TOMATOES;SEASHELLS;4952;5
858700;SUBMISSION;;TOMATOES;SEASHELLS;4949;4
860100;SUBMISSION;;EMERALDS;SEASHELLS;10000;6
861100;;SUBMISSION;TOMATOES;SEASHELLS;4960;2
862500;;SUBMISSION;TOMATOES;SEASHELLS;4962;5
862700;;SUBMISSION;EMERALDS;SEASHELLS;10007;6
862700;SUBMISSION;;TOMATOES;SEASHELLS;4957;1
863700;SUBMISSION;;EMERALDS;SEASHELLS;9993;6
864500;SUBMISSION;;EMERALDS;SEASHELLS;9993;7
864600;;SUBMISSION;EMERALDS;SEASHELLS;10007;5
865700;;SUBMISSION;TOMATOES;SEASHELLS;4966;5
866200;SUBMISSION;;TOMATOES;SEASHELLS;4954;2
867600;SUBMISSION;;TOMATOES;SEASHELLS;4958;3
868100;;SUBMISSION;TOMATOES;SEASHELLS;4963;4
868900;;SUBMISSION;EMERALDS;SEASHELLS;10000;10
869800;SUBMISSION;;TOMATOES;SEASHELLS;4950;3
870700;;SUBMISSION;EMERALDS;SEASHELLS;10007;5
871100;SUBMISSION;;EMERALDS;SEASHELLS;10000;9
874400;SUBMISSION;;TOMATOES;SEASHELLS;4952;3
875500;SUBMISSION;;TOMATOES;SEASHELLS;4956;5
875800;;SUBMISSION;EMERALDS;SEASHELLS;10007;6
876000;;SUBMISSION;TOMATOES;SEASHELLS;4960;2
877100;SUBMISSION;;TOMATOES;SEASHELLS;4958;4
878900;;SUBMISSION;TOMATOES;SEASHELLS;4961;4
881200;SUBMISSION;;EMERALDS;SEASHELLS;9993;8
881400;SUBMISSION;;EMERALDS;SEASHELLS;9993;7
883400;;SUBMISSION;EMERALDS;SEASHELLS;10007;5
883800;SUBMISSION;;TOMATOES;SEASHELLS;4964;7
884300;;SUBMISSION;EMERALDS;SEASHELLS;10000;5
885900;SUBMISSION;;EMERALDS;SEASHELLS;9993;4
885900;;SUBMISSION;TOMATOES;SEASHELLS;4976;4
886500;;SUBMISSION;TOMATOES;SEASHELLS;4979;3
886900;SUBMISSION;;TOMATOES;SEASHELLS;4969;4
887800;;SUBMISSION;TOMATOES;SEASHELLS;4971;3
891800;;SUBMISSION;EMERALDS;SEASHELLS;10000;5
893100;SUBMISSION;;TOMATOES;SEASHELLS;4964;2
893300;;SUBMISSION;TOMATOES;SEASHELLS;4970;5
894400;;SUBMISSION;EMERALDS;SEASHELLS;10007;4
899100;SUBMISSION;;TOMATOES;SEASHELLS;4960;3
900100;;SUBMISSION;TOMATOES;SEASHELLS;4971;4
900200;;SUBMISSION;EMERALDS;SEASHELLS;10007;8
900300;SUBMISSION;;TOMATOES;SEASHELLS;4959;2
900900;SUBMISSION;;TOMATOES;SEASHELLS;4956;3
904500;SUBMISSION;;EMERALDS;SEASHELLS;9993;3
904900;SUBMISSION;;EMERALDS;SEASHELLS;10000;10
905000;;SUBMISSION;EMERALDS;SEASHELLS;10007;7
905600;;SUBMISSION;EMERALDS;SEASHELLS;10007;5
907500;SUBMISSION;;EMERALDS;SEASHELLS;10000;10
908200;SUBMISSION;;TOMATOES;SEASHELLS;4963;4
909100;SUBMISSION;;EMERALDS;SEASHELLS;9993;6
909200;;SUBMISSION;TOMATOES;SEASHELLS;4976;2
909400;SUBMISSION;;EMERALDS;SEASHELLS;9993;4
911100;;SUBMISSION;TOMATOES;SEASHELLS;4976;3
911500;SUBMISSION;;TOMATOES;SEASHELLS;4965;2
912500;;SUBMISSION;TOMATOES;SEASHELLS;4975;4
913800;SUBMISSION;;TOMATOES;SEASHELLS;4963;5
914300;;SUBMISSION;TOMATOES;SEASHELLS;4973;2
915100;SUBMISSION;;EMERALDS;SEASHELLS;9993;3
917700;;SUBMISSION;EMERALDS;SEASHELLS;10000;7
920000;;SUBMISSION;EMERALDS;SEASHELLS;10000;8
920000;SUBMISSION;;TOMATOES;SEASHELLS;4958;4
921500;SUBMISSION;;EMERALDS;SEASHELLS;10000;9
921800;;SUBMISSION;TOMATOES;SEASHELLS;4962;5
922400;;SUBMISSION;EMERALDS;SEASHELLS;10000;8
923300;SUBMISSION;;EMERALDS;SEASHELLS;10000;9
924600;;SUBMISSION;EMERALDS;SEASHELLS;10007;4
925200;;SUBMISSION;TOMATOES;SEASHELLS;4967;3
925500;;SUBMISSION;TOMATOES;SEASHELLS;4966;2
925800;SUBMISSION;;TOMATOES;SEASHELLS;4955;2
926600;;SUBMISSION;TOMATOES;SEASHELLS;4967;3
928700;;SUBMISSION;EMERALDS;SEASHELLS;10007;5
928900;SUBMISSION;;EMERALDS;SEASHELLS;10000;9
929200;;SUBMISSION;TOMATOES;SEASHELLS;4969;4
931900;;SUBMISSION;EMERALDS;SEASHELLS;10007;3
932300;;SUBMISSION;EMERALDS;SEASHELLS;10000;5
933700;;SUBMISSION;TOMATOES;SEASHELLS;4966;5
935000;;SUBMISSION;TOMATOES;SEASHELLS;4967;2
938200;;SUBMISSION;TOMATOES;SEASHELLS;4971;5
938900;SUBMISSION;;EMERALDS;SEASHELLS;10000;6
940100;;SUBMISSION;EMERALDS;SEASHELLS;10007;4
940200;;SUBMISSION;TOMATOES;SEASHELLS;4971;5
940300;SUBMISSION;;TOMATOES;SEASHELLS;4960;2
940800;SUBMISSION;;TOMATOES;SEASHELLS;4966;3
940900;SUBMISSION;;EMERALDS;SEASHELLS;9993;6
941400;;SUBMISSION;EMERALDS;SEASHELLS;10007;7
942900;SUBMISSION;;TOMATOES;SEASHELLS;4965;3
943000;SUBMISSION;;TOMATOES;SEASHELLS;4962;7
948000;SUBMISSION;;TOMATOES;SEASHELLS;4954;3
950300;SUBMISSION;;EMERALDS;SEASHELLS;10000;8
950400;;SUBMISSION;TOMATOES;SEASHELLS;4965;3
950500;;SUBMISSION;EMERALDS;SEASHELLS;10000;6
951800;SUBMISSION;;TOMATOES;SEASHELLS;4954;2
952000;SUBMISSION;;EMERALDS;SEASHELLS;9993;6
953500;;SUBMISSION;EMERALDS;SEASHELLS;10000;7
954400;;SUBMISSION;EMERALDS;SEASHELLS;10007;8
955000;SUBMISSION;;EMERALDS;SEASHELLS;10000;9
955600;SUBMISSION;;EMERALDS;SEASHELLS;9993;3
957200;;SUBMISSION;EMERALDS;SEASHELLS;10000;6
957600;SUBMISSION;;TOMATOES;SEASHELLS;4949;5
962600;;SUBMISSION;TOMATOES;SEASHELLS;4955;1
963100;SUBMISSION;;EMERALDS;SEASHELLS;10000;10
967400;;SUBMISSION;TOMATOES;SEASHELLS;4963;5
968200;;SUBMISSION;EMERALDS;SEASHELLS;10007;6
969100;SUBMISSION;;TOMATOES;SEASHELLS;4958;2
969600;;SUBMISSION;EMERALDS;SEASHELLS;10007;6
969700;;SUBMISSION;TOMATOES;SEASHELLS;4963;3
972900;SUBMISSION;;EMERALDS;SEASHELLS;9993;5
973400;;SUBMISSION;EMERALDS;SEASHELLS;10007;8
977900;SUBMISSION;;TOMATOES;SEASHELLS;4953;5
978200;SUBMISSION;;TOMATOES;SEASHELLS;4956;6
979000;;SUBMISSION;TOMATOES;SEASHELLS;4964;5
979200;;SUBMISSION;EMERALDS;SEASHELLS;10007;6
982500;SUBMISSION;;TOMATOES;SEASHELLS;4951;3
982900;;SUBMISSION;EMERALDS;SEASHELLS;10007;6
983800;;SUBMISSION;EMERALDS;SEASHELLS;10007;3
983800;;SUBMISSION;TOMATOES;SEASHELLS;4956;10
985100;SUBMISSION;;TOMATOES;SEASHELLS;4947;2
985300;SUBMISSION;;TOMATOES;SEASHELLS;4950;11
985400;SUBMISSION;;EMERALDS;SEASHELLS;10000;6
985600;;SUBMISSION;EMERALDS;SEASHELLS;10007;6
989000;SUBMISSION;;EMERALDS;SEASHELLS;10000;7
990900;SUBMISSION;;EMERALDS;SEASHELLS;10000;9
991200;;SUBMISSION;TOMATOES;SEASHELLS;4951;5
992800;;SUBMISSION;TOMATOES;SEASHELLS;4951;1
993000;SUBMISSION;;EMERALDS;SEASHELLS;10000;7
993000;;SUBMISSION;TOMATOES;SEASHELLS;4955;2
995600;;SUBMISSION;TOMATOES;SEASHELLS;4957;3
996200;SUBMISSION;;TOMATOES;SEASHELLS;4950;3
996500;;SUBMISSION;EMERALDS;SEASHELLS;10000;8
997000;SUBMISSION;;TOMATOES;SEASHELLS;4952;2
