timestamp;buyer;seller;symbol;currency;price;quantity
700;SUBMISSION;;ASH_COATED_OSMIUM;SEASHELLS;9991;6
900;SUBMISSION;;ASH_COATED_OSMIUM;SEASHELLS;9998;8
1000;SUBMISSION;;INTARIAN_PEPPER_ROOT;SEASHELLS;9996;7
2300;;SUBMISSION;ASH_COATED_OSMIUM;SEASHELLS;10000;5
2500;;SUBMISSION;ASH_COATED_OSMIUM;SEASHELLS;10010;8
4000;;SUBMISSION;INTARIAN_PEPPER_ROOT;SEASHELLS;10007;7
5200;SUBMISSION;;INTARIAN_PEPPER_ROOT;SEASHELLS;10002;5
5300;;SUBMISSION;ASH_COATED_OSMIUM;SEASHELLS;10002;4
5800;;SUBMISSION;ASH_COATED_OSMIUM;SEASHELLS;10001;5
6100;;SUBMISSION;ASH_COATED_OSMIUM;SEASHELLS;10012;8
7800;;SUBMISSION;ASH_COATED_OSMIUM;SEASHELLS;10002;4
8000;;SUBMISSION;ASH_COATED_OSMIUM;SEASHELLS;10006;6
8900;;SUBMISSION;ASH_COATED_OSMIUM;SEASHELLS;10003;2
10300;;SUBMISSION;ASH_COATED_OSMIUM;SEASHELLS;10001;13
10400;;SUBMISSION;ASH_COATED_OSMIUM;SEASHELLS;10007;5
10500;;SUBMISSION;ASH_COATED_OSMIUM;SEASHELLS;10002;10
10500;;SUBMISSION;INTARIAN_PEPPER_ROOT;SEASHELLS;10013;5
10600;;SUBMISSION;ASH_COATED_OSMIUM;SEASHELLS;10001;13
10900;;SUBMISSION;ASH_COATED_OSMIUM;SEASHELLS;10001;11
11300;SUBMISSION;;INTARIAN_PEPPER_ROOT;SEASHELLS;10008;3
12600;;SUBMISSION;INTARIAN_PEPPER_ROOT;SEASHELLS;10017;3
15000;;SUBMISSION;INTARIAN_PEPPER_ROOT;SEASHELLS;10020;7
15600;;SUBMISSION;INTARIAN_PEPPER_ROOT;SEASHELLS;10020;3
15900;SUBMISSION;;ASH_COATED_OSMIUM;SEASHELLS;9996;9
17400;;SUBMISSION;ASH_COATED_OSMIUM;SEASHELLS;10013;4
18400;;SUBMISSION;ASH_COATED_OSMIUM;SEASHELLS;10017;4
20200;;SUBMISSION;INTARIAN_PEPPER_ROOT;SEASHELLS;10025;6
21500;;SUBMISSION;INTARIAN_PEPPER_ROOT;SEASHELLS;10026;4
21800;SUBMISSION;;INTARIAN_PEPPER_ROOT;SEASHELLS;10023;6
22600;SUBMISSION;;INTARIAN_PEPPER_ROOT;SEASHELLS;10019;7
23000;;SUBMISSION;ASH_COATED_OSMIUM;SEASHELLS;10004;1
28200;;SUBMISSION;INTARIAN_PEPPER_ROOT;SEASHELLS;10033;6
29300;SUBMISSION;;INTARIAN_PEPPER_ROOT;SEASHELLS;10022;6
29400;;SUBMISSION;INTARIAN_PEPPER_ROOT;SEASHELLS;10034;7
32800;;SUBMISSION;INTARIAN_PEPPER_ROOT;SEASHELLS;10037;3
33700;SUBMISSION;;INTARIAN_PEPPER_ROOT;SEASHELLS;10035;5
35100;SUBMISSION;;INTARIAN_PEPPER_ROOT;SEASHELLS;10032;6
35200;SUBMISSION;;INTARIAN_PEPPER_ROOT;SEASHELLS;10032;5
36600;SUBMISSION;;ASH_COATED_OSMIUM;SEASHELLS;9998;6
36700;;SUBMISSION;ASH_COATED_OSMIUM;SEASHELLS;10011;6
37900;;SUBMISSION;INTARIAN_PEPPER_ROOT;SEASHELLS;10040;4
38600;SUBMISSION;;INTARIAN_PEPPER_ROOT;SEASHELLS;10034;6
39900;;SUBMISSION;INTARIAN_PEPPER_ROOT;SEASHELLS;10042;6
40500;SUBMISSION;;ASH_COATED_OSMIUM;SEASHELLS;9998;2
41100;;SUBMISSION;ASH_COATED_OSMIUM;SEASHELLS;10002;2
42500;SUBMISSION;;INTARIAN_PEPPER_ROOT;SEASHELLS;10038;3
45100;;SUBMISSION;INTARIAN_PEPPER_ROOT;SEASHELLS;10048;4
45900;SUBMISSION;;INTARIAN_PEPPER_ROOT;SEASHELLS;10039;6
46400;;SUBMISSION;INTARIAN_PEPPER_ROOT;SEASHELLS;10049;4
52900;SUBMISSION;;INTARIAN_PEPPER_ROOT;SEASHELLS;10049;6
53800;SUBMISSION;;INTARIAN_PEPPER_ROOT;SEASHELLS;10049;4
55300;SUBMISSION;;INTARIAN_PEPPER_ROOT;SEASHELLS;10052;7
57200;;SUBMISSION;INTARIAN_PEPPER_ROOT;SEASHELLS;10060;8
57600;SUBMISSION;;ASH_COATED_OSMIUM;SEASHELLS;9999;6
60900;;SUBMISSION;INTARIAN_PEPPER_ROOT;SEASHELLS;10065;6
61700;;SUBMISSION;INTARIAN_PEPPER_ROOT;SEASHELLS;10064;5
62700;SUBMISSION;;ASH_COATED_OSMIUM;SEASHELLS;9999;7
64300;SUBMISSION;;INTARIAN_PEPPER_ROOT;SEASHELLS;10061;5
64800;SUBMISSION;;INTARIAN_PEPPER_ROOT;SEASHELLS;10060;7
66800;SUBMISSION;;ASH_COATED_OSMIUM;SEASHELLS;9999;4
67300;SUBMISSION;;ASH_COATED_OSMIUM;SEASHELLS;9990;8
67400;SUBMISSION;;INTARIAN_PEPPER_ROOT;SEASHELLS;10064;4
67700;SUBMISSION;;ASH_COATED_OSMIUM;SEASHELLS;9999;2
69400;SUBMISSION;;ASH_COATED_OSMIUM;SEASHELLS;9988;5
71600;;SUBMISSION;INTARIAN_PEPPER_ROOT;SEASHELLS;10074;7
71700;SUBMISSION;;ASH_COATED_OSMIUM;SEASHELLS;9991;8
72400;SUBMISSION;;INTARIAN_PEPPER_ROOT;SEASHELLS;10068;5
72800;SUBMISSION;;ASH_COATED_OSMIUM;SEASHELLS;10000;5
72900;SUBMISSION;;ASH_COATED_OSMIUM;SEASHELLS;9991;9
73400;;SUBMISSION;INTARIAN_PEPPER_ROOT;SEASHELLS;10078;3
73900;SUBMISSION;;ASH_COATED_OSMIUM;SEASHELLS;9992;7
74500;;SUBMISSION;ASH_COATED_OSMIUM;SEASHELLS;10006;9
76600;;SUBMISSION;ASH_COATED_OSMIUM;SEASHELLS;10003;8
77500;;SUBMISSION;ASH_COATED_OSMIUM;SEASHELLS;10003;9
77700;;SUBMISSION;ASH_COATED_OSMIUM;SEASHELLS;10003;6
77800;;SUBMISSION;ASH_COATED_OSMIUM;SEASHELLS;10003;9
78500;SUBMISSION;;ASH_COATED_OSMIUM;SEASHELLS;10000;6
79600;;SUBMISSION;ASH_COATED_OSMIUM;SEASHELLS;10007;6
79900;;SUBMISSION;ASH_COATED_OSMIUM;SEASHELLS;10001;8
81200;SUBMISSION;;ASH_COATED_OSMIUM;SEASHELLS;9992;6
82700;SUBMISSION;;INTARIAN_PEPPER_ROOT;SEASHELLS;10079;8
84600;SUBMISSION;;ASH_COATED_OSMIUM;SEASHELLS;9991;2
86100;;SUBMISSION;ASH_COATED_OSMIUM;SEASHELLS;10006;6
86200;SUBMISSION;;ASH_COATED_OSMIUM;SEASHELLS;9992;4
86500;SUBMISSION;;ASH_COATED_OSMIUM;SEASHELLS;9997;6
86600;SUBMISSION;;INTARIAN_PEPPER_ROOT;SEASHELLS;10083;3
86900;;SUBMISSION;ASH_COATED_OSMIUM;SEASHELLS;10001;5
88100;;SUBMISSION;INTARIAN_PEPPER_ROOT;SEASHELLS;10093;6
89000;;SUBMISSION;INTARIAN_PEPPER_ROOT;SEASHELLS;10092;3
89000;;SUBMISSION;INTARIAN_PEPPER_ROOT;SEASHELLS;10094;6
90800;SUBMISSION;;INTARIAN_PEPPER_ROOT;SEASHELLS;10087;6
91200;SUBMISSION;;INTARIAN_PEPPER_ROOT;SEASHELLS;10087;5
91700;SUBMISSION;;ASH_COATED_OSMIUM;SEASHELLS;9992;9
91900;SUBMISSION;;INTARIAN_PEPPER_ROOT;SEASHELLS;10085;7
94000;;SUBMISSION;ASH_COATED_OSMIUM;SEASHELLS;10003;8
94400;;SUBMISSION;ASH_COATED_OSMIUM;SEASHELLS;10003;3
95600;SUBMISSION;;ASH_COATED_OSMIUM;SEASHELLS;9999;2
95900;SUBMISSION;;ASH_COATED_OSMIUM;SEASHELLS;9999;5
96300;;SUBMISSION;ASH_COATED_OSMIUM;SEASHELLS;10005;8
97200;SUBMISSION;;ASH_COATED_OSMIUM;SEASHELLS;9994;3
97200;SUBMISSION;;ASH_COATED_OSMIUM;SEASHELLS;10000;3
97600;SUBMISSION;;ASH_COATED_OSMIUM;SEASHELLS;9999;3
97600;SUBMISSION;;ASH_COATED_OSMIUM;SEASHELLS;10000;3
98200;SUBMISSION;;ASH_COATED_OSMIUM;SEASHELLS;9991;3
98600;;SUBMISSION;INTARIAN_PEPPER_ROOT;SEASHELLS;10101;3
100100;SUBMISSION;;ASH_COATED_OSMIUM;SEASHELLS;9994;3
100400;SUBMISSION;;ASH_COATED_OSMIUM;SEASHELLS;9992;4
102000;SUBMISSION;;INTARIAN_PEPPER_ROOT;SEASHELLS;10097;7
102400;;SUBMISSION;INTARIAN_PEPPER_ROOT;SEASHELLS;10105;8
103300;SUBMISSION;;ASH_COATED_OSMIUM;SEASHELLS;9992;9
103400;SUBMISSION;;ASH_COATED_OSMIUM;SEASHELLS;9996;3
103900;;SUBMISSION;ASH_COATED_OSMIUM;SEASHELLS;10003;4
105100;SUBMISSION;;ASH_COATED_OSMIUM;SEASHELLS;9991;8
105200;;SUBMISSION;ASH_COATED_OSMIUM;SEASHELLS;10004;3
106000;SUBMISSION;;ASH_COATED_OSMIUM;SEASHELLS;9990;4
106200;SUBMISSION;;ASH_COATED_OSMIUM;SEASHELLS;9999;5
106300;SUBMISSION;;INTARIAN_PEPPER_ROOT;SEASHELLS;10103;5
106900;SUBMISSION;;ASH_COATED_OSMIUM;SEASHELLS;9995;6
107900;SUBMISSION;;ASH_COATED_OSMIUM;SEASHELLS;9992;6
108200;;SUBMISSION;INTARIAN_PEPPER_ROOT;SEASHELLS;10113;6
108800;SUBMISSION;;ASH_COATED_OSMIUM;SEASHELLS;10000;3
108800;SUBMISSION;;ASH_COATED_OSMIUM;SEASHELLS;9991;9
108900;SUBMISSION;;INTARIAN_PEPPER_ROOT;SEASHELLS;10105;7
110400;;SUBMISSION;INTARIAN_PEPPER_ROOT;SEASHELLS;10108;5
111800;SUBMISSION;;ASH_COATED_OSMIUM;SEASHELLS;9990;6
112900;;SUBMISSION;ASH_COATED_OSMIUM;SEASHELLS;10000;2
113300;SUBMISSION;;ASH_COATED_OSMIUM;SEASHELLS;9996;5
113500;;SUBMISSION;ASH_COATED_OSMIUM;SEASHELLS;10009;4
114000;;SUBMISSION;ASH_COATED_OSMIUM;SEASHELLS;10000;4
114100;;SUBMISSION;ASH_COATED_OSMIUM;SEASHELLS;10010;10
114500;;SUBMISSION;INTARIAN_PEPPER_ROOT;SEASHELLS;10119;4
117700;SUBMISSION;;INTARIAN_PEPPER_ROOT;SEASHELLS;10114;8
117900;;SUBMISSION;ASH_COATED_OSMIUM;SEASHELLS;10004;4
118900;SUBMISSION;;ASH_COATED_OSMIUM;SEASHELLS;9994;3
119100;;SUBMISSION;ASH_COATED_OSMIUM;SEASHELLS;10009;4
120000;;SUBMISSION;ASH_COATED_OSMIUM;SEASHELLS;10009;8
120900;;SUBMISSION;ASH_COATED_OSMIUM;SEASHELLS;10009;6
122000;;SUBMISSION;INTARIAN_PEPPER_ROOT;SEASHELLS;10125;3
122700;SUBMISSION;;INTARIAN_PEPPER_ROOT;SEASHELLS;10119;4
122900;SUBMISSION;;ASH_COATED_OSMIUM;SEASHELLS;9992;3
123300;;SUBMISSION;INTARIAN_PEPPER_ROOT;SEASHELLS;10128;4
124000;;SUBMISSION;INTARIAN_PEPPER_ROOT;SEASHELLS;10127;7
125200;;SUBMISSION;ASH_COATED_OSMIUM;SEASHELLS;10006;3
125400;SUBMISSION;;ASH_COATED_OSMIUM;SEASHELLS;9991;3
126500;SUBMISSION;;INTARIAN_PEPPER_ROOT;SEASHELLS;10123;3
128800;SUBMISSION;;ASH_COATED_OSMIUM;SEASHELLS;9998;3
129400;;SUBMISSION;INTARIAN_PEPPER_ROOT;SEASHELLS;10132;5
130000;SUBMISSION;;INTARIAN_PEPPER_ROOT;SEASHELLS;10125;4
131400;;SUBMISSION;INTARIAN_PEPPER_ROOT;SEASHELLS;10138;5
131700;SUBMISSION;;ASH_COATED_OSMIUM;SEASHELLS;9999;2
132600;;SUBMISSION;INTARIAN_PEPPER_ROOT;SEASHELLS;10135;7
133100;SUBMISSION;;ASH_COATED_OSMIUM;SEASHELLS;9992;8
134600;SUBMISSION;;INTARIAN_PEPPER_ROOT;SEASHELLS;10130;5
135800;SUBMISSION;;ASH_COATED_OSMIUM;SEASHELLS;9993;2
136200;;SUBMISSION;INTARIAN_PEPPER_ROOT;SEASHELLS;10139;7
136800;;SUBMISSION;INTARIAN_PEPPER_ROOT;SEASHELLS;10139;8
137000;SUBMISSION;;INTARIAN_PEPPER_ROOT;SEASHELLS;10133;5
137500;SUBMISSION;;ASH_COATED_OSMIUM;SEASHELLS;9993;5
137800;;SUBMISSION;ASH_COATED_OSMIUM;SEASHELLS;10002;5
139000;SUBMISSION;;ASH_COATED_OSMIUM;SEASHELLS;9989;6
139600;SUBMISSION;;ASH_COATED_OSMIUM;SEASHELLS;9997;6
140000;;SUBMISSION;INTARIAN_PEPPER_ROOT;SEASHELLS;10143;5
140900;SUBMISSION;;ASH_COATED_OSMIUM;SEASHELLS;9999;10
141200;;SUBMISSION;ASH_COATED_OSMIUM;SEASHELLS;10003;4
141800;SUBMISSION;;INTARIAN_PEPPER_ROOT;SEASHELLS;10137;5
144100;SUBMISSION;;INTARIAN_PEPPER_ROOT;SEASHELLS;10137;3
145400;SUBMISSION;;INTARIAN_PEPPER_ROOT;SEASHELLS;10142;8
148600;;SUBMISSION;INTARIAN_PEPPER_ROOT;SEASHELLS;10153;7
149300;SUBMISSION;;INTARIAN_PEPPER_ROOT;SEASHELLS;10145;3
149800;;SUBMISSION;ASH_COATED_OSMIUM;SEASHELLS;10006;6
155500;SUBMISSION;;INTARIAN_PEPPER_ROOT;SEASHELLS;10152;4
155600;SUBMISSION;;INTARIAN_PEPPER_ROOT;SEASHELLS;10152;8
155900;;SUBMISSION;INTARIAN_PEPPER_ROOT;SEASHELLS;10158;8
156300;SUBMISSION;;INTARIAN_PEPPER_ROOT;SEASHELLS;10152;3
156600;SUBMISSION;;ASH_COATED_OSMIUM;SEASHELLS;9999;2
156800;;SUBMISSION;INTARIAN_PEPPER_ROOT;SEASHELLS;10159;3
157000;;SUBMISSION;ASH_COATED_OSMIUM;SEASHELLS;10004;3
159700;SUBMISSION;;INTARIAN_PEPPER_ROOT;SEASHELLS;10156;7
160300;;SUBMISSION;ASH_COATED_OSMIUM;SEASHELLS;10003;5
160500;SUBMISSION;;ASH_COATED_OSMIUM;SEASHELLS;9997;3
161600;;SUBMISSION;ASH_COATED_OSMIUM;SEASHELLS;10004;2
164900;SUBMISSION;;ASH_COATED_OSMIUM;SEASHELLS;9999;3
165400;;SUBMISSION;INTARIAN_PEPPER_ROOT;SEASHELLS;10170;4
169300;SUBMISSION;;INTARIAN_PEPPER_ROOT;SEASHELLS;10165;3
171300;;SUBMISSION;ASH_COATED_OSMIUM;SEASHELLS;10001;8
172800;SUBMISSION;;ASH_COATED_OSMIUM;SEASHELLS;10000;4
173500;;SUBMISSION;ASH_COATED_OSMIUM;SEASHELLS;10001;10
173600;SUBMISSION;;ASH_COATED_OSMIUM;SEASHELLS;9993;5
174200;;SUBMISSION;ASH_COATED_OSMIUM;SEASHELLS;10006;3
174200;SUBMISSION;;INTARIAN_PEPPER_ROOT;SEASHELLS;10171;5
175000;;SUBMISSION;INTARIAN_PEPPER_ROOT;SEASHELLS;10180;3
175100;SUBMISSION;;ASH_COATED_OSMIUM;SEASHELLS;9998;8
175400;;SUBMISSION;ASH_COATED_OSMIUM;SEASHELLS;10010;4
178600;SUBMISSION;;INTARIAN_PEPPER_ROOT;SEASHELLS;10175;4
179600;;SUBMISSION;ASH_COATED_OSMIUM;SEASHELLS;10008;10
183300;;SUBMISSION;INTARIAN_PEPPER_ROOT;SEASHELLS;10181;12
183600;;SUBMISSION;ASH_COATED_OSMIUM;SEASHELLS;10009;10
184400;;SUBMISSION;ASH_COATED_OSMIUM;SEASHELLS;10009;5
184500;;SUBMISSION;INTARIAN_PEPPER_ROOT;SEASHELLS;10189;7
184800;SUBMISSION;;ASH_COATED_OSMIUM;SEASHELLS;9994;2
184900;SUBMISSION;;INTARIAN_PEPPER_ROOT;SEASHELLS;10178;3
185600;;SUBMISSION;INTARIAN_PEPPER_ROOT;SEASHELLS;10190;5
185900;;SUBMISSION;ASH_COATED_OSMIUM;SEASHELLS;10003;5
186400;SUBMISSION;;ASH_COATED_OSMIUM;SEASHELLS;9993;5
187900;;SUBMISSION;INTARIAN_PEPPER_ROOT;SEASHELLS;10190;8
188700;SUBMISSION;;INTARIAN_PEPPER_ROOT;SEASHELLS;10185;5
189100;SUBMISSION;;INTARIAN_PEPPER_ROOT;SEASHELLS;10186;5
190100;;SUBMISSION;ASH_COATED_OSMIUM;SEASHELLS;10008;3
190200;;SUBMISSION;INTARIAN_PEPPER_ROOT;SEASHELLS;10195;3
190800;SUBMISSION;;ASH_COATED_OSMIUM;SEASHELLS;9992;6
192200;SUBMISSION;;ASH_COATED_OSMIUM;SEASHELLS;9996;9
192800;;SUBMISSION;ASH_COATED_OSMIUM;SEASHELLS;10005;5
193900;;SUBMISSION;INTARIAN_PEPPER_ROOT;SEASHELLS;10198;6
194700;SUBMISSION;;ASH_COATED_OSMIUM;SEASHELLS;9990;9
197100;SUBMISSION;;ASH_COATED_OSMIUM;SEASHELLS;9988;3
197200;SUBMISSION;;ASH_COATED_OSMIUM;SEASHELLS;9996;2
197700;SUBMISSION;;ASH_COATED_OSMIUM;SEASHELLS;9996;2
198600;SUBMISSION;;ASH_COATED_OSMIUM;SEASHELLS;9995;4
199500;SUBMISSION;;ASH_COATED_OSMIUM;SEASHELLS;9990;7
200800;SUBMISSION;;ASH_COATED_OSMIUM;SEASHELLS;9999;12
201100;SUBMISSION;;ASH_COATED_OSMIUM;SEASHELLS;9999;15
202200;;SUBMISSION;INTARIAN_PEPPER_ROOT;SEASHELLS;10205;3
202400;SUBMISSION;;INTARIAN_PEPPER_ROOT;SEASHELLS;10198;6
202700;SUBMISSION;;ASH_COATED_OSMIUM;SEASHELLS;9988;2
203300;SUBMISSION;;INTARIAN_PEPPER_ROOT;SEASHELLS;10199;6
203500;SUBMISSION;;ASH_COATED_OSMIUM;SEASHELLS;9996;3
204500;SUBMISSION;;INTARIAN_PEPPER_ROOT;SEASHELLS;10201;8
205000;;SUBMISSION;INTARIAN_PEPPER_ROOT;SEASHELLS;10207;7
206100;SUBMISSION;;INTARIAN_PEPPER_ROOT;SEASHELLS;10203;6
206400;SUBMISSION;;INTARIAN_PEPPER_ROOT;SEASHELLS;10203;4
206500;SUBMISSION;;ASH_COATED_OSMIUM;SEASHELLS;9986;3
207300;SUBMISSION;;INTARIAN_PEPPER_ROOT;SEASHELLS;10203;5
207600;;SUBMISSION;ASH_COATED_OSMIUM;SEASHELLS;10002;2
207900;SUBMISSION;;ASH_COATED_OSMIUM;SEASHELLS;9996;2
208200;SUBMISSION;;INTARIAN_PEPPER_ROOT;SEASHELLS;10204;7
208500;;SUBMISSION;ASH_COATED_OSMIUM;SEASHELLS;10002;9
210300;;SUBMISSION;INTARIAN_PEPPER_ROOT;SEASHELLS;10215;5
210400;SUBMISSION;;ASH_COATED_OSMIUM;SEASHELLS;9997;2
210700;SUBMISSION;;ASH_COATED_OSMIUM;SEASHELLS;9997;2
211000;SUBMISSION;;ASH_COATED_OSMIUM;SEASHELLS;9988;2
211300;SUBMISSION;;ASH_COATED_OSMIUM;SEASHELLS;9996;2
212300;;SUBMISSION;INTARIAN_PEPPER_ROOT;SEASHELLS;10217;6
213200;;SUBMISSION;INTARIAN_PEPPER_ROOT;SEASHELLS;10216;4
216000;SUBMISSION;;ASH_COATED_OSMIUM;SEASHELLS;9991;6
216600;;SUBMISSION;ASH_COATED_OSMIUM;SEASHELLS;10005;5
216900;SUBMISSION;;ASH_COATED_OSMIUM;SEASHELLS;9995;4
218400;SUBMISSION;;INTARIAN_PEPPER_ROOT;SEASHELLS;10214;7
219700;;SUBMISSION;INTARIAN_PEPPER_ROOT;SEASHELLS;10224;3
219900;SUBMISSION;;INTARIAN_PEPPER_ROOT;SEASHELLS;10215;3
220300;;SUBMISSION;ASH_COATED_OSMIUM;SEASHELLS;10000;4
221000;;SUBMISSION;ASH_COATED_OSMIUM;SEASHELLS;10002;7
221200;SUBMISSION;;ASH_COATED_OSMIUM;SEASHELLS;9993;3
221200;SUBMISSION;;INTARIAN_PEPPER_ROOT;SEASHELLS;10218;8
221500;SUBMISSION;;ASH_COATED_OSMIUM;SEASHELLS;9998;4
221600;;SUBMISSION;INTARIAN_PEPPER_ROOT;SEASHELLS;10226;6
221700;SUBMISSION;;INTARIAN_PEPPER_ROOT;SEASHELLS;10218;8
222500;;SUBMISSION;ASH_COATED_OSMIUM;SEASHELLS;10000;10
224200;;SUBMISSION;ASH_COATED_OSMIUM;SEASHELLS;10008;4
225400;;SUBMISSION;INTARIAN_PEPPER_ROOT;SEASHELLS;10228;3
225700;;SUBMISSION;ASH_COATED_OSMIUM;SEASHELLS;10006;4
226200;SUBMISSION;;ASH_COATED_OSMIUM;SEASHELLS;9996;4
226400;;SUBMISSION;INTARIAN_PEPPER_ROOT;SEASHELLS;10231;5
226900;SUBMISSION;;ASH_COATED_OSMIUM;SEASHELLS;9999;2
231100;;SUBMISSION;ASH_COATED_OSMIUM;SEASHELLS;10000;7
231300;;SUBMISSION;INTARIAN_PEPPER_ROOT;SEASHELLS;10234;7
231500;SUBMISSION;;INTARIAN_PEPPER_ROOT;SEASHELLS;10227;5
231600;;SUBMISSION;INTARIAN_PEPPER_ROOT;SEASHELLS;10236;4
232000;;SUBMISSION;ASH_COATED_OSMIUM;SEASHELLS;10005;4
232100;SUBMISSION;;ASH_COATED_OSMIUM;SEASHELLS;9991;2
233900;SUBMISSION;;ASH_COATED_OSMIUM;SEASHELLS;9998;2
234600;SUBMISSION;;INTARIAN_PEPPER_ROOT;SEASHELLS;10230;5
235900;;SUBMISSION;INTARIAN_PEPPER_ROOT;SEASHELLS;10243;6
236400;;SUBMISSION;ASH_COATED_OSMIUM;SEASHELLS;10005;9
236600;SUBMISSION;;ASH_COATED_OSMIUM;SEASHELLS;9991;10
236800;;SUBMISSION;ASH_COATED_OSMIUM;SEASHELLS;10005;2
237200;;SUBMISSION;INTARIAN_PEPPER_ROOT;SEASHELLS;10232;10
238200;SUBMISSION;;ASH_COATED_OSMIUM;SEASHELLS;9999;2
239000;SUBMISSION;;ASH_COATED_OSMIUM;SEASHELLS;9995;4
241500;SUBMISSION;;INTARIAN_PEPPER_ROOT;SEASHELLS;10243;1
241600;;SUBMISSION;INTARIAN_PEPPER_ROOT;SEASHELLS;10246;7
242400;;SUBMISSION;ASH_COATED_OSMIUM;SEASHELLS;10007;5
242500;SUBMISSION;;ASH_COATED_OSMIUM;SEASHELLS;9995;10
242600;;SUBMISSION;ASH_COATED_OSMIUM;SEASHELLS;10004;4
243100;SUBMISSION;;INTARIAN_PEPPER_ROOT;SEASHELLS;10240;7
243300;;SUBMISSION;INTARIAN_PEPPER_ROOT;SEASHELLS;10246;4
243700;SUBMISSION;;INTARIAN_PEPPER_ROOT;SEASHELLS;10240;7
244000;;SUBMISSION;ASH_COATED_OSMIUM;SEASHELLS;10004;2
245900;SUBMISSION;;ASH_COATED_OSMIUM;SEASHELLS;9991;3
246100;SUBMISSION;;INTARIAN_PEPPER_ROOT;SEASHELLS;10241;5
246500;;SUBMISSION;ASH_COATED_OSMIUM;SEASHELLS;10000;7
247700;SUBMISSION;;INTARIAN_PEPPER_ROOT;SEASHELLS;10244;6
248400;;SUBMISSION;INTARIAN_PEPPER_ROOT;SEASHELLS;10256;7
248700;SUBMISSION;;INTARIAN_PEPPER_ROOT;SEASHELLS;10245;7
249200;;SUBMISSION;ASH_COATED_OSMIUM;SEASHELLS;10000;5
249700;SUBMISSION;;ASH_COATED_OSMIUM;SEASHELLS;9991;4
250000;SUBMISSION;;INTARIAN_PEPPER_ROOT;SEASHELLS;10245;5
250900;;SUBMISSION;INTARIAN_PEPPER_ROOT;SEASHELLS;10256;7
252100;;SUBMISSION;INTARIAN_PEPPER_ROOT;SEASHELLS;10255;7
253000;;SUBMISSION;ASH_COATED_OSMIUM;SEASHELLS;10006;2
253000;SUBMISSION;;INTARIAN_PEPPER_ROOT;SEASHELLS;10249;4
254100;;SUBMISSION;ASH_COATED_OSMIUM;SEASHELLS;10000;2
254400;SUBMISSION;;ASH_COATED_OSMIUM;SEASHELLS;9996;2
255000;;SUBMISSION;INTARIAN_PEPPER_ROOT;SEASHELLS;10249;9
255200;SUBMISSION;;ASH_COATED_OSMIUM;SEASHELLS;9990;2
257500;;SUBMISSION;ASH_COATED_OSMIUM;SEASHELLS;10003;5
259200;SUBMISSION;;ASH_COATED_OSMIUM;SEASHELLS;9993;6
259900;SUBMISSION;;ASH_COATED_OSMIUM;SEASHELLS;9997;4
260000;;SUBMISSION;ASH_COATED_OSMIUM;SEASHELLS;10002;7
260800;SUBMISSION;;ASH_COATED_OSMIUM;SEASHELLS;9988;3
261600;;SUBMISSION;ASH_COATED_OSMIUM;SEASHELLS;10002;4
263500;SUBMISSION;;ASH_COATED_OSMIUM;SEASHELLS;9987;3
263700;SUBMISSION;;ASH_COATED_OSMIUM;SEASHELLS;9995;4
264000;SUBMISSION;;INTARIAN_PEPPER_ROOT;SEASHELLS;10260;6
264500;SUBMISSION;;INTARIAN_PEPPER_ROOT;SEASHELLS;10261;6
265700;;SUBMISSION;INTARIAN_PEPPER_ROOT;SEASHELLS;10273;4
265800;SUBMISSION;;ASH_COATED_OSMIUM;SEASHELLS;9995;5
266700;SUBMISSION;;ASH_COATED_OSMIUM;SEASHELLS;9991;10
267300;;SUBMISSION;INTARIAN_PEPPER_ROOT;SEASHELLS;10270;8
268400;SUBMISSION;;ASH_COATED_OSMIUM;SEASHELLS;9991;10
268700;SUBMISSION;;INTARIAN_PEPPER_ROOT;SEASHELLS;10265;5
269500;;SUBMISSION;ASH_COATED_OSMIUM;SEASHELLS;10001;2
269700;SUBMISSION;;ASH_COATED_OSMIUM;SEASHELLS;9999;14
272300;SUBMISSION;;INTARIAN_PEPPER_ROOT;SEASHELLS;10269;7
272500;;SUBMISSION;INTARIAN_PEPPER_ROOT;SEASHELLS;10275;3
273300;SUBMISSION;;ASH_COATED_OSMIUM;SEASHELLS;9991;5
273600;SUBMISSION;;ASH_COATED_OSMIUM;SEASHELLS;9996;5
274100;SUBMISSION;;ASH_COATED_OSMIUM;SEASHELLS;9996;2
274300;SUBMISSION;;ASH_COATED_OSMIUM;SEASHELLS;9986;5
279800;;SUBMISSION;INTARIAN_PEPPER_ROOT;SEASHELLS;10282;4
280000;;SUBMISSION;INTARIAN_PEPPER_ROOT;SEASHELLS;10283;4
282300;SUBMISSION;;INTARIAN_PEPPER_ROOT;SEASHELLS;10278;5
282600;;SUBMISSION;ASH_COATED_OSMIUM;SEASHELLS;10001;6
283000;;SUBMISSION;INTARIAN_PEPPER_ROOT;SEASHELLS;10288;5
283300;SUBMISSION;;ASH_COATED_OSMIUM;SEASHELLS;9996;4
285400;SUBMISSION;;ASH_COATED_OSMIUM;SEASHELLS;9988;2
285700;SUBMISSION;;INTARIAN_PEPPER_ROOT;SEASHELLS;10282;8
286200;;SUBMISSION;INTARIAN_PEPPER_ROOT;SEASHELLS;10291;4
288800;SUBMISSION;;INTARIAN_PEPPER_ROOT;SEASHELLS;10284;5
289000;;SUBMISSION;INTARIAN_PEPPER_ROOT;SEASHELLS;10292;5
289700;;SUBMISSION;INTARIAN_PEPPER_ROOT;SEASHELLS;10292;8
292300;;SUBMISSION;INTARIAN_PEPPER_ROOT;SEASHELLS;10297;7
295100;SUBMISSION;;INTARIAN_PEPPER_ROOT;SEASHELLS;10292;7
295600;;SUBMISSION;INTARIAN_PEPPER_ROOT;SEASHELLS;10298;7
297600;;SUBMISSION;ASH_COATED_OSMIUM;SEASHELLS;10002;6
298100;SUBMISSION;;ASH_COATED_OSMIUM;SEASHELLS;9996;5
298100;SUBMISSION;;INTARIAN_PEPPER_ROOT;SEASHELLS;10295;5
298200;;SUBMISSION;INTARIAN_PEPPER_ROOT;SEASHELLS;10301;6
298300;SUBMISSION;;ASH_COATED_OSMIUM;SEASHELLS;9993;1
298300;SUBMISSION;;INTARIAN_PEPPER_ROOT;SEASHELLS;10295;4
298600;;SUBMISSION;ASH_COATED_OSMIUM;SEASHELLS;10005;2
298900;SUBMISSION;;INTARIAN_PEPPER_ROOT;SEASHELLS;10292;3
299000;;SUBMISSION;INTARIAN_PEPPER_ROOT;SEASHELLS;10302;7
300500;SUBMISSION;;ASH_COATED_OSMIUM;SEASHELLS;9999;2
301900;;SUBMISSION;INTARIAN_PEPPER_ROOT;SEASHELLS;10309;7
302600;SUBMISSION;;INTARIAN_PEPPER_ROOT;SEASHELLS;10299;6
310700;SUBMISSION;;INTARIAN_PEPPER_ROOT;SEASHELLS;10312;6
311700;;SUBMISSION;INTARIAN_PEPPER_ROOT;SEASHELLS;10316;7
314000;SUBMISSION;;INTARIAN_PEPPER_ROOT;SEASHELLS;10320;9
314500;SUBMISSION;;INTARIAN_PEPPER_ROOT;SEASHELLS;10310;5
314800;SUBMISSION;;INTARIAN_PEPPER_ROOT;SEASHELLS;10311;4
321000;SUBMISSION;;INTARIAN_PEPPER_ROOT;SEASHELLS;10317;6
321100;;SUBMISSION;ASH_COATED_OSMIUM;SEASHELLS;10001;6
321900;SUBMISSION;;INTARIAN_PEPPER_ROOT;SEASHELLS;10318;4
324600;;SUBMISSION;ASH_COATED_OSMIUM;SEASHELLS;10001;6
324800;SUBMISSION;;INTARIAN_PEPPER_ROOT;SEASHELLS;10320;4
324900;;SUBMISSION;INTARIAN_PEPPER_ROOT;SEASHELLS;10327;4
326300;SUBMISSION;;INTARIAN_PEPPER_ROOT;SEASHELLS;10322;7
329100;;SUBMISSION;INTARIAN_PEPPER_ROOT;SEASHELLS;10332;6
329800;SUBMISSION;;ASH_COATED_OSMIUM;SEASHELLS;9995;5
330800;SUBMISSION;;ASH_COATED_OSMIUM;SEASHELLS;9983;6
331200;SUBMISSION;;ASH_COATED_OSMIUM;SEASHELLS;9999;1
334500;SUBMISSION;;INTARIAN_PEPPER_ROOT;SEASHELLS;10331;5
336400;;SUBMISSION;INTARIAN_PEPPER_ROOT;SEASHELLS;10341;5
337800;;SUBMISSION;INTARIAN_PEPPER_ROOT;SEASHELLS;10340;7
339400;SUBMISSION;;INTARIAN_PEPPER_ROOT;SEASHELLS;10336;3
340200;;SUBMISSION;INTARIAN_PEPPER_ROOT;SEASHELLS;10347;3
342200;;SUBMISSION;INTARIAN_PEPPER_ROOT;SEASHELLS;10349;7
342700;SUBMISSION;;INTARIAN_PEPPER_ROOT;SEASHELLS;10339;4
344500;SUBMISSION;;INTARIAN_PEPPER_ROOT;SEASHELLS;10341;8
344500;SUBMISSION;;INTARIAN_PEPPER_ROOT;SEASHELLS;10340;7
345500;SUBMISSION;;INTARIAN_PEPPER_ROOT;SEASHELLS;10341;6
345700;;SUBMISSION;INTARIAN_PEPPER_ROOT;SEASHELLS;10340;10
346200;;SUBMISSION;INTARIAN_PEPPER_ROOT;SEASHELLS;10349;8
346700;SUBMISSION;;INTARIAN_PEPPER_ROOT;SEASHELLS;10339;3
347100;;SUBMISSION;INTARIAN_PEPPER_ROOT;SEASHELLS;10354;7
348000;;SUBMISSION;INTARIAN_PEPPER_ROOT;SEASHELLS;10351;4
349500;SUBMISSION;;INTARIAN_PEPPER_ROOT;SEASHELLS;10345;7
350200;;SUBMISSION;INTARIAN_PEPPER_ROOT;SEASHELLS;10355;5
351800;;SUBMISSION;ASH_COATED_OSMIUM;SEASHELLS;10002;4
352000;;SUBMISSION;INTARIAN_PEPPER_ROOT;SEASHELLS;10355;8
354200;SUBMISSION;;ASH_COATED_OSMIUM;SEASHELLS;9987;4
354700;;SUBMISSION;ASH_COATED_OSMIUM;SEASHELLS;10002;4
355500;SUBMISSION;;ASH_COATED_OSMIUM;SEASHELLS;9996;3
355900;;SUBMISSION;ASH_COATED_OSMIUM;SEASHELLS;10005;6
356200;SUBMISSION;;INTARIAN_PEPPER_ROOT;SEASHELLS;10353;8
357200;SUBMISSION;;INTARIAN_PEPPER_ROOT;SEASHELLS;10353;6
358100;;SUBMISSION;INTARIAN_PEPPER_ROOT;SEASHELLS;10359;7
358300;SUBMISSION;;INTARIAN_PEPPER_ROOT;SEASHELLS;10355;4
359000;;SUBMISSION;INTARIAN_PEPPER_ROOT;SEASHELLS;10362;5
359800;SUBMISSION;;INTARIAN_PEPPER_ROOT;SEASHELLS;10356;3
361700;;SUBMISSION;ASH_COATED_OSMIUM;SEASHELLS;10004;2
362100;SUBMISSION;;INTARIAN_PEPPER_ROOT;SEASHELLS;10357;6
362500;SUBMISSION;;ASH_COATED_OSMIUM;SEASHELLS;9999;3
363300;;SUBMISSION;INTARIAN_PEPPER_ROOT;SEASHELLS;10366;8
363400;SUBMISSION;;INTARIAN_PEPPER_ROOT;SEASHELLS;10359;5
364000;;SUBMISSION;ASH_COATED_OSMIUM;SEASHELLS;10006;9
365000;SUBMISSION;;ASH_COATED_OSMIUM;SEASHELLS;9998;2
365300;SUBMISSION;;ASH_COATED_OSMIUM;SEASHELLS;9998;5
367100;;SUBMISSION;ASH_COATED_OSMIUM;SEASHELLS;10006;5
368100;;SUBMISSION;ASH_COATED_OSMIUM;SEASHELLS;10008;6
368500;;SUBMISSION;ASH_COATED_OSMIUM;SEASHELLS;10002;4
368800;;SUBMISSION;ASH_COATED_OSMIUM;SEASHELLS;10002;4
370400;SUBMISSION;;ASH_COATED_OSMIUM;SEASHELLS;9994;6
370700;SUBMISSION;;ASH_COATED_OSMIUM;SEASHELLS;9994;8
372100;SUBMISSION;;ASH_COATED_OSMIUM;SEASHELLS;9998;8
372600;SUBMISSION;;ASH_COATED_OSMIUM;SEASHELLS;9991;5
372700;SUBMISSION;;INTARIAN_PEPPER_ROOT;SEASHELLS;10365;3
377700;;SUBMISSION;INTARIAN_PEPPER_ROOT;SEASHELLS;10382;6
377800;;SUBMISSION;ASH_COATED_OSMIUM;SEASHELLS;10007;7
379600;SUBMISSION;;ASH_COATED_OSMIUM;SEASHELLS;9995;2
379600;SUBMISSION;;INTARIAN_PEPPER_ROOT;SEASHELLS;10376;6
382000;;SUBMISSION;INTARIAN_PEPPER_ROOT;SEASHELLS;10387;5
383600;SUBMISSION;;INTARIAN_PEPPER_ROOT;SEASHELLS;10380;7
384300;;SUBMISSION;INTARIAN_PEPPER_ROOT;SEASHELLS;10382;8
384800;;SUBMISSION;ASH_COATED_OSMIUM;SEASHELLS;10004;6
384800;;SUBMISSION;ASH_COATED_OSMIUM;SEASHELLS;10000;4
385000;;SUBMISSION;ASH_COATED_OSMIUM;SEASHELLS;10004;4
386000;;SUBMISSION;ASH_COATED_OSMIUM;SEASHELLS;10000;2
387100;SUBMISSION;;ASH_COATED_OSMIUM;SEASHELLS;9995;5
387100;;SUBMISSION;ASH_COATED_OSMIUM;SEASHELLS;10009;3
387800;;SUBMISSION;INTARIAN_PEPPER_ROOT;SEASHELLS;10392;5
388800;SUBMISSION;;INTARIAN_PEPPER_ROOT;SEASHELLS;10384;3
389100;;SUBMISSION;INTARIAN_PEPPER_ROOT;SEASHELLS;10392;6
389300;;SUBMISSION;ASH_COATED_OSMIUM;SEASHELLS;10005;7
390000;SUBMISSION;;ASH_COATED_OSMIUM;SEASHELLS;9996;5
391300;;SUBMISSION;INTARIAN_PEPPER_ROOT;SEASHELLS;10394;8
391500;SUBMISSION;;ASH_COATED_OSMIUM;SEASHELLS;9993;7
392900;;SUBMISSION;ASH_COATED_OSMIUM;SEASHELLS;10000;2
393100;;SUBMISSION;ASH_COATED_OSMIUM;SEASHELLS;10005;7
394100;;SUBMISSION;ASH_COATED_OSMIUM;SEASHELLS;10012;7
394200;;SUBMISSION;ASH_COATED_OSMIUM;SEASHELLS;10002;3
394900;SUBMISSION;;INTARIAN_PEPPER_ROOT;SEASHELLS;10388;7
395400;;SUBMISSION;INTARIAN_PEPPER_ROOT;SEASHELLS;10398;7
395900;SUBMISSION;;ASH_COATED_OSMIUM;SEASHELLS;9997;3
396000;SUBMISSION;;INTARIAN_PEPPER_ROOT;SEASHELLS;10391;4
396400;SUBMISSION;;ASH_COATED_OSMIUM;SEASHELLS;9997;8
397300;;SUBMISSION;ASH_COATED_OSMIUM;SEASHELLS;10002;4
399900;SUBMISSION;;ASH_COATED_OSMIUM;SEASHELLS;9996;9
400000;SUBMISSION;;INTARIAN_PEPPER_ROOT;SEASHELLS;10396;8
400400;SUBMISSION;;INTARIAN_PEPPER_ROOT;SEASHELLS;10397;7
400500;;SUBMISSION;ASH_COATED_OSMIUM;SEASHELLS;10005;9
401400;SUBMISSION;;ASH_COATED_OSMIUM;SEASHELLS;9996;6
402300;;SUBMISSION;ASH_COATED_OSMIUM;SEASHELLS;10013;7
402600;SUBMISSION;;INTARIAN_PEPPER_ROOT;SEASHELLS;10395;3
402900;SUBMISSION;;INTARIAN_PEPPER_ROOT;SEASHELLS;10398;7
403700;SUBMISSION;;INTARIAN_PEPPER_ROOT;SEASHELLS;10396;5
404200;;SUBMISSION;ASH_COATED_OSMIUM;SEASHELLS;10000;4
407500;;SUBMISSION;INTARIAN_PEPPER_ROOT;SEASHELLS;10412;5
408900;;SUBMISSION;ASH_COATED_OSMIUM;SEASHELLS;10006;10
410900;;SUBMISSION;INTARIAN_PEPPER_ROOT;SEASHELLS;10416;3
412200;SUBMISSION;;ASH_COATED_OSMIUM;SEASHELLS;9998;2
412600;;SUBMISSION;ASH_COATED_OSMIUM;SEASHELLS;10004;2
413000;;SUBMISSION;INTARIAN_PEPPER_ROOT;SEASHELLS;10416;3
415300;;SUBMISSION;INTARIAN_PEPPER_ROOT;SEASHELLS;10418;8
416800;;SUBMISSION;ASH_COATED_OSMIUM;SEASHELLS;10000;11
416800;;SUBMISSION;ASH_COATED_OSMIUM;SEASHELLS;10017;9
416900;;SUBMISSION;ASH_COATED_OSMIUM;SEASHELLS;10000;10
416900;;SUBMISSION;INTARIAN_PEPPER_ROOT;SEASHELLS;10420;3
417000;;SUBMISSION;ASH_COATED_OSMIUM;SEASHELLS;10000;9
417400;SUBMISSION;;INTARIAN_PEPPER_ROOT;SEASHELLS;10414;3
418000;;SUBMISSION;ASH_COATED_OSMIUM;SEASHELLS;10017;6
418500;;SUBMISSION;ASH_COATED_OSMIUM;SEASHELLS;10001;13
418700;;SUBMISSION;ASH_COATED_OSMIUM;SEASHELLS;10001;13
418900;;SUBMISSION;ASH_COATED_OSMIUM;SEASHELLS;10001;11
419500;;SUBMISSION;INTARIAN_PEPPER_ROOT;SEASHELLS;10424;6
420000;;SUBMISSION;ASH_COATED_OSMIUM;SEASHELLS;10001;14
420100;;SUBMISSION;ASH_COATED_OSMIUM;SEASHELLS;10001;15
420300;;SUBMISSION;ASH_COATED_OSMIUM;SEASHELLS;10001;8
422000;;SUBMISSION;INTARIAN_PEPPER_ROOT;SEASHELLS;10425;4
423300;SUBMISSION;;INTARIAN_PEPPER_ROOT;SEASHELLS;10420;5
425500;SUBMISSION;;INTARIAN_PEPPER_ROOT;SEASHELLS;10422;3
430400;SUBMISSION;;INTARIAN_PEPPER_ROOT;SEASHELLS;10423;5
433200;;SUBMISSION;INTARIAN_PEPPER_ROOT;SEASHELLS;10438;7
433600;;SUBMISSION;INTARIAN_PEPPER_ROOT;SEASHELLS;10441;7
434800;;SUBMISSION;INTARIAN_PEPPER_ROOT;SEASHELLS;10440;4
438600;SUBMISSION;;ASH_COATED_OSMIUM;SEASHELLS;9996;6
439300;SUBMISSION;;ASH_COATED_OSMIUM;SEASHELLS;9993;10
439400;SUBMISSION;;INTARIAN_PEPPER_ROOT;SEASHELLS;10436;6
440600;;SUBMISSION;INTARIAN_PEPPER_ROOT;SEASHELLS;10443;8
441600;SUBMISSION;;INTARIAN_PEPPER_ROOT;SEASHELLS;10443;10
441700;SUBMISSION;;INTARIAN_PEPPER_ROOT;SEASHELLS;10443;4
442400;SUBMISSION;;INTARIAN_PEPPER_ROOT;SEASHELLS;10439;8
443100;;SUBMISSION;ASH_COATED_OSMIUM;SEASHELLS;10002;6
443400;SUBMISSION;;INTARIAN_PEPPER_ROOT;SEASHELLS;10440;6
444100;;SUBMISSION;ASH_COATED_OSMIUM;SEASHELLS;10007;4
447000;;SUBMISSION;ASH_COATED_OSMIUM;SEASHELLS;10008;6
448400;;SUBMISSION;INTARIAN_PEPPER_ROOT;SEASHELLS;10451;6
449800;SUBMISSION;;ASH_COATED_OSMIUM;SEASHELLS;9990;3
450500;SUBMISSION;;ASH_COATED_OSMIUM;SEASHELLS;10000;5
450700;;SUBMISSION;ASH_COATED_OSMIUM;SEASHELLS;10006;6
451200;SUBMISSION;;ASH_COATED_OSMIUM;SEASHELLS;9996;5
452000;;SUBMISSION;ASH_COATED_OSMIUM;SEASHELLS;10005;2
453600;SUBMISSION;;ASH_COATED_OSMIUM;SEASHELLS;9998;7
453900;SUBMISSION;;ASH_COATED_OSMIUM;SEASHELLS;9993;2
454000;SUBMISSION;;INTARIAN_PEPPER_ROOT;SEASHELLS;10450;7
454100;;SUBMISSION;ASH_COATED_OSMIUM;SEASHELLS;10006;6
454200;SUBMISSION;;ASH_COATED_OSMIUM;SEASHELLS;9998;3
454800;SUBMISSION;;ASH_COATED_OSMIUM;SEASHELLS;9994;4
455100;SUBMISSION;;ASH_COATED_OSMIUM;SEASHELLS;9994;7
455800;SUBMISSION;;ASH_COATED_OSMIUM;SEASHELLS;9994;5
457900;SUBMISSION;;INTARIAN_PEPPER_ROOT;SEASHELLS;10453;4
460600;;SUBMISSION;ASH_COATED_OSMIUM;SEASHELLS;10009;6
461000;;SUBMISSION;INTARIAN_PEPPER_ROOT;SEASHELLS;10466;5
461100;;SUBMISSION;ASH_COATED_OSMIUM;SEASHELLS;10004;6
462400;;SUBMISSION;ASH_COATED_OSMIUM;SEASHELLS;10009;6
463200;SUBMISSION;;ASH_COATED_OSMIUM;SEASHELLS;9994;3
463300;SUBMISSION;;ASH_COATED_OSMIUM;SEASHELLS;9999;6
467000;;SUBMISSION;INTARIAN_PEPPER_ROOT;SEASHELLS;10472;6
468800;SUBMISSION;;INTARIAN_PEPPER_ROOT;SEASHELLS;10464;6
469100;SUBMISSION;;INTARIAN_PEPPER_ROOT;SEASHELLS;10464;3
469900;SUBMISSION;;ASH_COATED_OSMIUM;SEASHELLS;9993;2
470300;;SUBMISSION;ASH_COATED_OSMIUM;SEASHELLS;10004;10
472100;SUBMISSION;;ASH_COATED_OSMIUM;SEASHELLS;10000;6
472500;SUBMISSION;;ASH_COATED_OSMIUM;SEASHELLS;9995;5
472900;SUBMISSION;;INTARIAN_PEPPER_ROOT;SEASHELLS;10468;3
473000;;SUBMISSION;ASH_COATED_OSMIUM;SEASHELLS;10009;5
473700;SUBMISSION;;ASH_COATED_OSMIUM;SEASHELLS;10000;7
473700;SUBMISSION;;INTARIAN_PEPPER_ROOT;SEASHELLS;10469;3
475500;;SUBMISSION;INTARIAN_PEPPER_ROOT;SEASHELLS;10480;7
475900;;SUBMISSION;ASH_COATED_OSMIUM;SEASHELLS;10008;5
476700;SUBMISSION;;INTARIAN_PEPPER_ROOT;SEASHELLS;10473;6
477000;SUBMISSION;;ASH_COATED_OSMIUM;SEASHELLS;9999;6
478200;;SUBMISSION;INTARIAN_PEPPER_ROOT;SEASHELLS;10481;6
479000;SUBMISSION;;ASH_COATED_OSMIUM;SEASHELLS;9992;2
479400;SUBMISSION;;ASH_COATED_OSMIUM;SEASHELLS;10000;8
479500;;SUBMISSION;ASH_COATED_OSMIUM;SEASHELLS;10009;4
481100;SUBMISSION;;ASH_COATED_OSMIUM;SEASHELLS;9996;3
481300;;SUBMISSION;INTARIAN_PEPPER_ROOT;SEASHELLS;10489;4
481400;SUBMISSION;;ASH_COATED_OSMIUM;SEASHELLS;9995;6
481600;SUBMISSION;;ASH_COATED_OSMIUM;SEASHELLS;9999;9
481900;;SUBMISSION;INTARIAN_PEPPER_ROOT;SEASHELLS;10485;5
483200;;SUBMISSION;ASH_COATED_OSMIUM;SEASHELLS;10010;3
485200;;SUBMISSION;ASH_COATED_OSMIUM;SEASHELLS;10011;4
486000;SUBMISSION;;ASH_COATED_OSMIUM;SEASHELLS;9993;4
486300;;SUBMISSION;ASH_COATED_OSMIUM;SEASHELLS;10001;9
486800;SUBMISSION;;INTARIAN_PEPPER_ROOT;SEASHELLS;10483;6
487400;;SUBMISSION;INTARIAN_PEPPER_ROOT;SEASHELLS;10492;6
489000;SUBMISSION;;ASH_COATED_OSMIUM;SEASHELLS;9999;4
489400;SUBMISSION;;ASH_COATED_OSMIUM;SEASHELLS;9994;5
489600;SUBMISSION;;INTARIAN_PEPPER_ROOT;SEASHELLS;10486;6
491100;;SUBMISSION;ASH_COATED_OSMIUM;SEASHELLS;10002;2
491600;SUBMISSION;;ASH_COATED_OSMIUM;SEASHELLS;9993;10
493600;SUBMISSION;;ASH_COATED_OSMIUM;SEASHELLS;9987;3
493700;SUBMISSION;;ASH_COATED_OSMIUM;SEASHELLS;9995;5
493900;SUBMISSION;;INTARIAN_PEPPER_ROOT;SEASHELLS;10490;6
495400;;SUBMISSION;ASH_COATED_OSMIUM;SEASHELLS;10004;3
496700;SUBMISSION;;ASH_COATED_OSMIUM;SEASHELLS;9989;3
497300;SUBMISSION;;ASH_COATED_OSMIUM;SEASHELLS;9992;4
497300;SUBMISSION;;ASH_COATED_OSMIUM;SEASHELLS;9996;5
498400;SUBMISSION;;ASH_COATED_OSMIUM;SEASHELLS;9986;4
499600;SUBMISSION;;INTARIAN_PEPPER_ROOT;SEASHELLS;10496;6
499700;;SUBMISSION;INTARIAN_PEPPER_ROOT;SEASHELLS;10502;3
502300;SUBMISSION;;INTARIAN_PEPPER_ROOT;SEASHELLS;10498;3
503000;;SUBMISSION;INTARIAN_PEPPER_ROOT;SEASHELLS;10506;4
503900;SUBMISSION;;ASH_COATED_OSMIUM;SEASHELLS;10000;6
504200;SUBMISSION;;ASH_COATED_OSMIUM;SEASHELLS;9987;6
504700;SUBMISSION;;ASH_COATED_OSMIUM;SEASHELLS;9991;10
505500;;SUBMISSION;INTARIAN_PEPPER_ROOT;SEASHELLS;10510;5
506600;SUBMISSION;;ASH_COATED_OSMIUM;SEASHELLS;9985;7
507600;;SUBMISSION;INTARIAN_PEPPER_ROOT;SEASHELLS;10512;3
508100;;SUBMISSION;INTARIAN_PEPPER_ROOT;SEASHELLS;10511;6
509400;SUBMISSION;;INTARIAN_PEPPER_ROOT;SEASHELLS;10506;4
509500;SUBMISSION;;INTARIAN_PEPPER_ROOT;SEASHELLS;10505;5
511400;SUBMISSION;;INTARIAN_PEPPER_ROOT;SEASHELLS;10508;3
512000;SUBMISSION;;INTARIAN_PEPPER_ROOT;SEASHELLS;10507;3
512600;SUBMISSION;;ASH_COATED_OSMIUM;SEASHELLS;9993;2
513300;SUBMISSION;;ASH_COATED_OSMIUM;SEASHELLS;9989;8
513900;SUBMISSION;;ASH_COATED_OSMIUM;SEASHELLS;9999;12
514000;SUBMISSION;;ASH_COATED_OSMIUM;SEASHELLS;9999;15
514600;SUBMISSION;;ASH_COATED_OSMIUM;SEASHELLS;9999;10
514700;SUBMISSION;;INTARIAN_PEPPER_ROOT;SEASHELLS;10510;7
514800;SUBMISSION;;ASH_COATED_OSMIUM;SEASHELLS;9999;10
520500;;SUBMISSION;INTARIAN_PEPPER_ROOT;SEASHELLS;10515;10
522100;;SUBMISSION;INTARIAN_PEPPER_ROOT;SEASHELLS;10519;8
522200;SUBMISSION;;INTARIAN_PEPPER_ROOT;SEASHELLS;10517;6
526400;;SUBMISSION;ASH_COATED_OSMIUM;SEASHELLS;10005;4
526900;SUBMISSION;;ASH_COATED_OSMIUM;SEASHELLS;9987;4
528000;SUBMISSION;;INTARIAN_PEPPER_ROOT;SEASHELLS;10524;4
528400;;SUBMISSION;ASH_COATED_OSMIUM;SEASHELLS;10001;6
529500;SUBMISSION;;ASH_COATED_OSMIUM;SEASHELLS;9988;6
530100;;SUBMISSION;INTARIAN_PEPPER_ROOT;SEASHELLS;10533;6
530500;;SUBMISSION;ASH_COATED_OSMIUM;SEASHELLS;10002;4
531300;SUBMISSION;;ASH_COATED_OSMIUM;SEASHELLS;9996;2
531300;SUBMISSION;;ASH_COATED_OSMIUM;SEASHELLS;9988;2
532900;;SUBMISSION;ASH_COATED_OSMIUM;SEASHELLS;10001;4
533500;SUBMISSION;;INTARIAN_PEPPER_ROOT;SEASHELLS;10529;7
533700;SUBMISSION;;ASH_COATED_OSMIUM;SEASHELLS;9995;2
533800;SUBMISSION;;ASH_COATED_OSMIUM;SEASHELLS;9995;2
533800;;SUBMISSION;INTARIAN_PEPPER_ROOT;SEASHELLS;10539;6
535700;SUBMISSION;;INTARIAN_PEPPER_ROOT;SEASHELLS;10532;5
537900;;SUBMISSION;INTARIAN_PEPPER_ROOT;SEASHELLS;10539;6
539300;;SUBMISSION;ASH_COATED_OSMIUM;SEASHELLS;10002;8
540000;SUBMISSION;;ASH_COATED_OSMIUM;SEASHELLS;9999;8
545000;;SUBMISSION;INTARIAN_PEPPER_ROOT;SEASHELLS;10550;7
545400;SUBMISSION;;INTARIAN_PEPPER_ROOT;SEASHELLS;10542;4
546600;SUBMISSION;;INTARIAN_PEPPER_ROOT;SEASHELLS;10543;5
546800;;SUBMISSION;INTARIAN_PEPPER_ROOT;SEASHELLS;10552;7
547100;SUBMISSION;;INTARIAN_PEPPER_ROOT;SEASHELLS;10543;5
547700;;SUBMISSION;INTARIAN_PEPPER_ROOT;SEASHELLS;10552;7
549400;;SUBMISSION;INTARIAN_PEPPER_ROOT;SEASHELLS;10552;4
549600;;SUBMISSION;INTARIAN_PEPPER_ROOT;SEASHELLS;10552;3
550400;;SUBMISSION;INTARIAN_PEPPER_ROOT;SEASHELLS;10558;7
556300;SUBMISSION;;INTARIAN_PEPPER_ROOT;SEASHELLS;10553;8
557400;;SUBMISSION;INTARIAN_PEPPER_ROOT;SEASHELLS;10560;5
560900;;SUBMISSION;INTARIAN_PEPPER_ROOT;SEASHELLS;10566;7
568500;SUBMISSION;;INTARIAN_PEPPER_ROOT;SEASHELLS;10565;5
570300;SUBMISSION;;INTARIAN_PEPPER_ROOT;SEASHELLS;10566;4
571800;;SUBMISSION;INTARIAN_PEPPER_ROOT;SEASHELLS;10574;3
572800;;SUBMISSION;INTARIAN_PEPPER_ROOT;SEASHELLS;10575;5
572900;SUBMISSION;;INTARIAN_PEPPER_ROOT;SEASHELLS;10569;4
573700;SUBMISSION;;INTARIAN_PEPPER_ROOT;SEASHELLS;10570;7
573900;;SUBMISSION;ASH_COATED_OSMIUM;SEASHELLS;10006;5
574400;;SUBMISSION;INTARIAN_PEPPER_ROOT;SEASHELLS;10577;6
574500;;SUBMISSION;ASH_COATED_OSMIUM;SEASHELLS;10006;6
575500;SUBMISSION;;INTARIAN_PEPPER_ROOT;SEASHELLS;10572;3
575600;SUBMISSION;;INTARIAN_PEPPER_ROOT;SEASHELLS;10571;5
578700;SUBMISSION;;ASH_COATED_OSMIUM;SEASHELLS;9994;4
580900;SUBMISSION;;ASH_COATED_OSMIUM;SEASHELLS;9999;5
582200;SUBMISSION;;ASH_COATED_OSMIUM;SEASHELLS;9992;2
582400;;SUBMISSION;INTARIAN_PEPPER_ROOT;SEASHELLS;10585;7
583100;;SUBMISSION;INTARIAN_PEPPER_ROOT;SEASHELLS;10588;5
585300;SUBMISSION;;INTARIAN_PEPPER_ROOT;SEASHELLS;10581;7
586900;SUBMISSION;;INTARIAN_PEPPER_ROOT;SEASHELLS;10582;6
590600;;SUBMISSION;INTARIAN_PEPPER_ROOT;SEASHELLS;10595;5
592200;;SUBMISSION;INTARIAN_PEPPER_ROOT;SEASHELLS;10595;7
593300;SUBMISSION;;INTARIAN_PEPPER_ROOT;SEASHELLS;10589;3
595300;SUBMISSION;;INTARIAN_PEPPER_ROOT;SEASHELLS;10592;7
597300;;SUBMISSION;INTARIAN_PEPPER_ROOT;SEASHELLS;10602;3
597400;SUBMISSION;;INTARIAN_PEPPER_ROOT;SEASHELLS;10594;5
597600;SUBMISSION;;INTARIAN_PEPPER_ROOT;SEASHELLS;10593;4
598700;SUBMISSION;;INTARIAN_PEPPER_ROOT;SEASHELLS;10595;5
601400;SUBMISSION;;INTARIAN_PEPPER_ROOT;SEASHELLS;10597;6
601700;;SUBMISSION;INTARIAN_PEPPER_ROOT;SEASHELLS;10609;3
609200;;SUBMISSION;INTARIAN_PEPPER_ROOT;SEASHELLS;10617;3
609700;;SUBMISSION;INTARIAN_PEPPER_ROOT;SEASHELLS;10612;8
610400;;SUBMISSION;INTARIAN_PEPPER_ROOT;SEASHELLS;10613;7
611200;SUBMISSION;;INTARIAN_PEPPER_ROOT;SEASHELLS;10608;4
612200;;SUBMISSION;ASH_COATED_OSMIUM;SEASHELLS;10003;3
612600;SUBMISSION;;INTARIAN_PEPPER_ROOT;SEASHELLS;10605;5
613000;;SUBMISSION;INTARIAN_PEPPER_ROOT;SEASHELLS;10620;3
613900;;SUBMISSION;INTARIAN_PEPPER_ROOT;SEASHELLS;10619;5
614100;SUBMISSION;;INTARIAN_PEPPER_ROOT;SEASHELLS;10610;8
614900;SUBMISSION;;INTARIAN_PEPPER_ROOT;SEASHELLS;10611;5
615400;SUBMISSION;;INTARIAN_PEPPER_ROOT;SEASHELLS;10611;5
616600;SUBMISSION;;ASH_COATED_OSMIUM;SEASHELLS;9992;3
617700;;SUBMISSION;INTARIAN_PEPPER_ROOT;SEASHELLS;10615;10
622700;;SUBMISSION;INTARIAN_PEPPER_ROOT;SEASHELLS;10625;4
623800;;SUBMISSION;ASH_COATED_OSMIUM;SEASHELLS;10002;5
624100;SUBMISSION;;ASH_COATED_OSMIUM;SEASHELLS;9988;4
624700;;SUBMISSION;ASH_COATED_OSMIUM;SEASHELLS;10003;4
625500;SUBMISSION;;ASH_COATED_OSMIUM;SEASHELLS;9997;2
625500;;SUBMISSION;INTARIAN_PEPPER_ROOT;SEASHELLS;10630;3
627200;SUBMISSION;;ASH_COATED_OSMIUM;SEASHELLS;9994;3
628000;SUBMISSION;;INTARIAN_PEPPER_ROOT;SEASHELLS;10624;4
628300;SUBMISSION;;INTARIAN_PEPPER_ROOT;SEASHELLS;10623;5
628400;SUBMISSION;;INTARIAN_PEPPER_ROOT;SEASHELLS;10621;6
628700;;SUBMISSION;INTARIAN_PEPPER_ROOT;SEASHELLS;10631;5
631400;;SUBMISSION;INTARIAN_PEPPER_ROOT;SEASHELLS;10636;4
633700;SUBMISSION;;INTARIAN_PEPPER_ROOT;SEASHELLS;10630;4
635000;;SUBMISSION;ASH_COATED_OSMIUM;SEASHELLS;10006;9
636400;;SUBMISSION;INTARIAN_PEPPER_ROOT;SEASHELLS;10641;3
637400;SUBMISSION;;ASH_COATED_OSMIUM;SEASHELLS;9990;2
638000;SUBMISSION;;ASH_COATED_OSMIUM;SEASHELLS;9988;7
639200;SUBMISSION;;INTARIAN_PEPPER_ROOT;SEASHELLS;10632;3
640000;;SUBMISSION;INTARIAN_PEPPER_ROOT;SEASHELLS;10634;8
640400;;SUBMISSION;INTARIAN_PEPPER_ROOT;SEASHELLS;10643;8
640500;;SUBMISSION;INTARIAN_PEPPER_ROOT;SEASHELLS;10645;7
643100;SUBMISSION;;INTARIAN_PEPPER_ROOT;SEASHELLS;10639;4
644300;;SUBMISSION;ASH_COATED_OSMIUM;SEASHELLS;10003;2
644600;SUBMISSION;;INTARIAN_PEPPER_ROOT;SEASHELLS;10640;6
645700;SUBMISSION;;ASH_COATED_OSMIUM;SEASHELLS;9994;2
647300;;SUBMISSION;INTARIAN_PEPPER_ROOT;SEASHELLS;10650;8
648100;;SUBMISSION;ASH_COATED_OSMIUM;SEASHELLS;10005;3
648300;SUBMISSION;;ASH_COATED_OSMIUM;SEASHELLS;9989;3
648800;;SUBMISSION;ASH_COATED_OSMIUM;SEASHELLS;10004;5
649200;;SUBMISSION;ASH_COATED_OSMIUM;SEASHELLS;10004;4
650300;SUBMISSION;;INTARIAN_PEPPER_ROOT;SEASHELLS;10645;7
650400;;SUBMISSION;INTARIAN_PEPPER_ROOT;SEASHELLS;10653;3
651500;;SUBMISSION;INTARIAN_PEPPER_ROOT;SEASHELLS;10654;8
652900;;SUBMISSION;INTARIAN_PEPPER_ROOT;SEASHELLS;10658;3
653100;;SUBMISSION;ASH_COATED_OSMIUM;SEASHELLS;10003;4
654100;SUBMISSION;;INTARIAN_PEPPER_ROOT;SEASHELLS;10647;4
654200;;SUBMISSION;INTARIAN_PEPPER_ROOT;SEASHELLS;10659;3
655100;SUBMISSION;;ASH_COATED_OSMIUM;SEASHELLS;9998;4
655800;SUBMISSION;;INTARIAN_PEPPER_ROOT;SEASHELLS;10652;7
656400;SUBMISSION;;ASH_COATED_OSMIUM;SEASHELLS;9999;3
656500;SUBMISSION;;ASH_COATED_OSMIUM;SEASHELLS;9991;6
658600;;SUBMISSION;ASH_COATED_OSMIUM;SEASHELLS;10005;2
659500;SUBMISSION;;ASH_COATED_OSMIUM;SEASHELLS;9989;2
659600;;SUBMISSION;ASH_COATED_OSMIUM;SEASHELLS;10000;6
659700;;SUBMISSION;ASH_COATED_OSMIUM;SEASHELLS;10006;5
660600;;SUBMISSION;ASH_COATED_OSMIUM;SEASHELLS;10005;2
661300;;SUBMISSION;ASH_COATED_OSMIUM;SEASHELLS;10000;10
662300;;SUBMISSION;ASH_COATED_OSMIUM;SEASHELLS;10004;3
662300;;SUBMISSION;INTARIAN_PEPPER_ROOT;SEASHELLS;10665;3
662300;;SUBMISSION;INTARIAN_PEPPER_ROOT;SEASHELLS;10667;4
662600;SUBMISSION;;INTARIAN_PEPPER_ROOT;SEASHELLS;10659;3
662700;SUBMISSION;;ASH_COATED_OSMIUM;SEASHELLS;9999;2
663400;SUBMISSION;;INTARIAN_PEPPER_ROOT;SEASHELLS;10665;7
664800;SUBMISSION;;ASH_COATED_OSMIUM;SEASHELLS;9989;4
665000;SUBMISSION;;ASH_COATED_OSMIUM;SEASHELLS;9993;8
665100;SUBMISSION;;ASH_COATED_OSMIUM;SEASHELLS;9994;5
669500;;SUBMISSION;INTARIAN_PEPPER_ROOT;SEASHELLS;10674;6
669700;;SUBMISSION;ASH_COATED_OSMIUM;SEASHELLS;10004;10
671100;SUBMISSION;;ASH_COATED_OSMIUM;SEASHELLS;9998;4
671300;SUBMISSION;;INTARIAN_PEPPER_ROOT;SEASHELLS;10668;5
671700;SUBMISSION;;INTARIAN_PEPPER_ROOT;SEASHELLS;10667;7
671900;SUBMISSION;;ASH_COATED_OSMIUM;SEASHELLS;9985;3
672900;SUBMISSION;;ASH_COATED_OSMIUM;SEASHELLS;9994;5
673600;SUBMISSION;;ASH_COATED_OSMIUM;SEASHELLS;9993;5
674700;;SUBMISSION;ASH_COATED_OSMIUM;SEASHELLS;10002;5
675600;SUBMISSION;;INTARIAN_PEPPER_ROOT;SEASHELLS;10672;8
677900;SUBMISSION;;ASH_COATED_OSMIUM;SEASHELLS;9998;2
679200;SUBMISSION;;ASH_COATED_OSMIUM;SEASHELLS;9997;3
680000;;SUBMISSION;ASH_COATED_OSMIUM;SEASHELLS;10003;6
680700;SUBMISSION;;ASH_COATED_OSMIUM;SEASHELLS;9998;5
681300;;SUBMISSION;INTARIAN_PEPPER_ROOT;SEASHELLS;10679;7
683700;SUBMISSION;;INTARIAN_PEPPER_ROOT;SEASHELLS;10680;6
684100;SUBMISSION;;INTARIAN_PEPPER_ROOT;SEASHELLS;10680;4
685000;SUBMISSION;;ASH_COATED_OSMIUM;SEASHELLS;9999;1
687000;;SUBMISSION;ASH_COATED_OSMIUM;SEASHELLS;10004;8
687800;;SUBMISSION;INTARIAN_PEPPER_ROOT;SEASHELLS;10691;5
687900;SUBMISSION;;ASH_COATED_OSMIUM;SEASHELLS;9991;4
688100;;SUBMISSION;INTARIAN_PEPPER_ROOT;SEASHELLS;10696;3
689200;;SUBMISSION;ASH_COATED_OSMIUM;SEASHELLS;10000;7
689900;SUBMISSION;;ASH_COATED_OSMIUM;SEASHELLS;9997;9
692200;SUBMISSION;;INTARIAN_PEPPER_ROOT;SEASHELLS;10688;5
692800;SUBMISSION;;INTARIAN_PEPPER_ROOT;SEASHELLS;10689;6
693200;SUBMISSION;;INTARIAN_PEPPER_ROOT;SEASHELLS;10689;5
694200;SUBMISSION;;ASH_COATED_OSMIUM;SEASHELLS;9993;2
698300;;SUBMISSION;INTARIAN_PEPPER_ROOT;SEASHELLS;10703;3
701400;;SUBMISSION;INTARIAN_PEPPER_ROOT;SEASHELLS;10706;3
702700;SUBMISSION;;INTARIAN_PEPPER_ROOT;SEASHELLS;10699;6
703900;SUBMISSION;;INTARIAN_PEPPER_ROOT;SEASHELLS;10699;3
706600;;SUBMISSION;ASH_COATED_OSMIUM;SEASHELLS;10010;9
706800;SUBMISSION;;ASH_COATED_OSMIUM;SEASHELLS;9998;9
709300;;SUBMISSION;INTARIAN_PEPPER_ROOT;SEASHELLS;10714;5
710500;;SUBMISSION;ASH_COATED_OSMIUM;SEASHELLS;10007;6
711700;SUBMISSION;;INTARIAN_PEPPER_ROOT;SEASHELLS;10707;7
712400;SUBMISSION;;ASH_COATED_OSMIUM;SEASHELLS;9992;5
713000;;SUBMISSION;INTARIAN_PEPPER_ROOT;SEASHELLS;10718;6
713700;SUBMISSION;;ASH_COATED_OSMIUM;SEASHELLS;9991;1
714000;;SUBMISSION;ASH_COATED_OSMIUM;SEASHELLS;10003;7
714500;SUBMISSION;;ASH_COATED_OSMIUM;SEASHELLS;9994;7
714900;;SUBMISSION;INTARIAN_PEPPER_ROOT;SEASHELLS;10712;7
717100;SUBMISSION;;INTARIAN_PEPPER_ROOT;SEASHELLS;10713;6
718100;SUBMISSION;;INTARIAN_PEPPER_ROOT;SEASHELLS;10713;3
719800;SUBMISSION;;INTARIAN_PEPPER_ROOT;SEASHELLS;10715;7
720300;;SUBMISSION;INTARIAN_PEPPER_ROOT;SEASHELLS;10723;3
720400;;SUBMISSION;INTARIAN_PEPPER_ROOT;SEASHELLS;10723;8
721600;;SUBMISSION;ASH_COATED_OSMIUM;SEASHELLS;10005;5
721600;SUBMISSION;;INTARIAN_PEPPER_ROOT;SEASHELLS;10718;3
721900;SUBMISSION;;INTARIAN_PEPPER_ROOT;SEASHELLS;10717;6
722100;SUBMISSION;;ASH_COATED_OSMIUM;SEASHELLS;9999;2
722300;SUBMISSION;;ASH_COATED_OSMIUM;SEASHELLS;9995;3
722800;;SUBMISSION;ASH_COATED_OSMIUM;SEASHELLS;10008;2
723600;SUBMISSION;;ASH_COATED_OSMIUM;SEASHELLS;9992;2
724100;SUBMISSION;;INTARIAN_PEPPER_ROOT;SEASHELLS;10720;8
724400;;SUBMISSION;INTARIAN_PEPPER_ROOT;SEASHELLS;10722;8
727300;;SUBMISSION;ASH_COATED_OSMIUM;SEASHELLS;10002;9
727600;;SUBMISSION;INTARIAN_PEPPER_ROOT;SEASHELLS;10732;6
728900;;SUBMISSION;INTARIAN_PEPPER_ROOT;SEASHELLS;10734;4
729700;;SUBMISSION;ASH_COATED_OSMIUM;SEASHELLS;10007;4
731100;SUBMISSION;;ASH_COATED_OSMIUM;SEASHELLS;9989;3
734800;SUBMISSION;;ASH_COATED_OSMIUM;SEASHELLS;9999;4
735400;SUBMISSION;;ASH_COATED_OSMIUM;SEASHELLS;9990;6
738200;SUBMISSION;;INTARIAN_PEPPER_ROOT;SEASHELLS;10733;5
740000;;SUBMISSION;INTARIAN_PEPPER_ROOT;SEASHELLS;10743;4
740900;;SUBMISSION;INTARIAN_PEPPER_ROOT;SEASHELLS;10744;3
742500;SUBMISSION;;INTARIAN_PEPPER_ROOT;SEASHELLS;10738;4
742800;;SUBMISSION;ASH_COATED_OSMIUM;SEASHELLS;10000;7
742800;;SUBMISSION;INTARIAN_PEPPER_ROOT;SEASHELLS;10748;3
745000;SUBMISSION;;INTARIAN_PEPPER_ROOT;SEASHELLS;10740;3
745600;;SUBMISSION;ASH_COATED_OSMIUM;SEASHELLS;10005;2
746700;SUBMISSION;;ASH_COATED_OSMIUM;SEASHELLS;9999;5
748600;SUBMISSION;;INTARIAN_PEPPER_ROOT;SEASHELLS;10744;4
748900;SUBMISSION;;ASH_COATED_OSMIUM;SEASHELLS;9998;4
749100;SUBMISSION;;INTARIAN_PEPPER_ROOT;SEASHELLS;10744;6
749600;;SUBMISSION;INTARIAN_PEPPER_ROOT;SEASHELLS;10744;12
750500;SUBMISSION;;INTARIAN_PEPPER_ROOT;SEASHELLS;10747;3
752600;;SUBMISSION;ASH_COATED_OSMIUM;SEASHELLS;10002;6
752900;SUBMISSION;;ASH_COATED_OSMIUM;SEASHELLS;9989;3
753100;;SUBMISSION;ASH_COATED_OSMIUM;SEASHELLS;10004;7
753400;;SUBMISSION;ASH_COATED_OSMIUM;SEASHELLS;10003;2
756700;;SUBMISSION;ASH_COATED_OSMIUM;SEASHELLS;10003;6
756700;;SUBMISSION;ASH_COATED_OSMIUM;SEASHELLS;10003;7
757600;;SUBMISSION;INTARIAN_PEPPER_ROOT;SEASHELLS;10760;7
758900;SUBMISSION;;ASH_COATED_OSMIUM;SEASHELLS;9998;2
759000;SUBMISSION;;ASH_COATED_OSMIUM;SEASHELLS;9994;10
759200;;SUBMISSION;ASH_COATED_OSMIUM;SEASHELLS;10004;2
759300;SUBMISSION;;ASH_COATED_OSMIUM;SEASHELLS;9990;5
759800;SUBMISSION;;ASH_COATED_OSMIUM;SEASHELLS;9998;3
760600;;SUBMISSION;ASH_COATED_OSMIUM;SEASHELLS;10004;5
760700;SUBMISSION;;ASH_COATED_OSMIUM;SEASHELLS;9998;3
761500;SUBMISSION;;INTARIAN_PEPPER_ROOT;SEASHELLS;10758;8
762000;SUBMISSION;;ASH_COATED_OSMIUM;SEASHELLS;9998;2
762200;;SUBMISSION;ASH_COATED_OSMIUM;SEASHELLS;10004;2
763400;SUBMISSION;;ASH_COATED_OSMIUM;SEASHELLS;9990;2
763600;SUBMISSION;;ASH_COATED_OSMIUM;SEASHELLS;9998;4
764600;SUBMISSION;;ASH_COATED_OSMIUM;SEASHELLS;9997;3
765200;;SUBMISSION;ASH_COATED_OSMIUM;SEASHELLS;10002;5
765500;;SUBMISSION;INTARIAN_PEPPER_ROOT;SEASHELLS;10763;8
765600;;SUBMISSION;INTARIAN_PEPPER_ROOT;SEASHELLS;10768;4
767800;SUBMISSION;;INTARIAN_PEPPER_ROOT;SEASHELLS;10763;6
768500;;SUBMISSION;ASH_COATED_OSMIUM;SEASHELLS;10003;9
770400;SUBMISSION;;INTARIAN_PEPPER_ROOT;SEASHELLS;10767;3
771100;;SUBMISSION;INTARIAN_PEPPER_ROOT;SEASHELLS;10774;6
771700;SUBMISSION;;ASH_COATED_OSMIUM;SEASHELLS;9999;3
773100;;SUBMISSION;ASH_COATED_OSMIUM;SEASHELLS;10004;6
773800;SUBMISSION;;ASH_COATED_OSMIUM;SEASHELLS;9999;3
774200;SUBMISSION;;ASH_COATED_OSMIUM;SEASHELLS;9991;4
774300;SUBMISSION;;ASH_COATED_OSMIUM;SEASHELLS;9999;2
775300;;SUBMISSION;ASH_COATED_OSMIUM;SEASHELLS;10004;5
776000;SUBMISSION;;ASH_COATED_OSMIUM;SEASHELLS;9999;3
776400;SUBMISSION;;ASH_COATED_OSMIUM;SEASHELLS;9991;2
776700;SUBMISSION;;ASH_COATED_OSMIUM;SEASHELLS;9990;6
777000;;SUBMISSION;ASH_COATED_OSMIUM;SEASHELLS;10007;6
777000;SUBMISSION;;INTARIAN_PEPPER_ROOT;SEASHELLS;10772;6
778200;SUBMISSION;;ASH_COATED_OSMIUM;SEASHELLS;9999;4
778300;;SUBMISSION;INTARIAN_PEPPER_ROOT;SEASHELLS;10783;6
778400;SUBMISSION;;ASH_COATED_OSMIUM;SEASHELLS;9995;3
779200;SUBMISSION;;INTARIAN_PEPPER_ROOT;SEASHELLS;10775;7
780400;SUBMISSION;;INTARIAN_PEPPER_ROOT;SEASHELLS;10777;7
781700;SUBMISSION;;ASH_COATED_OSMIUM;SEASHELLS;9997;1
782000;;SUBMISSION;INTARIAN_PEPPER_ROOT;SEASHELLS;10787;3
783900;SUBMISSION;;INTARIAN_PEPPER_ROOT;SEASHELLS;10779;3
784100;;SUBMISSION;INTARIAN_PEPPER_ROOT;SEASHELLS;10785;4
787900;;SUBMISSION;INTARIAN_PEPPER_ROOT;SEASHELLS;10793;5
788400;;SUBMISSION;ASH_COATED_OSMIUM;SEASHELLS;10002;5
789700;;SUBMISSION;INTARIAN_PEPPER_ROOT;SEASHELLS;10795;6
790200;SUBMISSION;;ASH_COATED_OSMIUM;SEASHELLS;9989;3
790600;SUBMISSION;;INTARIAN_PEPPER_ROOT;SEASHELLS;10787;4
791700;SUBMISSION;;ASH_COATED_OSMIUM;SEASHELLS;9988;2
792100;;SUBMISSION;INTARIAN_PEPPER_ROOT;SEASHELLS;10795;4
792800;;SUBMISSION;ASH_COATED_OSMIUM;SEASHELLS;10004;7
793800;SUBMISSION;;ASH_COATED_OSMIUM;SEASHELLS;9996;4
794200;SUBMISSION;;INTARIAN_PEPPER_ROOT;SEASHELLS;10789;5
794700;SUBMISSION;;INTARIAN_PEPPER_ROOT;SEASHELLS;10791;4
795100;SUBMISSION;;ASH_COATED_OSMIUM;SEASHELLS;9988;3
795100;;SUBMISSION;INTARIAN_PEPPER_ROOT;SEASHELLS;10798;7
795300;;SUBMISSION;INTARIAN_PEPPER_ROOT;SEASHELLS;10798;7
795500;SUBMISSION;;INTARIAN_PEPPER_ROOT;SEASHELLS;10788;4
795700;;SUBMISSION;INTARIAN_PEPPER_ROOT;SEASHELLS;10798;3
795900;SUBMISSION;;INTARIAN_PEPPER_ROOT;SEASHELLS;10791;3
796600;SUBMISSION;;INTARIAN_PEPPER_ROOT;SEASHELLS;10793;6
797900;;SUBMISSION;INTARIAN_PEPPER_ROOT;SEASHELLS;10805;6
799400;SUBMISSION;;INTARIAN_PEPPER_ROOT;SEASHELLS;10796;6
799600;;SUBMISSION;ASH_COATED_OSMIUM;SEASHELLS;10005;7
800000;SUBMISSION;;INTARIAN_PEPPER_ROOT;SEASHELLS;10795;4
800100;SUBMISSION;;ASH_COATED_OSMIUM;SEASHELLS;9997;3
800100;SUBMISSION;;ASH_COATED_OSMIUM;SEASHELLS;9989;3
800500;SUBMISSION;;ASH_COATED_OSMIUM;SEASHELLS;9997;1
801600;SUBMISSION;;INTARIAN_PEPPER_ROOT;SEASHELLS;10797;5
802500;;SUBMISSION;INTARIAN_PEPPER_ROOT;SEASHELLS;10805;7
804600;;SUBMISSION;INTARIAN_PEPPER_ROOT;SEASHELLS;10810;5
804900;;SUBMISSION;ASH_COATED_OSMIUM;SEASHELLS;10002;5
805100;;SUBMISSION;INTARIAN_PEPPER_ROOT;SEASHELLS;10808;4
806700;;SUBMISSION;INTARIAN_PEPPER_ROOT;SEASHELLS;10809;8
809500;SUBMISSION;;ASH_COATED_OSMIUM;SEASHELLS;9999;5
809500;;SUBMISSION;INTARIAN_PEPPER_ROOT;SEASHELLS;10814;7
809600;;SUBMISSION;INTARIAN_PEPPER_ROOT;SEASHELLS;10812;7
811000;;SUBMISSION;INTARIAN_PEPPER_ROOT;SEASHELLS;10814;3
814300;;SUBMISSION;ASH_COATED_OSMIUM;SEASHELLS;10001;3
815300;SUBMISSION;;ASH_COATED_OSMIUM;SEASHELLS;9993;3
822000;SUBMISSION;;INTARIAN_PEPPER_ROOT;SEASHELLS;10814;3
822700;;SUBMISSION;ASH_COATED_OSMIUM;SEASHELLS;10004;7
822900;SUBMISSION;;ASH_COATED_OSMIUM;SEASHELLS;9998;5
823600;SUBMISSION;;ASH_COATED_OSMIUM;SEASHELLS;9998;2
824500;SUBMISSION;;INTARIAN_PEPPER_ROOT;SEASHELLS;10826;11
826500;SUBMISSION;;INTARIAN_PEPPER_ROOT;SEASHELLS;10822;7
826900;;SUBMISSION;INTARIAN_PEPPER_ROOT;SEASHELLS;10830;7
831800;;SUBMISSION;ASH_COATED_OSMIUM;SEASHELLS;10010;2
832300;;SUBMISSION;ASH_COATED_OSMIUM;SEASHELLS;10009;4
832500;;SUBMISSION;INTARIAN_PEPPER_ROOT;SEASHELLS;10837;3
833300;SUBMISSION;;ASH_COATED_OSMIUM;SEASHELLS;9997;6
833400;;SUBMISSION;ASH_COATED_OSMIUM;SEASHELLS;10001;4
834300;;SUBMISSION;ASH_COATED_OSMIUM;SEASHELLS;10010;5
834900;;SUBMISSION;ASH_COATED_OSMIUM;SEASHELLS;10000;4
835200;;SUBMISSION;ASH_COATED_OSMIUM;SEASHELLS;10010;2
835400;SUBMISSION;;INTARIAN_PEPPER_ROOT;SEASHELLS;10830;3
835900;SUBMISSION;;INTARIAN_PEPPER_ROOT;SEASHELLS;10832;5
836900;SUBMISSION;;ASH_COATED_OSMIUM;SEASHELLS;9996;5
837000;;SUBMISSION;ASH_COATED_OSMIUM;SEASHELLS;10013;4
839400;SUBMISSION;;ASH_COATED_OSMIUM;SEASHELLS;9999;8
839600;;SUBMISSION;INTARIAN_PEPPER_ROOT;SEASHELLS;10845;5
840000;;SUBMISSION;ASH_COATED_OSMIUM;SEASHELLS;10009;5
840000;SUBMISSION;;INTARIAN_PEPPER_ROOT;SEASHELLS;10835;6
840200;;SUBMISSION;INTARIAN_PEPPER_ROOT;SEASHELLS;10845;4
840300;;SUBMISSION;ASH_COATED_OSMIUM;SEASHELLS;10001;4
840600;SUBMISSION;;INTARIAN_PEPPER_ROOT;SEASHELLS;10836;6
841100;SUBMISSION;;ASH_COATED_OSMIUM;SEASHELLS;9996;5
841200;;SUBMISSION;INTARIAN_PEPPER_ROOT;SEASHELLS;10849;4
841700;;SUBMISSION;INTARIAN_PEPPER_ROOT;SEASHELLS;10847;7
842200;SUBMISSION;;ASH_COATED_OSMIUM;SEASHELLS;9997;5
842400;;SUBMISSION;INTARIAN_PEPPER_ROOT;SEASHELLS;10845;6
843000;SUBMISSION;;INTARIAN_PEPPER_ROOT;SEASHELLS;10839;7
844400;SUBMISSION;;INTARIAN_PEPPER_ROOT;SEASHELLS;10841;8
844700;SUBMISSION;;INTARIAN_PEPPER_ROOT;SEASHELLS;10840;6
844800;;SUBMISSION;ASH_COATED_OSMIUM;SEASHELLS;10005;6
845400;;SUBMISSION;ASH_COATED_OSMIUM;SEASHELLS;10005;4
845800;SUBMISSION;;INTARIAN_PEPPER_ROOT;SEASHELLS;10838;4
846200;;SUBMISSION;ASH_COATED_OSMIUM;SEASHELLS;10005;8
846300;;SUBMISSION;ASH_COATED_OSMIUM;SEASHELLS;10010;5
847200;;SUBMISSION;INTARIAN_PEPPER_ROOT;SEASHELLS;10850;3
847900;;SUBMISSION;ASH_COATED_OSMIUM;SEASHELLS;10003;4
850000;SUBMISSION;;ASH_COATED_OSMIUM;SEASHELLS;9997;10
850600;SUBMISSION;;ASH_COATED_OSMIUM;SEASHELLS;9993;3
851000;;SUBMISSION;ASH_COATED_OSMIUM;SEASHELLS;10000;3
851200;;SUBMISSION;ASH_COATED_OSMIUM;SEASHELLS;10010;6
851500;;SUBMISSION;ASH_COATED_OSMIUM;SEASHELLS;10001;4
853300;SUBMISSION;;INTARIAN_PEPPER_ROOT;SEASHELLS;10850;7
853400;SUBMISSION;;ASH_COATED_OSMIUM;SEASHELLS;9994;4
856000;;SUBMISSION;ASH_COATED_OSMIUM;SEASHELLS;10005;8
857100;;SUBMISSION;ASH_COATED_OSMIUM;SEASHELLS;10000;5
857400;;SUBMISSION;ASH_COATED_OSMIUM;SEASHELLS;10004;9
858400;SUBMISSION;;ASH_COATED_OSMIUM;SEASHELLS;9994;5
858600;SUBMISSION;;ASH_COATED_OSMIUM;SEASHELLS;9994;5
858600;SUBMISSION;;ASH_COATED_OSMIUM;SEASHELLS;9994;5
861200;;SUBMISSION;INTARIAN_PEPPER_ROOT;SEASHELLS;10864;8
862500;;SUBMISSION;INTARIAN_PEPPER_ROOT;SEASHELLS;10860;8
864600;SUBMISSION;;INTARIAN_PEPPER_ROOT;SEASHELLS;10860;5
867100;;SUBMISSION;ASH_COATED_OSMIUM;SEASHELLS;10002;4
867300;SUBMISSION;;ASH_COATED_OSMIUM;SEASHELLS;9998;8
867400;;SUBMISSION;ASH_COATED_OSMIUM;SEASHELLS;10002;5
868000;SUBMISSION;;INTARIAN_PEPPER_ROOT;SEASHELLS;10864;3
869200;;SUBMISSION;INTARIAN_PEPPER_ROOT;SEASHELLS;10877;4
870000;SUBMISSION;;INTARIAN_PEPPER_ROOT;SEASHELLS;10866;5
870700;;SUBMISSION;ASH_COATED_OSMIUM;SEASHELLS;10005;10
872800;;SUBMISSION;INTARIAN_PEPPER_ROOT;SEASHELLS;10876;8
873100;;SUBMISSION;ASH_COATED_OSMIUM;SEASHELLS;10002;5
873800;;SUBMISSION;ASH_COATED_OSMIUM;SEASHELLS;10001;4
874400;;SUBMISSION;ASH_COATED_OSMIUM;SEASHELLS;10002;5
875400;;SUBMISSION;INTARIAN_PEPPER_ROOT;SEASHELLS;10880;6
876400;;SUBMISSION;ASH_COATED_OSMIUM;SEASHELLS;10012;2
876600;;SUBMISSION;INTARIAN_PEPPER_ROOT;SEASHELLS;10879;8
877900;;SUBMISSION;ASH_COATED_OSMIUM;SEASHELLS;10002;5
878100;;SUBMISSION;ASH_COATED_OSMIUM;SEASHELLS;10011;4
878500;;SUBMISSION;ASH_COATED_OSMIUM;SEASHELLS;10006;4
878700;;SUBMISSION;ASH_COATED_OSMIUM;SEASHELLS;10002;3
878900;;SUBMISSION;ASH_COATED_OSMIUM;SEASHELLS;10001;3
883900;SUBMISSION;;INTARIAN_PEPPER_ROOT;SEASHELLS;10876;5
886900;SUBMISSION;;INTARIAN_PEPPER_ROOT;SEASHELLS;10883;8
887000;SUBMISSION;;ASH_COATED_OSMIUM;SEASHELLS;9997;6
888400;;SUBMISSION;INTARIAN_PEPPER_ROOT;SEASHELLS;10891;3
888900;;SUBMISSION;INTARIAN_PEPPER_ROOT;SEASHELLS;10894;3
891300;;SUBMISSION;ASH_COATED_OSMIUM;SEASHELLS;10007;10
892800;;SUBMISSION;ASH_COATED_OSMIUM;SEASHELLS;10007;5
893700;;SUBMISSION;INTARIAN_PEPPER_ROOT;SEASHELLS;10899;5
894100;;SUBMISSION;INTARIAN_PEPPER_ROOT;SEASHELLS;10899;6
895700;;SUBMISSION;ASH_COATED_OSMIUM;SEASHELLS;10009;4
895800;SUBMISSION;;INTARIAN_PEPPER_ROOT;SEASHELLS;10892;5
896800;SUBMISSION;;INTARIAN_PEPPER_ROOT;SEASHELLS;10892;3
897600;;SUBMISSION;ASH_COATED_OSMIUM;SEASHELLS;10004;8
898300;;SUBMISSION;INTARIAN_PEPPER_ROOT;SEASHELLS;10901;8
898400;SUBMISSION;;ASH_COATED_OSMIUM;SEASHELLS;9996;9
898600;;SUBMISSION;ASH_COATED_OSMIUM;SEASHELLS;10002;3
899300;;SUBMISSION;INTARIAN_PEPPER_ROOT;SEASHELLS;10904;3
899500;;SUBMISSION;ASH_COATED_OSMIUM;SEASHELLS;10001;2
900500;;SUBMISSION;ASH_COATED_OSMIUM;SEASHELLS;10001;4
900700;SUBMISSION;;INTARIAN_PEPPER_ROOT;SEASHELLS;10902;5
901700;SUBMISSION;;ASH_COATED_OSMIUM;SEASHELLS;9994;3
902500;SUBMISSION;;ASH_COATED_OSMIUM;SEASHELLS;9995;4
902700;SUBMISSION;;ASH_COATED_OSMIUM;SEASHELLS;9996;3
903300;SUBMISSION;;INTARIAN_PEPPER_ROOT;SEASHELLS;10896;6
903500;SUBMISSION;;ASH_COATED_OSMIUM;SEASHELLS;9995;5
904100;;SUBMISSION;INTARIAN_PEPPER_ROOT;SEASHELLS;10909;5
905100;SUBMISSION;;INTARIAN_PEPPER_ROOT;SEASHELLS;10900;3
905700;SUBMISSION;;INTARIAN_PEPPER_ROOT;SEASHELLS;10901;7
905800;SUBMISSION;;ASH_COATED_OSMIUM;SEASHELLS;9996;2
906100;;SUBMISSION;ASH_COATED_OSMIUM;SEASHELLS;10009;6
907500;;SUBMISSION;INTARIAN_PEPPER_ROOT;SEASHELLS;10912;4
908000;;SUBMISSION;INTARIAN_PEPPER_ROOT;SEASHELLS;10911;7
910200;SUBMISSION;;INTARIAN_PEPPER_ROOT;SEASHELLS;10906;6
910600;SUBMISSION;;ASH_COATED_OSMIUM;SEASHELLS;9995;7
911400;SUBMISSION;;INTARIAN_PEPPER_ROOT;SEASHELLS;10908;6
912900;;SUBMISSION;INTARIAN_PEPPER_ROOT;SEASHELLS;10916;8
914300;SUBMISSION;;ASH_COATED_OSMIUM;SEASHELLS;9994;4
914800;;SUBMISSION;INTARIAN_PEPPER_ROOT;SEASHELLS;10918;4
915400;SUBMISSION;;INTARIAN_PEPPER_ROOT;SEASHELLS;10908;5
916800;;SUBMISSION;INTARIAN_PEPPER_ROOT;SEASHELLS;10920;6
917400;SUBMISSION;;ASH_COATED_OSMIUM;SEASHELLS;9995;5
917800;;SUBMISSION;INTARIAN_PEPPER_ROOT;SEASHELLS;10921;5
918500;;SUBMISSION;ASH_COATED_OSMIUM;SEASHELLS;10000;3
920500;;SUBMISSION;ASH_COATED_OSMIUM;SEASHELLS;10001;5
923300;;SUBMISSION;ASH_COATED_OSMIUM;SEASHELLS;10005;3
923900;;SUBMISSION;INTARIAN_PEPPER_ROOT;SEASHELLS;10929;7
924300;SUBMISSION;;INTARIAN_PEPPER_ROOT;SEASHELLS;10919;6
924500;SUBMISSION;;INTARIAN_PEPPER_ROOT;SEASHELLS;10921;5
924600;SUBMISSION;;ASH_COATED_OSMIUM;SEASHELLS;9997;3
926300;;SUBMISSION;ASH_COATED_OSMIUM;SEASHELLS;10007;5
926400;;SUBMISSION;ASH_COATED_OSMIUM;SEASHELLS;10003;4
927700;SUBMISSION;;INTARIAN_PEPPER_ROOT;SEASHELLS;10929;8
928000;;SUBMISSION;ASH_COATED_OSMIUM;SEASHELLS;10002;4
929200;SUBMISSION;;INTARIAN_PEPPER_ROOT;SEASHELLS;10924;5
931300;;SUBMISSION;ASH_COATED_OSMIUM;SEASHELLS;10012;8
931900;;SUBMISSION;INTARIAN_PEPPER_ROOT;SEASHELLS;10935;5
932200;SUBMISSION;;INTARIAN_PEPPER_ROOT;SEASHELLS;10928;8
932300;SUBMISSION;;INTARIAN_PEPPER_ROOT;SEASHELLS;10927;3
932500;SUBMISSION;;ASH_COATED_OSMIUM;SEASHELLS;9996;8
933000;;SUBMISSION;ASH_COATED_OSMIUM;SEASHELLS;10002;5
933500;;SUBMISSION;ASH_COATED_OSMIUM;SEASHELLS;10012;9
933700;;SUBMISSION;ASH_COATED_OSMIUM;SEASHELLS;10011;6
933700;;SUBMISSION;INTARIAN_PEPPER_ROOT;SEASHELLS;10936;6
934000;SUBMISSION;;INTARIAN_PEPPER_ROOT;SEASHELLS;10929;5
934800;SUBMISSION;;INTARIAN_PEPPER_ROOT;SEASHELLS;10931;8
935600;;SUBMISSION;INTARIAN_PEPPER_ROOT;SEASHELLS;10938;3
935700;;SUBMISSION;ASH_COATED_OSMIUM;SEASHELLS;10003;2
936100;SUBMISSION;;ASH_COATED_OSMIUM;SEASHELLS;9996;4
936500;;SUBMISSION;ASH_COATED_OSMIUM;SEASHELLS;10003;3
940400;;SUBMISSION;ASH_COATED_OSMIUM;SEASHELLS;10004;2
941600;;SUBMISSION;ASH_COATED_OSMIUM;SEASHELLS;10003;4
941700;;SUBMISSION;INTARIAN_PEPPER_ROOT;SEASHELLS;10947;6
942600;SUBMISSION;;INTARIAN_PEPPER_ROOT;SEASHELLS;10938;6
943600;;SUBMISSION;ASH_COATED_OSMIUM;SEASHELLS;10004;3
943900;SUBMISSION;;ASH_COATED_OSMIUM;SEASHELLS;9999;5
944100;;SUBMISSION;INTARIAN_PEPPER_ROOT;SEASHELLS;10947;6
944700;SUBMISSION;;INTARIAN_PEPPER_ROOT;SEASHELLS;10941;3
944800;;SUBMISSION;ASH_COATED_OSMIUM;SEASHELLS;10004;5
945100;;SUBMISSION;ASH_COATED_OSMIUM;SEASHELLS;10003;2
945200;SUBMISSION;;INTARIAN_PEPPER_ROOT;SEASHELLS;10941;6
946000;SUBMISSION;;ASH_COATED_OSMIUM;SEASHELLS;9999;5
946800;;SUBMISSION;ASH_COATED_OSMIUM;SEASHELLS;10003;3
947400;;SUBMISSION;ASH_COATED_OSMIUM;SEASHELLS;10003;3
948700;;SUBMISSION;ASH_COATED_OSMIUM;SEASHELLS;10001;4
949300;;SUBMISSION;ASH_COATED_OSMIUM;SEASHELLS;10001;4
951300;SUBMISSION;;ASH_COATED_OSMIUM;SEASHELLS;9996;6
952500;SUBMISSION;;INTARIAN_PEPPER_ROOT;SEASHELLS;10949;8
954500;SUBMISSION;;ASH_COATED_OSMIUM;SEASHELLS;9999;4
956100;;SUBMISSION;ASH_COATED_OSMIUM;SEASHELLS;10009;6
956800;SUBMISSION;;ASH_COATED_OSMIUM;SEASHELLS;9999;2
957200;SUBMISSION;;INTARIAN_PEPPER_ROOT;SEASHELLS;10952;7
957300;SUBMISSION;;INTARIAN_PEPPER_ROOT;SEASHELLS;10952;3
957400;;SUBMISSION;ASH_COATED_OSMIUM;SEASHELLS;10005;4
957500;;SUBMISSION;INTARIAN_PEPPER_ROOT;SEASHELLS;10952;9
959400;;SUBMISSION;ASH_COATED_OSMIUM;SEASHELLS;10005;4
960200;SUBMISSION;;ASH_COATED_OSMIUM;SEASHELLS;9990;6
963200;;SUBMISSION;ASH_COATED_OSMIUM;SEASHELLS;10004;6
965000;SUBMISSION;;ASH_COATED_OSMIUM;SEASHELLS;9997;4
965400;;SUBMISSION;INTARIAN_PEPPER_ROOT;SEASHELLS;10970;6
965600;SUBMISSION;;INTARIAN_PEPPER_ROOT;SEASHELLS;10961;5
965900;;SUBMISSION;INTARIAN_PEPPER_ROOT;SEASHELLS;10971;3
966000;SUBMISSION;;ASH_COATED_OSMIUM;SEASHELLS;9988;6
967000;;SUBMISSION;ASH_COATED_OSMIUM;SEASHELLS;10003;8
967300;SUBMISSION;;ASH_COATED_OSMIUM;SEASHELLS;9998;2
968000;SUBMISSION;;ASH_COATED_OSMIUM;SEASHELLS;9998;2
968800;;SUBMISSION;INTARIAN_PEPPER_ROOT;SEASHELLS;10972;8
973400;SUBMISSION;;ASH_COATED_OSMIUM;SEASHELLS;9987;8
974900;SUBMISSION;;ASH_COATED_OSMIUM;SEASHELLS;9987;6
975900;SUBMISSION;;INTARIAN_PEPPER_ROOT;SEASHELLS;10972;7
976500;SUBMISSION;;ASH_COATED_OSMIUM;SEASHELLS;9986;6
977200;SUBMISSION;;ASH_COATED_OSMIUM;SEASHELLS;10000;14
977400;SUBMISSION;;ASH_COATED_OSMIUM;SEASHELLS;10000;14
977500;SUBMISSION;;ASH_COATED_OSMIUM;SEASHELLS;10000;5
978100;SUBMISSION;;ASH_COATED_OSMIUM;SEASHELLS;9994;3
978400;SUBMISSION;;ASH_COATED_OSMIUM;SEASHELLS;9990;10
978600;SUBMISSION;;INTARIAN_PEPPER_ROOT;SEASHELLS;10975;7
978800;SUBMISSION;;ASH_COATED_OSMIUM;SEASHELLS;9999;13
978900;SUBMISSION;;ASH_COATED_OSMIUM;SEASHELLS;9989;7
979000;SUBMISSION;;ASH_COATED_OSMIUM;SEASHELLS;9999;12
979100;SUBMISSION;;ASH_COATED_OSMIUM;SEASHELLS;9998;10
979200;SUBMISSION;;ASH_COATED_OSMIUM;SEASHELLS;9998;12
979300;SUBMISSION;;ASH_COATED_OSMIUM;SEASHELLS;9998;12
979400;SUBMISSION;;ASH_COATED_OSMIUM;SEASHELLS;9998;1
981900;;SUBMISSION;INTARIAN_PEPPER_ROOT;SEASHELLS;10985;3
982600;SUBMISSION;;INTARIAN_PEPPER_ROOT;SEASHELLS;10975;7
985200;;SUBMISSION;INTARIAN_PEPPER_ROOT;SEASHELLS;10993;4
989100;SUBMISSION;;INTARIAN_PEPPER_ROOT;SEASHELLS;10981;6
994200;;SUBMISSION;ASH_COATED_OSMIUM;SEASHELLS;10001;2
994600;SUBMISSION;;ASH_COATED_OSMIUM;SEASHELLS;9991;2
996000;;SUBMISSION;INTARIAN_PEPPER_ROOT;SEASHELLS;10993;8
997500;SUBMISSION;;INTARIAN_PEPPER_ROOT;SEASHELLS;10993;7
