timestamp;buyer;seller;symbol;currency;price;quantity
3400;SUBMISSION;;VELVETFRUIT_EXTRACT;SEASHELLS;5247;19
3600;SUBMISSION;;VELVETFRUIT_EXTRACT;SEASHELLS;5246;16
3800;SUBMISSION;;VELVETFRUIT_EXTRACT;SEASHELLS;5243;11
3900;SUBMISSION;;VELVETFRUIT_EXTRACT;SEASHELLS;5246;55
4000;SUBMISSION;;VELVETFRUIT_EXTRACT;SEASHELLS;5245;52
4100;SUBMISSION;;VELVETFRUIT_EXTRACT;SEASHELLS;5244;19
4100;SUBMISSION;;VELVETFRUIT_EXTRACT;SEASHELLS;5245;28
8000;;SUBMISSION;HYDROGEL_PACK;SEASHELLS;10017;6
9000;SUBMISSION;;VEV_4000;SEASHELLS;1227;2
10100;;SUBMISSION;HYDROGEL_PACK;SEASHELLS;10013;5
11100;;SUBMISSION;VEV_4000;SEASHELLS;1241;1
15300;;SUBMISSION;HYDROGEL_PACK;SEASHELLS;10025;3
15400;SUBMISSION;;VEV_4000;SEASHELLS;1237;3
18600;;SUBMISSION;VEV_4000;SEASHELLS;1242;3
24100;SUBMISSION;;HYDROGEL_PACK;SEASHELLS;9995;5
24400;SUBMISSION;;VEV_4000;SEASHELLS;1230;1
28400;SUBMISSION;;HYDROGEL_PACK;SEASHELLS;9995;14
28500;SUBMISSION;;HYDROGEL_PACK;SEASHELLS;9994;10
28600;SUBMISSION;;HYDROGEL_PACK;SEASHELLS;9991;12
28600;SUBMISSION;;HYDROGEL_PACK;SEASHELLS;9994;29
28700;SUBMISSION;;HYDROGEL_PACK;SEASHELLS;9992;13
28700;SUBMISSION;;HYDROGEL_PACK;SEASHELLS;9995;24
28800;SUBMISSION;;HYDROGEL_PACK;SEASHELLS;9991;10
28800;SUBMISSION;;HYDROGEL_PACK;SEASHELLS;9994;20
28900;SUBMISSION;;HYDROGEL_PACK;SEASHELLS;9988;14
28900;SUBMISSION;;HYDROGEL_PACK;SEASHELLS;9991;22
29000;SUBMISSION;;HYDROGEL_PACK;SEASHELLS;9989;15
29000;SUBMISSION;;HYDROGEL_PACK;SEASHELLS;9992;24
29100;SUBMISSION;;HYDROGEL_PACK;SEASHELLS;9989;2
41500;;SUBMISSION;VEV_4000;SEASHELLS;1237;1
57500;;SUBMISSION;VELVETFRUIT_EXTRACT;SEASHELLS;5245;4
57900;SUBMISSION;;VEV_4000;SEASHELLS;1237;1
61900;;SUBMISSION;VELVETFRUIT_EXTRACT;SEASHELLS;5241;5
62400;SUBMISSION;;VEV_4000;SEASHELLS;1234;2
64400;SUBMISSION;;VELVETFRUIT_EXTRACT;SEASHELLS;5237;9
75300;;SUBMISSION;VEV_4000;SEASHELLS;1248;3
75500;;SUBMISSION;VELVETFRUIT_EXTRACT;SEASHELLS;5242;6
76300;;SUBMISSION;VELVETFRUIT_EXTRACT;SEASHELLS;5246;8
79000;SUBMISSION;;VEV_4000;SEASHELLS;1240;2
79800;;SUBMISSION;VEV_4000;SEASHELLS;1255;1
79900;;SUBMISSION;VEV_4000;SEASHELLS;1256;2
81700;;SUBMISSION;VEV_4000;SEASHELLS;1259;1
85300;;SUBMISSION;VELVETFRUIT_EXTRACT;SEASHELLS;5244;6
85800;SUBMISSION;;VELVETFRUIT_EXTRACT;SEASHELLS;5239;4
86300;;SUBMISSION;VELVETFRUIT_EXTRACT;SEASHELLS;5243;7
86800;;SUBMISSION;VELVETFRUIT_EXTRACT;SEASHELLS;5244;6
87800;SUBMISSION;;VELVETFRUIT_EXTRACT;SEASHELLS;5238;21
87800;SUBMISSION;;VELVETFRUIT_EXTRACT;SEASHELLS;5239;8
88000;;SUBMISSION;VEV_4000;SEASHELLS;1242;1
98200;;SUBMISSION;VEV_4000;SEASHELLS;1241;3
99100;;SUBMISSION;VEV_4000;SEASHELLS;1246;1
101800;;SUBMISSION;VELVETFRUIT_EXTRACT;SEASHELLS;5240;4
102000;SUBMISSION;;VELVETFRUIT_EXTRACT;SEASHELLS;5236;4
109300;SUBMISSION;;VEV_4000;SEASHELLS;1221;1
113700;SUBMISSION;;VEV_5100;SEASHELLS;149;10
113700;SUBMISSION;;VEV_5100;SEASHELLS;150;15
113900;SUBMISSION;;VEV_5100;SEASHELLS;149;10
113900;SUBMISSION;;VEV_5100;SEASHELLS;150;14
114000;SUBMISSION;;VEV_5100;SEASHELLS;149;10
114000;SUBMISSION;;VEV_5100;SEASHELLS;150;18
115500;SUBMISSION;;VEV_5100;SEASHELLS;148;6
115500;SUBMISSION;;VEV_5100;SEASHELLS;149;14
115500;SUBMISSION;;VEV_5200;SEASHELLS;83;20
115500;SUBMISSION;;VEV_5400;SEASHELLS;17;22
115600;SUBMISSION;;VEV_5100;SEASHELLS;149;27
115600;SUBMISSION;;VEV_5200;SEASHELLS;83;27
115600;SUBMISSION;;VEV_5400;SEASHELLS;17;24
115700;SUBMISSION;;VEV_5100;SEASHELLS;148;8
115700;SUBMISSION;;VEV_5100;SEASHELLS;149;21
115700;SUBMISSION;;VEV_5200;SEASHELLS;83;29
115700;SUBMISSION;;VEV_5400;SEASHELLS;17;28
115800;SUBMISSION;;VEV_5100;SEASHELLS;148;20
115800;SUBMISSION;;VEV_5200;SEASHELLS;82;20
115800;SUBMISSION;;VEV_5400;SEASHELLS;17;18
115900;SUBMISSION;;VEV_4000;SEASHELLS;1226;8
115900;SUBMISSION;;VEV_4000;SEASHELLS;1229;22
115900;SUBMISSION;;VEV_4500;SEASHELLS;724;11
115900;SUBMISSION;;VEV_4500;SEASHELLS;726;19
115900;SUBMISSION;;VEV_5000;SEASHELLS;229;11
115900;SUBMISSION;;VEV_5000;SEASHELLS;230;19
115900;SUBMISSION;;VEV_5100;SEASHELLS;147;30
115900;SUBMISSION;;VEV_5200;SEASHELLS;82;30
115900;SUBMISSION;;VEV_5400;SEASHELLS;16;8
115900;SUBMISSION;;VEV_5400;SEASHELLS;17;11
116000;SUBMISSION;;VEV_4000;SEASHELLS;1227;8
116000;SUBMISSION;;VEV_4000;SEASHELLS;1229;22
116000;SUBMISSION;;VEV_4000;SEASHELLS;1211;1
116000;SUBMISSION;;VEV_4500;SEASHELLS;724;6
116000;SUBMISSION;;VEV_4500;SEASHELLS;726;21
116000;SUBMISSION;;VEV_5000;SEASHELLS;229;6
116000;SUBMISSION;;VEV_5000;SEASHELLS;230;21
116000;SUBMISSION;;VEV_5100;SEASHELLS;147;6
116000;SUBMISSION;;VEV_5100;SEASHELLS;148;21
116000;SUBMISSION;;VEV_5200;SEASHELLS;82;27
116000;SUBMISSION;;VEV_5400;SEASHELLS;17;25
116100;SUBMISSION;;VEV_5100;SEASHELLS;148;19
116100;SUBMISSION;;VEV_5200;SEASHELLS;82;19
116100;SUBMISSION;;VEV_5400;SEASHELLS;17;21
116200;SUBMISSION;;VEV_5100;SEASHELLS;148;24
116200;SUBMISSION;;VEV_5200;SEASHELLS;82;24
116200;SUBMISSION;;VEV_5400;SEASHELLS;17;20
116300;SUBMISSION;;VEV_5100;SEASHELLS;148;22
116300;SUBMISSION;;VEV_5200;SEASHELLS;82;22
116300;SUBMISSION;;VEV_5400;SEASHELLS;17;17
116400;SUBMISSION;;VEV_5200;SEASHELLS;83;25
116400;SUBMISSION;;VEV_5400;SEASHELLS;17;28
116500;SUBMISSION;;VEV_5200;SEASHELLS;82;24
116500;SUBMISSION;;VEV_5400;SEASHELLS;17;15
116600;SUBMISSION;;VEV_4000;SEASHELLS;1227;11
116600;SUBMISSION;;VEV_4000;SEASHELLS;1229;19
116600;SUBMISSION;;VEV_4500;SEASHELLS;724;12
116600;SUBMISSION;;VEV_4500;SEASHELLS;726;18
116600;SUBMISSION;;VEV_5000;SEASHELLS;229;12
116600;SUBMISSION;;VEV_5000;SEASHELLS;230;18
116600;SUBMISSION;;VEV_5200;SEASHELLS;82;28
116600;SUBMISSION;;VEV_5400;SEASHELLS;16;9
116600;SUBMISSION;;VEV_5400;SEASHELLS;17;14
116700;SUBMISSION;;VEV_5400;SEASHELLS;17;25
116800;SUBMISSION;;VEV_5400;SEASHELLS;17;10
121500;;SUBMISSION;VEV_4000;SEASHELLS;1228;2
122600;;SUBMISSION;VEV_4000;SEASHELLS;1237;2
127700;;SUBMISSION;VELVETFRUIT_EXTRACT;SEASHELLS;5240;8
130400;;SUBMISSION;VEV_4000;SEASHELLS;1245;2
130800;SUBMISSION;;VEV_4000;SEASHELLS;1233;1
134400;SUBMISSION;;VEV_4000;SEASHELLS;1236;2
136700;;SUBMISSION;VELVETFRUIT_EXTRACT;SEASHELLS;5238;3
137400;SUBMISSION;;VELVETFRUIT_EXTRACT;SEASHELLS;5234;11
140500;;SUBMISSION;VEV_4000;SEASHELLS;1234;3
148500;;SUBMISSION;VEV_4000;SEASHELLS;1231;3
150500;SUBMISSION;;VEV_4000;SEASHELLS;1225;2
152200;;SUBMISSION;VELVETFRUIT_EXTRACT;SEASHELLS;5236;3
152400;SUBMISSION;;VELVETFRUIT_EXTRACT;SEASHELLS;5232;3
155200;;SUBMISSION;HYDROGEL_PACK;SEASHELLS;9990;5
155600;;SUBMISSION;VEV_4000;SEASHELLS;1248;2
156600;;SUBMISSION;VELVETFRUIT_EXTRACT;SEASHELLS;5243;4
159000;;SUBMISSION;VELVETFRUIT_EXTRACT;SEASHELLS;5248;6
159300;SUBMISSION;;HYDROGEL_PACK;SEASHELLS;9970;2
162300;SUBMISSION;;HYDROGEL_PACK;SEASHELLS;9970;3
162500;SUBMISSION;;VEV_4000;SEASHELLS;1247;1
163200;;SUBMISSION;VEV_5100;SEASHELLS;172;30
163300;;SUBMISSION;VEV_5100;SEASHELLS;173;11
163300;;SUBMISSION;VEV_5100;SEASHELLS;172;17
163400;;SUBMISSION;VEV_5100;SEASHELLS;173;21
163400;;SUBMISSION;VEV_5500;SEASHELLS;9;24
166000;SUBMISSION;;VEV_4000;SEASHELLS;1244;2
169400;;SUBMISSION;VELVETFRUIT_EXTRACT;SEASHELLS;5252;6
169800;;SUBMISSION;VEV_5100;SEASHELLS;173;7
169800;;SUBMISSION;VEV_5100;SEASHELLS;172;14
170000;;SUBMISSION;VEV_5100;SEASHELLS;173;11
170000;;SUBMISSION;VEV_5100;SEASHELLS;172;15
170700;;SUBMISSION;VELVETFRUIT_EXTRACT;SEASHELLS;5249;24
171500;;SUBMISSION;HYDROGEL_PACK;SEASHELLS;9981;5
172800;;SUBMISSION;VELVETFRUIT_EXTRACT;SEASHELLS;5251;3
173000;SUBMISSION;;HYDROGEL_PACK;SEASHELLS;9969;5
173200;;SUBMISSION;VELVETFRUIT_EXTRACT;SEASHELLS;5252;5
178800;SUBMISSION;;VELVETFRUIT_EXTRACT;SEASHELLS;5238;5
179100;;SUBMISSION;VELVETFRUIT_EXTRACT;SEASHELLS;5239;25
179500;SUBMISSION;;VELVETFRUIT_EXTRACT;SEASHELLS;5237;3
181900;;SUBMISSION;HYDROGEL_PACK;SEASHELLS;9979;3
184400;SUBMISSION;;VELVETFRUIT_EXTRACT;SEASHELLS;5237;12
184800;SUBMISSION;;HYDROGEL_PACK;SEASHELLS;9966;3
188500;SUBMISSION;;VELVETFRUIT_EXTRACT;SEASHELLS;5235;22
188500;SUBMISSION;;VELVETFRUIT_EXTRACT;SEASHELLS;5236;31
190500;SUBMISSION;;VEV_4000;SEASHELLS;1229;2
198200;SUBMISSION;;VEV_5300;SEASHELLS;42;4
203900;;SUBMISSION;HYDROGEL_PACK;SEASHELLS;9977;6
206200;;SUBMISSION;HYDROGEL_PACK;SEASHELLS;9982;5
206700;SUBMISSION;;HYDROGEL_PACK;SEASHELLS;9963;5
207200;SUBMISSION;;HYDROGEL_PACK;SEASHELLS;9963;4
207600;;SUBMISSION;HYDROGEL_PACK;SEASHELLS;9979;6
209000;;SUBMISSION;HYDROGEL_PACK;SEASHELLS;9988;5
210700;;SUBMISSION;VELVETFRUIT_EXTRACT;SEASHELLS;5237;6
211300;SUBMISSION;;VELVETFRUIT_EXTRACT;SEASHELLS;5228;5
211300;SUBMISSION;;VELVETFRUIT_EXTRACT;SEASHELLS;5231;1
212100;;SUBMISSION;VEV_4000;SEASHELLS;1229;2
212900;SUBMISSION;;VEV_4000;SEASHELLS;1221;2
212900;SUBMISSION;;VEV_4000;SEASHELLS;1231;7
212900;SUBMISSION;;VEV_4000;SEASHELLS;1234;17
213000;SUBMISSION;;VEV_4000;SEASHELLS;1214;1
215700;;SUBMISSION;VEV_4000;SEASHELLS;1228;3
218800;;SUBMISSION;HYDROGEL_PACK;SEASHELLS;9985;4
219600;SUBMISSION;;VEV_4000;SEASHELLS;1221;2
220100;SUBMISSION;;VEV_5200;SEASHELLS;84;4
222700;;SUBMISSION;HYDROGEL_PACK;SEASHELLS;10001;6
222700;SUBMISSION;;VEV_4000;SEASHELLS;1222;1
225900;;SUBMISSION;VELVETFRUIT_EXTRACT;SEASHELLS;5234;5
227000;SUBMISSION;;VEV_4000;SEASHELLS;1228;3
227300;SUBMISSION;;VELVETFRUIT_EXTRACT;SEASHELLS;5231;5
227800;;SUBMISSION;VELVETFRUIT_EXTRACT;SEASHELLS;5238;6
229700;;SUBMISSION;VELVETFRUIT_EXTRACT;SEASHELLS;5236;7
230000;SUBMISSION;;VEV_5500;SEASHELLS;7;1
231000;;SUBMISSION;VELVETFRUIT_EXTRACT;SEASHELLS;5234;24
231000;;SUBMISSION;VELVETFRUIT_EXTRACT;SEASHELLS;5234;6
231900;SUBMISSION;;VEV_4000;SEASHELLS;1232;2
235100;SUBMISSION;;VEV_5300;SEASHELLS;46;1
235900;SUBMISSION;;VELVETFRUIT_EXTRACT;SEASHELLS;5232;8
237100;SUBMISSION;;VELVETFRUIT_EXTRACT;SEASHELLS;5231;35
237800;;SUBMISSION;VEV_4000;SEASHELLS;1236;3
240700;SUBMISSION;;HYDROGEL_PACK;SEASHELLS;9964;4
242100;;SUBMISSION;VELVETFRUIT_EXTRACT;SEASHELLS;5236;3
243200;;SUBMISSION;VEV_4000;SEASHELLS;1244;3
244000;SUBMISSION;;VEV_4000;SEASHELLS;1235;3
246000;SUBMISSION;;VEV_4000;SEASHELLS;1240;3
247200;SUBMISSION;;HYDROGEL_PACK;SEASHELLS;9970;15
247200;SUBMISSION;;VEV_4000;SEASHELLS;1238;3
247300;SUBMISSION;;HYDROGEL_PACK;SEASHELLS;9970;4
251800;;SUBMISSION;VELVETFRUIT_EXTRACT;SEASHELLS;5248;4
253100;SUBMISSION;;VEV_4000;SEASHELLS;1243;2
256100;;SUBMISSION;VELVETFRUIT_EXTRACT;SEASHELLS;5242;4
257100;;SUBMISSION;VELVETFRUIT_EXTRACT;SEASHELLS;5244;7
259300;SUBMISSION;;VELVETFRUIT_EXTRACT;SEASHELLS;5234;15
260100;;SUBMISSION;HYDROGEL_PACK;SEASHELLS;9998;2
260200;SUBMISSION;;VELVETFRUIT_EXTRACT;SEASHELLS;5236;3
261500;;SUBMISSION;HYDROGEL_PACK;SEASHELLS;10008;5
262300;SUBMISSION;;VEV_4000;SEASHELLS;1239;3
266500;;SUBMISSION;VEV_4000;SEASHELLS;1252;2
271900;;SUBMISSION;VEV_4000;SEASHELLS;1248;2
273500;;SUBMISSION;HYDROGEL_PACK;SEASHELLS;9994;4
273500;SUBMISSION;;VEV_4000;SEASHELLS;1242;3
273700;;SUBMISSION;VELVETFRUIT_EXTRACT;SEASHELLS;5250;3
275700;;SUBMISSION;VEV_4000;SEASHELLS;1254;3
277200;;SUBMISSION;VELVETFRUIT_EXTRACT;SEASHELLS;5253;6
278200;;SUBMISSION;HYDROGEL_PACK;SEASHELLS;9996;5
280000;;SUBMISSION;HYDROGEL_PACK;SEASHELLS;9990;3
280600;SUBMISSION;;VELVETFRUIT_EXTRACT;SEASHELLS;5239;8
281300;;SUBMISSION;VELVETFRUIT_EXTRACT;SEASHELLS;5241;8
281500;SUBMISSION;;HYDROGEL_PACK;SEASHELLS;9974;5
281700;SUBMISSION;;VEV_4000;SEASHELLS;1237;3
282600;;SUBMISSION;VELVETFRUIT_EXTRACT;SEASHELLS;5242;7
283400;SUBMISSION;;VELVETFRUIT_EXTRACT;SEASHELLS;5238;16
283800;;SUBMISSION;HYDROGEL_PACK;SEASHELLS;9989;2
286800;;SUBMISSION;VEV_4000;SEASHELLS;1240;3
287700;;SUBMISSION;HYDROGEL_PACK;SEASHELLS;9983;3
289500;;SUBMISSION;VELVETFRUIT_EXTRACT;SEASHELLS;5249;7
290800;;SUBMISSION;HYDROGEL_PACK;SEASHELLS;9997;5
291200;SUBMISSION;;VELVETFRUIT_EXTRACT;SEASHELLS;5238;7
292400;;SUBMISSION;VELVETFRUIT_EXTRACT;SEASHELLS;5244;6
294900;;SUBMISSION;HYDROGEL_PACK;SEASHELLS;10005;6
296600;SUBMISSION;;VEV_4000;SEASHELLS;1244;3
297800;;SUBMISSION;VELVETFRUIT_EXTRACT;SEASHELLS;5250;5
298900;;SUBMISSION;VEV_5100;SEASHELLS;174;10
298900;;SUBMISSION;VEV_5100;SEASHELLS;173;20
298900;;SUBMISSION;VEV_5200;SEASHELLS;102;30
299000;;SUBMISSION;VEV_5100;SEASHELLS;173;30
299000;;SUBMISSION;VEV_5200;SEASHELLS;102;11
299000;;SUBMISSION;VEV_5200;SEASHELLS;101;19
299200;;SUBMISSION;VEV_5100;SEASHELLS;174;11
299200;;SUBMISSION;VEV_5100;SEASHELLS;173;14
299200;;SUBMISSION;VEV_5200;SEASHELLS;102;11
299200;;SUBMISSION;VEV_5200;SEASHELLS;101;14
299300;;SUBMISSION;VEV_5100;SEASHELLS;174;25
299300;;SUBMISSION;VEV_5200;SEASHELLS;102;25
299400;;SUBMISSION;VEV_5100;SEASHELLS;174;6
299400;;SUBMISSION;VEV_5100;SEASHELLS;173;24
299400;;SUBMISSION;VEV_5200;SEASHELLS;102;6
299400;;SUBMISSION;VEV_5200;SEASHELLS;101;24
299500;;SUBMISSION;VEV_5100;SEASHELLS;173;20
299500;;SUBMISSION;VEV_5200;SEASHELLS;102;6
299500;;SUBMISSION;VEV_5200;SEASHELLS;101;14
299600;;SUBMISSION;VEV_5100;SEASHELLS;174;7
299600;;SUBMISSION;VEV_5100;SEASHELLS;173;15
299600;;SUBMISSION;VEV_5200;SEASHELLS;102;7
299600;;SUBMISSION;VEV_5200;SEASHELLS;101;15
299700;;SUBMISSION;VEV_5100;SEASHELLS;174;12
299700;;SUBMISSION;VEV_5100;SEASHELLS;173;13
299700;;SUBMISSION;VEV_5200;SEASHELLS;102;12
299700;;SUBMISSION;VEV_5200;SEASHELLS;101;13
299900;;SUBMISSION;VEV_5100;SEASHELLS;174;10
299900;;SUBMISSION;VEV_5100;SEASHELLS;173;13
299900;;SUBMISSION;VEV_5200;SEASHELLS;102;10
299900;;SUBMISSION;VEV_5200;SEASHELLS;101;13
300000;;SUBMISSION;VEV_5100;SEASHELLS;174;21
300000;;SUBMISSION;VEV_5200;SEASHELLS;102;21
300100;;SUBMISSION;VEV_5100;SEASHELLS;174;20
300100;;SUBMISSION;VEV_5200;SEASHELLS;102;20
300200;;SUBMISSION;VEV_5100;SEASHELLS;173;25
300300;;SUBMISSION;VEV_5100;SEASHELLS;174;30
300300;;SUBMISSION;VEV_5200;SEASHELLS;102;30
300400;;SUBMISSION;VEV_5100;SEASHELLS;174;6
300400;;SUBMISSION;VEV_5100;SEASHELLS;173;13
300400;;SUBMISSION;VEV_5200;SEASHELLS;102;19
300500;;SUBMISSION;VEV_5100;SEASHELLS;174;10
300500;;SUBMISSION;VEV_5100;SEASHELLS;173;14
300500;;SUBMISSION;VEV_5200;SEASHELLS;102;10
300500;;SUBMISSION;VEV_5200;SEASHELLS;101;14
300600;;SUBMISSION;VEV_5100;SEASHELLS;173;24
300900;;SUBMISSION;VEV_5100;SEASHELLS;173;27
301300;;SUBMISSION;VEV_5100;SEASHELLS;173;27
301400;;SUBMISSION;VEV_5100;SEASHELLS;174;10
301400;;SUBMISSION;VEV_5100;SEASHELLS;173;7
301600;;SUBMISSION;VEV_5200;SEASHELLS;102;24
301700;;SUBMISSION;VEV_5200;SEASHELLS;102;27
301800;;SUBMISSION;VEV_5200;SEASHELLS;102;29
301900;;SUBMISSION;VEV_4000;SEASHELLS;1247;13
301900;;SUBMISSION;VEV_4000;SEASHELLS;1244;17
301900;;SUBMISSION;VEV_4500;SEASHELLS;749;7
301900;;SUBMISSION;VEV_4500;SEASHELLS;747;13
301900;;SUBMISSION;VEV_5200;SEASHELLS;103;7
301900;;SUBMISSION;VEV_5200;SEASHELLS;102;13
302000;;SUBMISSION;VEV_4000;SEASHELLS;1247;11
302000;;SUBMISSION;VEV_4000;SEASHELLS;1245;19
302000;;SUBMISSION;VEV_4500;SEASHELLS;750;9
302000;;SUBMISSION;VEV_4500;SEASHELLS;748;13
302000;;SUBMISSION;VEV_5000;SEASHELLS;261;9
302000;;SUBMISSION;VEV_5000;SEASHELLS;260;13
302000;;SUBMISSION;VEV_5200;SEASHELLS;103;22
302100;;SUBMISSION;VEV_4000;SEASHELLS;1249;14
302100;;SUBMISSION;VEV_4000;SEASHELLS;1246;16
302100;;SUBMISSION;VEV_4500;SEASHELLS;751;11
302100;;SUBMISSION;VEV_4500;SEASHELLS;749;19
302100;;SUBMISSION;VEV_5000;SEASHELLS;262;11
302100;;SUBMISSION;VEV_5000;SEASHELLS;261;19
302100;;SUBMISSION;VEV_5200;SEASHELLS;104;30
302100;;SUBMISSION;VEV_5300;SEASHELLS;53;23
302200;;SUBMISSION;VEV_4000;SEASHELLS;1248;11
302200;;SUBMISSION;VEV_4000;SEASHELLS;1246;19
302200;;SUBMISSION;VEV_4500;SEASHELLS;751;8
302200;;SUBMISSION;VEV_4500;SEASHELLS;749;14
302200;;SUBMISSION;VEV_5000;SEASHELLS;262;8
302200;;SUBMISSION;VEV_5000;SEASHELLS;261;14
302200;;SUBMISSION;VEV_5200;SEASHELLS;104;8
302200;;SUBMISSION;VEV_5200;SEASHELLS;103;14
302200;;SUBMISSION;VEV_5300;SEASHELLS;53;22
302300;;SUBMISSION;VEV_4000;SEASHELLS;1248;13
302300;;SUBMISSION;VEV_4000;SEASHELLS;1246;17
302300;;SUBMISSION;VEV_4500;SEASHELLS;751;10
302300;;SUBMISSION;VEV_4500;SEASHELLS;749;12
302300;;SUBMISSION;VEV_5000;SEASHELLS;262;10
302300;;SUBMISSION;VEV_5000;SEASHELLS;261;12
302300;;SUBMISSION;VEV_5200;SEASHELLS;104;10
302300;;SUBMISSION;VEV_5200;SEASHELLS;103;12
302400;;SUBMISSION;VEV_5200;SEASHELLS;102;23
302500;;SUBMISSION;VEV_4000;SEASHELLS;1247;14
302500;;SUBMISSION;VEV_4000;SEASHELLS;1245;16
302500;;SUBMISSION;VEV_4500;SEASHELLS;750;12
302500;;SUBMISSION;VEV_4500;SEASHELLS;748;18
302500;;SUBMISSION;VEV_5000;SEASHELLS;260;30
302500;;SUBMISSION;VEV_5200;SEASHELLS;103;30
302600;;SUBMISSION;VEV_4000;SEASHELLS;1248;7
302600;;SUBMISSION;VEV_4000;SEASHELLS;1245;23
302600;;SUBMISSION;VEV_4500;SEASHELLS;750;10
302600;;SUBMISSION;VEV_4500;SEASHELLS;748;15
302600;;SUBMISSION;VEV_5000;SEASHELLS;261;10
302600;;SUBMISSION;VEV_5000;SEASHELLS;260;15
302600;;SUBMISSION;VEV_5200;SEASHELLS;103;1
302700;;SUBMISSION;VEV_4000;SEASHELLS;1248;15
302700;;SUBMISSION;VEV_4000;SEASHELLS;1245;15
302700;;SUBMISSION;VEV_4500;SEASHELLS;750;8
302700;;SUBMISSION;VEV_4500;SEASHELLS;749;22
302700;;SUBMISSION;VEV_5000;SEASHELLS;261;30
302800;;SUBMISSION;VEV_4000;SEASHELLS;1248;12
302800;;SUBMISSION;VEV_4000;SEASHELLS;1246;15
302800;;SUBMISSION;VEV_4500;SEASHELLS;751;7
302800;;SUBMISSION;VEV_4500;SEASHELLS;749;18
302800;;SUBMISSION;VEV_5000;SEASHELLS;261;25
302900;;SUBMISSION;VEV_4000;SEASHELLS;1248;14
302900;;SUBMISSION;VEV_4000;SEASHELLS;1245;15
302900;;SUBMISSION;VEV_4500;SEASHELLS;750;6
302900;;SUBMISSION;VEV_4500;SEASHELLS;748;13
302900;;SUBMISSION;VEV_5000;SEASHELLS;261;6
302900;;SUBMISSION;VEV_5000;SEASHELLS;260;13
303000;;SUBMISSION;VEV_4000;SEASHELLS;1248;7
303000;;SUBMISSION;VEV_4000;SEASHELLS;1245;16
303000;;SUBMISSION;VEV_4500;SEASHELLS;750;9
303000;;SUBMISSION;VEV_4500;SEASHELLS;749;18
303000;;SUBMISSION;VEV_5000;SEASHELLS;261;27
303100;;SUBMISSION;VEV_4000;SEASHELLS;1247;8
303100;;SUBMISSION;VEV_4000;SEASHELLS;1245;20
303100;;SUBMISSION;VEV_4500;SEASHELLS;750;9
303100;;SUBMISSION;VEV_4500;SEASHELLS;748;20
303100;;SUBMISSION;VEV_5000;SEASHELLS;261;9
303100;;SUBMISSION;VEV_5000;SEASHELLS;260;20
303200;;SUBMISSION;VEV_4000;SEASHELLS;1248;14
303200;;SUBMISSION;VEV_4000;SEASHELLS;1245;16
303200;;SUBMISSION;VEV_4500;SEASHELLS;750;12
303200;;SUBMISSION;VEV_4500;SEASHELLS;748;18
303200;;SUBMISSION;VEV_5000;SEASHELLS;261;12
303200;;SUBMISSION;VEV_5000;SEASHELLS;260;18
303300;;SUBMISSION;VEV_4000;SEASHELLS;1248;11
303300;;SUBMISSION;VEV_4000;SEASHELLS;1245;19
303300;;SUBMISSION;VEV_4500;SEASHELLS;750;8
303300;;SUBMISSION;VEV_4500;SEASHELLS;749;22
303300;;SUBMISSION;VEV_5000;SEASHELLS;261;30
303400;;SUBMISSION;VEV_4000;SEASHELLS;1247;7
303400;;SUBMISSION;VEV_4500;SEASHELLS;750;8
303400;;SUBMISSION;VEV_4500;SEASHELLS;748;13
303400;;SUBMISSION;VEV_5000;SEASHELLS;261;8
303400;;SUBMISSION;VEV_5000;SEASHELLS;260;22
304100;SUBMISSION;;VEV_4000;SEASHELLS;1249;1
304700;;SUBMISSION;VELVETFRUIT_EXTRACT;SEASHELLS;5254;4
305100;;SUBMISSION;VELVETFRUIT_EXTRACT;SEASHELLS;5250;17
305800;;SUBMISSION;HYDROGEL_PACK;SEASHELLS;10019;2
311200;;SUBMISSION;VEV_4000;SEASHELLS;1248;1
311200;;SUBMISSION;VEV_5000;SEASHELLS;261;11
311500;;SUBMISSION;HYDROGEL_PACK;SEASHELLS;10026;5
313000;SUBMISSION;;VEV_4000;SEASHELLS;1253;2
313100;;SUBMISSION;VEV_4000;SEASHELLS;1249;2
313100;;SUBMISSION;VEV_5300;SEASHELLS;54;9
313100;;SUBMISSION;VEV_5300;SEASHELLS;53;17
313200;;SUBMISSION;VEV_5300;SEASHELLS;55;6
313200;;SUBMISSION;VEV_5300;SEASHELLS;54;13
313300;;SUBMISSION;VEV_5300;SEASHELLS;55;23
313400;;SUBMISSION;HYDROGEL_PACK;SEASHELLS;10022;5
313400;;SUBMISSION;VEV_5300;SEASHELLS;55;8
313400;;SUBMISSION;VEV_5300;SEASHELLS;54;15
313500;;SUBMISSION;VEV_5300;SEASHELLS;55;10
313500;;SUBMISSION;VEV_5300;SEASHELLS;54;16
313600;;SUBMISSION;VEV_5300;SEASHELLS;55;21
313700;;SUBMISSION;VEV_5300;SEASHELLS;55;24
313800;;SUBMISSION;VEV_5300;SEASHELLS;55;21
313900;;SUBMISSION;VEV_5300;SEASHELLS;55;22
314000;;SUBMISSION;VEV_5300;SEASHELLS;55;8
314000;;SUBMISSION;VEV_5300;SEASHELLS;54;11
314100;;SUBMISSION;VEV_5300;SEASHELLS;54;27
314200;;SUBMISSION;VEV_5300;SEASHELLS;54;4
314600;;SUBMISSION;VELVETFRUIT_EXTRACT;SEASHELLS;5257;19
318600;;SUBMISSION;VEV_5400;SEASHELLS;23;22
318700;;SUBMISSION;VEV_5400;SEASHELLS;23;21
318800;;SUBMISSION;VEV_5400;SEASHELLS;23;15
318800;;SUBMISSION;VEV_5500;SEASHELLS;9;15
318900;;SUBMISSION;VEV_5400;SEASHELLS;23;25
318900;;SUBMISSION;VEV_5500;SEASHELLS;9;25
319000;;SUBMISSION;VEV_5400;SEASHELLS;23;16
319200;;SUBMISSION;VEV_5400;SEASHELLS;23;7
319200;;SUBMISSION;VEV_5400;SEASHELLS;22;17
319300;;SUBMISSION;VEV_5400;SEASHELLS;23;19
319400;;SUBMISSION;VEV_5400;SEASHELLS;23;21
319400;;SUBMISSION;VEV_5500;SEASHELLS;9;21
319500;;SUBMISSION;VEV_5400;SEASHELLS;23;26
319600;;SUBMISSION;VEV_5400;SEASHELLS;23;23
319700;;SUBMISSION;VEV_5400;SEASHELLS;23;23
319700;;SUBMISSION;VEV_5500;SEASHELLS;9;23
319800;;SUBMISSION;VEV_5400;SEASHELLS;23;17
319800;;SUBMISSION;VEV_5500;SEASHELLS;9;17
319900;;SUBMISSION;VEV_5400;SEASHELLS;23;21
319900;;SUBMISSION;VEV_5500;SEASHELLS;9;21
320000;;SUBMISSION;VEV_5400;SEASHELLS;23;27
320000;;SUBMISSION;VEV_5500;SEASHELLS;9;27
320100;;SUBMISSION;VEV_5400;SEASHELLS;23;25
320300;SUBMISSION;;VEV_4000;SEASHELLS;1258;2
320400;;SUBMISSION;VEV_4000;SEASHELLS;1252;2
320700;;SUBMISSION;VEV_4000;SEASHELLS;1268;3
320900;;SUBMISSION;HYDROGEL_PACK;SEASHELLS;10033;4
321200;;SUBMISSION;VELVETFRUIT_EXTRACT;SEASHELLS;5256;10
322800;SUBMISSION;;VEV_4000;SEASHELLS;1255;1
323400;;SUBMISSION;VELVETFRUIT_EXTRACT;SEASHELLS;5257;18
323400;;SUBMISSION;VELVETFRUIT_EXTRACT;SEASHELLS;5257;12
323500;SUBMISSION;;VEV_4000;SEASHELLS;1252;3
323800;;SUBMISSION;HYDROGEL_PACK;SEASHELLS;10021;13
323800;;SUBMISSION;HYDROGEL_PACK;SEASHELLS;10018;22
323900;;SUBMISSION;HYDROGEL_PACK;SEASHELLS;10022;10
323900;;SUBMISSION;HYDROGEL_PACK;SEASHELLS;10019;26
323900;;SUBMISSION;VELVETFRUIT_EXTRACT;SEASHELLS;5257;7
324000;;SUBMISSION;HYDROGEL_PACK;SEASHELLS;10022;11
324000;;SUBMISSION;HYDROGEL_PACK;SEASHELLS;10020;26
324000;;SUBMISSION;VEV_4000;SEASHELLS;1248;1
324100;;SUBMISSION;HYDROGEL_PACK;SEASHELLS;10022;13
324100;;SUBMISSION;HYDROGEL_PACK;SEASHELLS;10020;30
324200;;SUBMISSION;HYDROGEL_PACK;SEASHELLS;10023;13
324200;;SUBMISSION;HYDROGEL_PACK;SEASHELLS;10020;27
324300;;SUBMISSION;HYDROGEL_PACK;SEASHELLS;10023;15
324300;;SUBMISSION;HYDROGEL_PACK;SEASHELLS;10021;24
324400;;SUBMISSION;HYDROGEL_PACK;SEASHELLS;10024;15
324400;;SUBMISSION;HYDROGEL_PACK;SEASHELLS;10022;20
324500;;SUBMISSION;HYDROGEL_PACK;SEASHELLS;10026;13
324500;;SUBMISSION;HYDROGEL_PACK;SEASHELLS;10023;21
324600;;SUBMISSION;HYDROGEL_PACK;SEASHELLS;10025;15
324600;;SUBMISSION;HYDROGEL_PACK;SEASHELLS;10022;23
325600;;SUBMISSION;VEV_5400;SEASHELLS;23;22
325700;;SUBMISSION;VEV_5400;SEASHELLS;23;10
325700;;SUBMISSION;VEV_5400;SEASHELLS;22;11
325800;;SUBMISSION;VEV_5400;SEASHELLS;23;24
325900;;SUBMISSION;VEV_5400;SEASHELLS;23;28
325900;;SUBMISSION;VEV_5500;SEASHELLS;9;28
326000;;SUBMISSION;VEV_5400;SEASHELLS;23;28
326000;;SUBMISSION;VEV_5500;SEASHELLS;9;28
326100;;SUBMISSION;VEV_5400;SEASHELLS;23;23
326100;;SUBMISSION;VEV_5500;SEASHELLS;9;23
326200;;SUBMISSION;VEV_5400;SEASHELLS;23;18
326200;;SUBMISSION;VEV_5500;SEASHELLS;9;18
326300;;SUBMISSION;VEV_5400;SEASHELLS;23;21
326300;;SUBMISSION;VEV_5500;SEASHELLS;9;21
326400;;SUBMISSION;VEV_5400;SEASHELLS;23;23
326400;;SUBMISSION;VEV_5500;SEASHELLS;9;5
326500;;SUBMISSION;VEV_5400;SEASHELLS;23;25
326600;;SUBMISSION;VEV_5400;SEASHELLS;23;29
326700;;SUBMISSION;VEV_5400;SEASHELLS;23;3
327500;;SUBMISSION;HYDROGEL_PACK;SEASHELLS;10025;12
327500;;SUBMISSION;HYDROGEL_PACK;SEASHELLS;10022;5
328800;SUBMISSION;;VEV_4000;SEASHELLS;1261;3
328900;;SUBMISSION;VEV_4000;SEASHELLS;1256;3
329500;;SUBMISSION;VELVETFRUIT_EXTRACT;SEASHELLS;5265;20
329500;;SUBMISSION;VELVETFRUIT_EXTRACT;SEASHELLS;5265;10
332300;SUBMISSION;;VEV_5300;SEASHELLS;58;3
332400;;SUBMISSION;VEV_5300;SEASHELLS;58;3
335400;;SUBMISSION;VELVETFRUIT_EXTRACT;SEASHELLS;5265;8
338000;;SUBMISSION;VELVETFRUIT_EXTRACT;SEASHELLS;5261;3
345100;SUBMISSION;;VEV_4000;SEASHELLS;1247;2
346200;;SUBMISSION;VEV_4000;SEASHELLS;1250;2
346300;;SUBMISSION;VELVETFRUIT_EXTRACT;SEASHELLS;5261;8
347400;SUBMISSION;;VEV_4000;SEASHELLS;1258;1
347500;;SUBMISSION;VEV_4000;SEASHELLS;1253;1
350700;;SUBMISSION;VELVETFRUIT_EXTRACT;SEASHELLS;5275;6
351600;;SUBMISSION;VELVETFRUIT_EXTRACT;SEASHELLS;5273;21
351600;;SUBMISSION;VELVETFRUIT_EXTRACT;SEASHELLS;5272;43
351700;;SUBMISSION;VELVETFRUIT_EXTRACT;SEASHELLS;5275;7
351700;;SUBMISSION;VELVETFRUIT_EXTRACT;SEASHELLS;5273;56
351800;;SUBMISSION;VELVETFRUIT_EXTRACT;SEASHELLS;5273;22
351800;;SUBMISSION;VELVETFRUIT_EXTRACT;SEASHELLS;5272;7
351800;SUBMISSION;;VEV_4000;SEASHELLS;1270;1
351900;;SUBMISSION;VEV_4000;SEASHELLS;1263;1
352700;;SUBMISSION;VELVETFRUIT_EXTRACT;SEASHELLS;5273;7
356200;SUBMISSION;;VEV_4000;SEASHELLS;1267;1
356300;;SUBMISSION;VEV_4000;SEASHELLS;1260;1
357800;;SUBMISSION;VELVETFRUIT_EXTRACT;SEASHELLS;5274;23
357800;;SUBMISSION;VELVETFRUIT_EXTRACT;SEASHELLS;5273;42
357900;;SUBMISSION;VELVETFRUIT_EXTRACT;SEASHELLS;5275;19
365100;SUBMISSION;;VEV_4000;SEASHELLS;1271;1
365200;;SUBMISSION;VEV_4000;SEASHELLS;1266;1
369300;SUBMISSION;;VEV_4000;SEASHELLS;1268;1
369400;;SUBMISSION;VEV_4000;SEASHELLS;1264;1
374900;;SUBMISSION;VEV_4000;SEASHELLS;1290;1
378100;SUBMISSION;;VEV_4000;SEASHELLS;1272;3
378200;;SUBMISSION;VEV_4000;SEASHELLS;1265;2
380100;;SUBMISSION;VEV_4000;SEASHELLS;1275;1
394300;;SUBMISSION;VEV_4000;SEASHELLS;1267;2
403300;SUBMISSION;;VELVETFRUIT_EXTRACT;SEASHELLS;5258;17
406600;SUBMISSION;;HYDROGEL_PACK;SEASHELLS;9994;10
407400;;SUBMISSION;VEV_4000;SEASHELLS;1276;1
407800;;SUBMISSION;VELVETFRUIT_EXTRACT;SEASHELLS;5270;17
409600;SUBMISSION;;HYDROGEL_PACK;SEASHELLS;9993;10
409700;SUBMISSION;;HYDROGEL_PACK;SEASHELLS;9991;11
409700;SUBMISSION;;HYDROGEL_PACK;SEASHELLS;9993;25
409800;SUBMISSION;;HYDROGEL_PACK;SEASHELLS;9992;12
409900;SUBMISSION;;HYDROGEL_PACK;SEASHELLS;9993;10
410000;SUBMISSION;;HYDROGEL_PACK;SEASHELLS;9992;13
410100;SUBMISSION;;HYDROGEL_PACK;SEASHELLS;9992;13
410300;SUBMISSION;;HYDROGEL_PACK;SEASHELLS;9990;15
410300;SUBMISSION;;HYDROGEL_PACK;SEASHELLS;9993;21
410400;SUBMISSION;;HYDROGEL_PACK;SEASHELLS;9991;15
410500;SUBMISSION;;HYDROGEL_PACK;SEASHELLS;9990;14
410500;SUBMISSION;;HYDROGEL_PACK;SEASHELLS;9993;25
410600;SUBMISSION;;HYDROGEL_PACK;SEASHELLS;9989;11
410600;SUBMISSION;;HYDROGEL_PACK;SEASHELLS;9991;25
410700;SUBMISSION;;HYDROGEL_PACK;SEASHELLS;9986;11
410700;SUBMISSION;;HYDROGEL_PACK;SEASHELLS;9988;26
410800;SUBMISSION;;HYDROGEL_PACK;SEASHELLS;9983;15
410800;SUBMISSION;;HYDROGEL_PACK;SEASHELLS;9986;21
410900;SUBMISSION;;HYDROGEL_PACK;SEASHELLS;9986;13
410900;SUBMISSION;;HYDROGEL_PACK;SEASHELLS;9988;28
411000;SUBMISSION;;HYDROGEL_PACK;SEASHELLS;9987;10
411000;SUBMISSION;;HYDROGEL_PACK;SEASHELLS;9990;29
411100;SUBMISSION;;HYDROGEL_PACK;SEASHELLS;9988;11
411100;SUBMISSION;;HYDROGEL_PACK;SEASHELLS;9991;6
411400;;SUBMISSION;VEV_4000;SEASHELLS;1276;1
427200;SUBMISSION;;VELVETFRUIT_EXTRACT;SEASHELLS;5260;19
427200;SUBMISSION;;VELVETFRUIT_EXTRACT;SEASHELLS;5261;30
427300;SUBMISSION;;VELVETFRUIT_EXTRACT;SEASHELLS;5260;64
427400;SUBMISSION;;VELVETFRUIT_EXTRACT;SEASHELLS;5259;25
427400;SUBMISSION;;VELVETFRUIT_EXTRACT;SEASHELLS;5260;45
427500;SUBMISSION;;VELVETFRUIT_EXTRACT;SEASHELLS;5259;24
427500;SUBMISSION;;VELVETFRUIT_EXTRACT;SEASHELLS;5260;45
427600;SUBMISSION;;VELVETFRUIT_EXTRACT;SEASHELLS;5260;23
427600;SUBMISSION;;VELVETFRUIT_EXTRACT;SEASHELLS;5261;42
427700;SUBMISSION;;VELVETFRUIT_EXTRACT;SEASHELLS;5261;51
427800;SUBMISSION;;VELVETFRUIT_EXTRACT;SEASHELLS;5261;25
427900;SUBMISSION;;VELVETFRUIT_EXTRACT;SEASHELLS;5261;7
428300;;SUBMISSION;HYDROGEL_PACK;SEASHELLS;10000;5
429100;SUBMISSION;;HYDROGEL_PACK;SEASHELLS;9980;3
431500;SUBMISSION;;HYDROGEL_PACK;SEASHELLS;9989;2
446500;SUBMISSION;;VEV_4000;SEASHELLS;1245;1
447500;;SUBMISSION;VEV_4000;SEASHELLS;1256;1
447800;SUBMISSION;;VEV_4000;SEASHELLS;1244;3
448100;SUBMISSION;;VEV_4000;SEASHELLS;1245;2
450400;SUBMISSION;;VEV_4000;SEASHELLS;1240;3
452600;SUBMISSION;;VEV_5400;SEASHELLS;17;24
452700;SUBMISSION;;VEV_5400;SEASHELLS;17;22
452900;SUBMISSION;;VEV_5400;SEASHELLS;17;17
454500;SUBMISSION;;VEV_4000;SEASHELLS;1237;2
456500;;SUBMISSION;VEV_4000;SEASHELLS;1246;3
458400;SUBMISSION;;VEV_5400;SEASHELLS;17;23
459200;SUBMISSION;;VEV_4000;SEASHELLS;1234;3
459500;SUBMISSION;;VEV_5400;SEASHELLS;17;28
459600;SUBMISSION;;VEV_5400;SEASHELLS;17;24
459700;SUBMISSION;;VEV_5400;SEASHELLS;17;20
459800;SUBMISSION;;VEV_5400;SEASHELLS;17;24
459900;SUBMISSION;;VEV_5400;SEASHELLS;17;23
460000;SUBMISSION;;VEV_5400;SEASHELLS;17;19
460100;SUBMISSION;;VEV_5400;SEASHELLS;17;16
460200;SUBMISSION;;VEV_5400;SEASHELLS;17;24
460300;SUBMISSION;;VEV_5400;SEASHELLS;17;23
460400;SUBMISSION;;VEV_5400;SEASHELLS;17;24
460500;SUBMISSION;;VEV_5400;SEASHELLS;17;26
460600;SUBMISSION;;VEV_5400;SEASHELLS;16;21
460700;SUBMISSION;;VEV_5400;SEASHELLS;16;29
460800;SUBMISSION;;VEV_5400;SEASHELLS;16;17
460900;SUBMISSION;;VEV_5400;SEASHELLS;16;26
461000;SUBMISSION;;VEV_5400;SEASHELLS;16;29
461100;SUBMISSION;;VEV_5400;SEASHELLS;16;20
461200;SUBMISSION;;VEV_5400;SEASHELLS;16;22
461300;SUBMISSION;;VEV_5400;SEASHELLS;16;23
461400;SUBMISSION;;VEV_5100;SEASHELLS;156;28
461400;SUBMISSION;;VEV_5400;SEASHELLS;15;19
461500;SUBMISSION;;VEV_5100;SEASHELLS;156;28
461500;SUBMISSION;;VEV_5400;SEASHELLS;15;23
461600;SUBMISSION;;VEV_5100;SEASHELLS;156;9
461600;SUBMISSION;;VEV_5100;SEASHELLS;157;21
461600;SUBMISSION;;VEV_5400;SEASHELLS;15;6
461600;SUBMISSION;;VEV_5400;SEASHELLS;16;17
461700;SUBMISSION;;VEV_5100;SEASHELLS;156;28
461700;SUBMISSION;;VEV_5400;SEASHELLS;15;1
461800;SUBMISSION;;VEV_5100;SEASHELLS;156;24
461900;SUBMISSION;;VEV_5100;SEASHELLS;155;7
461900;SUBMISSION;;VEV_5100;SEASHELLS;156;21
462000;SUBMISSION;;VEV_5100;SEASHELLS;156;30
462100;SUBMISSION;;VEV_5100;SEASHELLS;155;9
462100;SUBMISSION;;VEV_5100;SEASHELLS;156;15
462200;SUBMISSION;;VEV_5100;SEASHELLS;156;24
462300;SUBMISSION;;VEV_5100;SEASHELLS;156;10
462300;SUBMISSION;;VEV_5100;SEASHELLS;157;20
463300;SUBMISSION;;VEV_5100;SEASHELLS;156;9
463300;SUBMISSION;;VEV_5100;SEASHELLS;157;17
463400;SUBMISSION;;VEV_5100;SEASHELLS;156;9
463400;SUBMISSION;;VEV_5100;SEASHELLS;157;16
466000;SUBMISSION;;VEV_5100;SEASHELLS;156;28
466100;SUBMISSION;;VEV_5100;SEASHELLS;156;30
466200;SUBMISSION;;VEV_5100;SEASHELLS;155;24
466200;SUBMISSION;;VEV_5200;SEASHELLS;88;24
466200;SUBMISSION;;VEV_5300;SEASHELLS;42;8
466200;SUBMISSION;;VEV_5300;SEASHELLS;43;14
466300;SUBMISSION;;VEV_5100;SEASHELLS;156;7
466300;SUBMISSION;;VEV_5100;SEASHELLS;157;22
466600;SUBMISSION;;VEV_5100;SEASHELLS;156;11
466600;SUBMISSION;;VEV_5100;SEASHELLS;157;19
466800;SUBMISSION;;VEV_5100;SEASHELLS;156;29
467100;SUBMISSION;;VEV_5100;SEASHELLS;156;12
467100;SUBMISSION;;VEV_5100;SEASHELLS;157;18
467500;SUBMISSION;;VEV_5100;SEASHELLS;156;10
467500;SUBMISSION;;VEV_5100;SEASHELLS;157;20
467600;SUBMISSION;;VEV_5100;SEASHELLS;156;30
468500;SUBMISSION;;VEV_5100;SEASHELLS;156;5
469400;SUBMISSION;;VEV_5300;SEASHELLS;42;9
469400;SUBMISSION;;VEV_5300;SEASHELLS;43;11
469400;SUBMISSION;;VEV_5500;SEASHELLS;7;20
469500;SUBMISSION;;VEV_5500;SEASHELLS;7;19
498300;SUBMISSION;;VEV_4000;SEASHELLS;1239;3
501400;;SUBMISSION;HYDROGEL_PACK;SEASHELLS;9985;5
503200;SUBMISSION;;VEV_4000;SEASHELLS;1233;3
504200;SUBMISSION;;HYDROGEL_PACK;SEASHELLS;9975;5
504400;SUBMISSION;;VEV_4000;SEASHELLS;1233;3
504900;SUBMISSION;;VEV_4000;SEASHELLS;1232;3
505100;;SUBMISSION;VEV_4000;SEASHELLS;1246;3
506200;SUBMISSION;;VEV_4000;SEASHELLS;1238;1
509000;SUBMISSION;;VEV_5300;SEASHELLS;42;9
509000;SUBMISSION;;VEV_5300;SEASHELLS;43;20
513100;SUBMISSION;;VEV_5000;SEASHELLS;237;11
513100;SUBMISSION;;VEV_5000;SEASHELLS;238;15
513100;SUBMISSION;;VEV_5200;SEASHELLS;87;26
513100;SUBMISSION;;VEV_5300;SEASHELLS;42;30
513200;SUBMISSION;;VEV_5200;SEASHELLS;87;11
513200;SUBMISSION;;VEV_5200;SEASHELLS;88;15
513300;SUBMISSION;;VEV_5200;SEASHELLS;87;30
513300;SUBMISSION;;VEV_5300;SEASHELLS;42;8
513300;SUBMISSION;;VEV_5300;SEASHELLS;43;15
513400;SUBMISSION;;VEV_5000;SEASHELLS;237;21
513400;SUBMISSION;;VEV_5200;SEASHELLS;87;21
513400;SUBMISSION;;VEV_5300;SEASHELLS;42;24
513500;SUBMISSION;;VEV_5200;SEASHELLS;87;7
513500;SUBMISSION;;VEV_5200;SEASHELLS;88;13
513600;SUBMISSION;;VEV_5000;SEASHELLS;237;30
513600;SUBMISSION;;VEV_5200;SEASHELLS;87;30
513600;SUBMISSION;;VEV_5300;SEASHELLS;42;22
514300;SUBMISSION;;VEV_5200;SEASHELLS;87;10
514300;SUBMISSION;;VEV_5200;SEASHELLS;88;16
514900;SUBMISSION;;VEV_5200;SEASHELLS;87;29
514900;SUBMISSION;;VEV_5300;SEASHELLS;42;7
514900;SUBMISSION;;VEV_5300;SEASHELLS;43;15
515000;SUBMISSION;;VEV_5200;SEASHELLS;87;9
515000;SUBMISSION;;VEV_5200;SEASHELLS;88;19
515000;SUBMISSION;;VEV_5300;SEASHELLS;42;10
515000;SUBMISSION;;VEV_5300;SEASHELLS;43;19
515100;SUBMISSION;;VEV_5200;SEASHELLS;87;20
515100;SUBMISSION;;VEV_5300;SEASHELLS;42;7
515100;SUBMISSION;;VEV_5300;SEASHELLS;43;13
515400;SUBMISSION;;VEV_5000;SEASHELLS;237;12
515400;SUBMISSION;;VEV_5000;SEASHELLS;238;12
515400;SUBMISSION;;VEV_5200;SEASHELLS;87;24
515400;SUBMISSION;;VEV_5300;SEASHELLS;42;19
515500;SUBMISSION;;VEV_5000;SEASHELLS;237;6
515500;SUBMISSION;;VEV_5000;SEASHELLS;238;18
515500;SUBMISSION;;VEV_5200;SEASHELLS;87;24
515500;SUBMISSION;;VEV_5300;SEASHELLS;42;16
515600;SUBMISSION;;VEV_5000;SEASHELLS;237;28
515600;SUBMISSION;;VEV_5200;SEASHELLS;87;28
515600;SUBMISSION;;VEV_5300;SEASHELLS;42;20
515700;SUBMISSION;;VEV_4000;SEASHELLS;1234;11
515700;SUBMISSION;;VEV_4000;SEASHELLS;1237;19
515700;SUBMISSION;;VEV_4500;SEASHELLS;732;8
515700;SUBMISSION;;VEV_4500;SEASHELLS;734;14
515700;SUBMISSION;;VEV_5000;SEASHELLS;235;8
515700;SUBMISSION;;VEV_5000;SEASHELLS;236;14
515700;SUBMISSION;;VEV_5200;SEASHELLS;86;22
515700;SUBMISSION;;VEV_5300;SEASHELLS;42;28
515800;SUBMISSION;;VEV_5000;SEASHELLS;237;25
515800;SUBMISSION;;VEV_5200;SEASHELLS;87;25
515800;SUBMISSION;;VEV_5300;SEASHELLS;42;22
515900;SUBMISSION;;VEV_5200;SEASHELLS;87;9
515900;SUBMISSION;;VEV_5200;SEASHELLS;88;16
515900;SUBMISSION;;VEV_5300;SEASHELLS;42;6
515900;SUBMISSION;;VEV_5300;SEASHELLS;43;10
517700;SUBMISSION;;VEV_4000;SEASHELLS;1228;2
518000;SUBMISSION;;VEV_4000;SEASHELLS;1231;2
523200;;SUBMISSION;VELVETFRUIT_EXTRACT;SEASHELLS;5254;8
523700;SUBMISSION;;VEV_4000;SEASHELLS;1246;1
525000;;SUBMISSION;VELVETFRUIT_EXTRACT;SEASHELLS;5253;19
525200;SUBMISSION;;VEV_4000;SEASHELLS;1249;3
525700;;SUBMISSION;VELVETFRUIT_EXTRACT;SEASHELLS;5256;8
526300;;SUBMISSION;VEV_4000;SEASHELLS;1262;2
526600;SUBMISSION;;VEV_4000;SEASHELLS;1250;2
526800;;SUBMISSION;HYDROGEL_PACK;SEASHELLS;9989;2
527200;SUBMISSION;;HYDROGEL_PACK;SEASHELLS;9973;2
528700;SUBMISSION;;VEV_4000;SEASHELLS;1254;2
530400;;SUBMISSION;VELVETFRUIT_EXTRACT;SEASHELLS;5262;7
531300;;SUBMISSION;VELVETFRUIT_EXTRACT;SEASHELLS;5254;10
532500;;SUBMISSION;VEV_4000;SEASHELLS;1262;2
534700;SUBMISSION;;VEV_5300;SEASHELLS;51;2
535900;;SUBMISSION;VELVETFRUIT_EXTRACT;SEASHELLS;5252;7
538100;;SUBMISSION;VEV_4000;SEASHELLS;1251;2
538600;SUBMISSION;;VELVETFRUIT_EXTRACT;SEASHELLS;5244;19
538600;SUBMISSION;;VELVETFRUIT_EXTRACT;SEASHELLS;5245;40
540300;;SUBMISSION;HYDROGEL_PACK;SEASHELLS;9979;2
542600;;SUBMISSION;VELVETFRUIT_EXTRACT;SEASHELLS;5248;7
543200;SUBMISSION;;VELVETFRUIT_EXTRACT;SEASHELLS;5242;7
545700;SUBMISSION;;HYDROGEL_PACK;SEASHELLS;9964;2
546400;;SUBMISSION;VEV_4000;SEASHELLS;1246;3
548800;;SUBMISSION;VEV_4000;SEASHELLS;1248;2
552800;;SUBMISSION;VELVETFRUIT_EXTRACT;SEASHELLS;5247;7
553800;SUBMISSION;;VELVETFRUIT_EXTRACT;SEASHELLS;5242;7
563300;;SUBMISSION;VEV_4000;SEASHELLS;1242;3
566400;;SUBMISSION;VELVETFRUIT_EXTRACT;SEASHELLS;5245;6
569000;;SUBMISSION;VELVETFRUIT_EXTRACT;SEASHELLS;5253;8
571700;;SUBMISSION;VELVETFRUIT_EXTRACT;SEASHELLS;5248;8
574400;SUBMISSION;;VELVETFRUIT_EXTRACT;SEASHELLS;5240;5
574500;SUBMISSION;;VELVETFRUIT_EXTRACT;SEASHELLS;5241;8
574700;SUBMISSION;;VELVETFRUIT_EXTRACT;SEASHELLS;5242;9
575000;SUBMISSION;;VEV_5300;SEASHELLS;46;4
577000;;SUBMISSION;VEV_4000;SEASHELLS;1246;3
577100;;SUBMISSION;VEV_4000;SEASHELLS;1246;1
579800;;SUBMISSION;VELVETFRUIT_EXTRACT;SEASHELLS;5244;6
581000;SUBMISSION;;VELVETFRUIT_EXTRACT;SEASHELLS;5242;6
585000;SUBMISSION;;VEV_5400;SEASHELLS;16;2
585100;;SUBMISSION;VELVETFRUIT_EXTRACT;SEASHELLS;5245;6
585200;;SUBMISSION;VEV_4000;SEASHELLS;1249;2
585700;SUBMISSION;;VELVETFRUIT_EXTRACT;SEASHELLS;5240;6
588900;;SUBMISSION;HYDROGEL_PACK;SEASHELLS;9990;3
590500;;SUBMISSION;VEV_4000;SEASHELLS;1245;2
592500;;SUBMISSION;VELVETFRUIT_EXTRACT;SEASHELLS;5247;10
593200;;SUBMISSION;VELVETFRUIT_EXTRACT;SEASHELLS;5248;3
594300;;SUBMISSION;VEV_4000;SEASHELLS;1252;3
596500;;SUBMISSION;HYDROGEL_PACK;SEASHELLS;9995;6
599000;;SUBMISSION;VELVETFRUIT_EXTRACT;SEASHELLS;5251;3
599500;;SUBMISSION;HYDROGEL_PACK;SEASHELLS;10002;2
601600;;SUBMISSION;HYDROGEL_PACK;SEASHELLS;9995;6
602200;SUBMISSION;;VELVETFRUIT_EXTRACT;SEASHELLS;5242;16
603100;;SUBMISSION;VEV_4000;SEASHELLS;1247;3
611300;;SUBMISSION;VEV_4000;SEASHELLS;1245;1
616300;SUBMISSION;;VEV_5200;SEASHELLS;87;19
616500;;SUBMISSION;HYDROGEL_PACK;SEASHELLS;10015;6
616500;SUBMISSION;;VEV_5000;SEASHELLS;236;11
616500;SUBMISSION;;VEV_5000;SEASHELLS;237;16
616500;SUBMISSION;;VEV_5200;SEASHELLS;87;27
616500;SUBMISSION;;VEV_5300;SEASHELLS;41;6
616500;SUBMISSION;;VEV_5300;SEASHELLS;42;17
616600;SUBMISSION;;VEV_4000;SEASHELLS;1234;7
616600;SUBMISSION;;VEV_4000;SEASHELLS;1236;15
616600;SUBMISSION;;VEV_4500;SEASHELLS;731;7
616600;SUBMISSION;;VEV_4500;SEASHELLS;733;13
616600;SUBMISSION;;VEV_5000;SEASHELLS;235;20
616600;SUBMISSION;;VEV_5200;SEASHELLS;86;20
616600;SUBMISSION;;VEV_5300;SEASHELLS;41;22
616600;SUBMISSION;;VEV_5500;SEASHELLS;6;10
616600;SUBMISSION;;VEV_5500;SEASHELLS;7;12
616700;SUBMISSION;;VEV_4000;SEASHELLS;1234;7
616700;SUBMISSION;;VEV_4000;SEASHELLS;1236;23
616700;SUBMISSION;;VEV_4500;SEASHELLS;731;8
616700;SUBMISSION;;VEV_4500;SEASHELLS;733;16
616700;SUBMISSION;;VEV_5000;SEASHELLS;235;8
616700;SUBMISSION;;VEV_5000;SEASHELLS;236;16
616700;SUBMISSION;;VEV_5200;SEASHELLS;86;24
616700;SUBMISSION;;VEV_5300;SEASHELLS;41;24
616800;SUBMISSION;;VEV_4000;SEASHELLS;1234;15
616800;SUBMISSION;;VEV_4000;SEASHELLS;1237;15
616800;SUBMISSION;;VEV_4500;SEASHELLS;732;8
616800;SUBMISSION;;VEV_4500;SEASHELLS;733;16
616800;SUBMISSION;;VEV_5000;SEASHELLS;235;8
616800;SUBMISSION;;VEV_5000;SEASHELLS;236;16
616800;SUBMISSION;;VEV_5200;SEASHELLS;86;24
616800;SUBMISSION;;VEV_5300;SEASHELLS;41;25
616900;SUBMISSION;;VEV_4000;SEASHELLS;1234;14
616900;SUBMISSION;;VEV_4000;SEASHELLS;1236;16
616900;SUBMISSION;;VEV_4500;SEASHELLS;731;8
616900;SUBMISSION;;VEV_4500;SEASHELLS;733;17
616900;SUBMISSION;;VEV_5000;SEASHELLS;235;8
616900;SUBMISSION;;VEV_5000;SEASHELLS;236;17
616900;SUBMISSION;;VEV_5200;SEASHELLS;86;25
616900;SUBMISSION;;VEV_5300;SEASHELLS;41;23
617000;SUBMISSION;;VEV_4000;SEASHELLS;1235;10
617000;SUBMISSION;;VEV_4000;SEASHELLS;1237;20
617000;SUBMISSION;;VEV_4500;SEASHELLS;732;11
617000;SUBMISSION;;VEV_4500;SEASHELLS;734;19
617000;SUBMISSION;;VEV_5000;SEASHELLS;235;11
617000;SUBMISSION;;VEV_5000;SEASHELLS;236;19
617000;SUBMISSION;;VEV_5200;SEASHELLS;86;23
617000;SUBMISSION;;VEV_5300;SEASHELLS;41;21
620600;SUBMISSION;;VEV_4000;SEASHELLS;1234;8
620600;SUBMISSION;;VEV_4000;SEASHELLS;1236;21
620600;SUBMISSION;;VEV_4500;SEASHELLS;731;9
620600;SUBMISSION;;VEV_4500;SEASHELLS;733;13
620600;SUBMISSION;;VEV_5000;SEASHELLS;235;9
620600;SUBMISSION;;VEV_5000;SEASHELLS;236;13
620600;SUBMISSION;;VEV_5300;SEASHELLS;41;21
620700;SUBMISSION;;VEV_5000;SEASHELLS;236;12
620700;SUBMISSION;;VEV_5000;SEASHELLS;237;18
620700;SUBMISSION;;VEV_5300;SEASHELLS;41;10
620700;SUBMISSION;;VEV_5300;SEASHELLS;42;20
620800;SUBMISSION;;VEV_4000;SEASHELLS;1234;14
620800;SUBMISSION;;VEV_4000;SEASHELLS;1237;15
620800;SUBMISSION;;VEV_4500;SEASHELLS;732;9
620800;SUBMISSION;;VEV_4500;SEASHELLS;733;19
620800;SUBMISSION;;VEV_5000;SEASHELLS;235;9
620800;SUBMISSION;;VEV_5000;SEASHELLS;236;19
620800;SUBMISSION;;VEV_5300;SEASHELLS;41;20
620900;SUBMISSION;;VEV_4000;SEASHELLS;1234;9
620900;SUBMISSION;;VEV_4000;SEASHELLS;1237;19
620900;SUBMISSION;;VEV_4500;SEASHELLS;732;8
620900;SUBMISSION;;VEV_4500;SEASHELLS;734;21
620900;SUBMISSION;;VEV_5000;SEASHELLS;235;8
620900;SUBMISSION;;VEV_5000;SEASHELLS;236;21
620900;SUBMISSION;;VEV_5300;SEASHELLS;41;13
621000;SUBMISSION;;VEV_4000;SEASHELLS;1235;10
621000;SUBMISSION;;VEV_4000;SEASHELLS;1237;20
621000;SUBMISSION;;VEV_4500;SEASHELLS;732;12
621000;SUBMISSION;;VEV_4500;SEASHELLS;734;13
621000;SUBMISSION;;VEV_5000;SEASHELLS;236;25
621100;SUBMISSION;;VEV_5000;SEASHELLS;236;7
621100;SUBMISSION;;VEV_5000;SEASHELLS;237;20
621300;SUBMISSION;;VEV_4000;SEASHELLS;1235;8
621300;SUBMISSION;;VEV_4000;SEASHELLS;1237;21
621300;SUBMISSION;;VEV_4500;SEASHELLS;732;11
621300;SUBMISSION;;VEV_4500;SEASHELLS;734;13
621300;SUBMISSION;;VEV_5000;SEASHELLS;236;24
621400;SUBMISSION;;VEV_5000;SEASHELLS;236;8
621400;SUBMISSION;;VEV_5000;SEASHELLS;237;22
621500;SUBMISSION;;VEV_4000;SEASHELLS;1234;7
621500;SUBMISSION;;VEV_4000;SEASHELLS;1237;23
621500;SUBMISSION;;VEV_4500;SEASHELLS;732;6
621500;SUBMISSION;;VEV_4500;SEASHELLS;734;12
621500;SUBMISSION;;VEV_5000;SEASHELLS;235;6
621500;SUBMISSION;;VEV_5000;SEASHELLS;236;12
621600;SUBMISSION;;VEV_5000;SEASHELLS;236;7
621800;SUBMISSION;;VEV_4000;SEASHELLS;1234;11
621800;SUBMISSION;;VEV_4000;SEASHELLS;1236;19
621800;SUBMISSION;;VEV_4500;SEASHELLS;731;9
621800;SUBMISSION;;VEV_4500;SEASHELLS;733;21
621900;SUBMISSION;;VEV_4000;SEASHELLS;1233;14
621900;SUBMISSION;;VEV_4000;SEASHELLS;1235;16
621900;SUBMISSION;;VEV_4500;SEASHELLS;730;7
621900;SUBMISSION;;VEV_4500;SEASHELLS;732;19
621900;SUBMISSION;;VEV_5500;SEASHELLS;6;26
622000;;SUBMISSION;HYDROGEL_PACK;SEASHELLS;10010;6
622000;SUBMISSION;;VEV_4000;SEASHELLS;1233;7
622000;SUBMISSION;;VEV_4000;SEASHELLS;1235;23
622000;SUBMISSION;;VEV_4500;SEASHELLS;730;12
622000;SUBMISSION;;VEV_4500;SEASHELLS;732;14
622000;SUBMISSION;;VEV_5500;SEASHELLS;6;26
622100;SUBMISSION;;VEV_4000;SEASHELLS;1233;9
622100;SUBMISSION;;VEV_4000;SEASHELLS;1236;21
622100;SUBMISSION;;VEV_4000;SEASHELLS;1218;2
622100;SUBMISSION;;VEV_4500;SEASHELLS;731;6
622100;SUBMISSION;;VEV_4500;SEASHELLS;733;15
622100;SUBMISSION;;VEV_5500;SEASHELLS;6;22
622200;SUBMISSION;;VEV_4000;SEASHELLS;1232;12
622200;SUBMISSION;;VEV_4000;SEASHELLS;1235;18
622200;SUBMISSION;;VEV_4500;SEASHELLS;730;11
622200;SUBMISSION;;VEV_4500;SEASHELLS;731;16
622200;SUBMISSION;;VEV_5500;SEASHELLS;6;29
622300;SUBMISSION;;VEV_4000;SEASHELLS;1233;12
622300;SUBMISSION;;VEV_4000;SEASHELLS;1236;18
622300;SUBMISSION;;VEV_4500;SEASHELLS;731;8
622300;SUBMISSION;;VEV_4500;SEASHELLS;732;17
622300;SUBMISSION;;VEV_5500;SEASHELLS;6;18
622400;SUBMISSION;;VEV_4000;SEASHELLS;1232;14
622400;SUBMISSION;;VEV_4000;SEASHELLS;1235;16
622400;SUBMISSION;;VEV_4500;SEASHELLS;730;7
622400;SUBMISSION;;VEV_4500;SEASHELLS;732;19
622400;SUBMISSION;;VEV_5500;SEASHELLS;6;27
622500;SUBMISSION;;VEV_4000;SEASHELLS;1233;14
622500;SUBMISSION;;VEV_4000;SEASHELLS;1235;16
622500;SUBMISSION;;VEV_4500;SEASHELLS;730;9
622500;SUBMISSION;;VEV_4500;SEASHELLS;732;21
622500;SUBMISSION;;VEV_5500;SEASHELLS;6;9
622500;SUBMISSION;;VEV_5500;SEASHELLS;7;19
622600;SUBMISSION;;VEV_4000;SEASHELLS;1233;3
622600;SUBMISSION;;VEV_4500;SEASHELLS;731;6
622600;SUBMISSION;;VEV_4500;SEASHELLS;732;20
622700;SUBMISSION;;VEV_4500;SEASHELLS;730;9
622700;SUBMISSION;;VEV_4500;SEASHELLS;732;14
622700;SUBMISSION;;VEV_5500;SEASHELLS;6;19
622800;SUBMISSION;;VEV_4500;SEASHELLS;728;10
622800;SUBMISSION;;VEV_4500;SEASHELLS;730;18
622800;SUBMISSION;;VEV_5500;SEASHELLS;6;22
622900;SUBMISSION;;VEV_4500;SEASHELLS;728;10
622900;SUBMISSION;;VEV_4500;SEASHELLS;730;1
622900;SUBMISSION;;VEV_5500;SEASHELLS;6;23
623000;SUBMISSION;;VEV_5500;SEASHELLS;6;19
623100;SUBMISSION;;VEV_5500;SEASHELLS;6;26
623200;SUBMISSION;;VEV_5500;SEASHELLS;6;25
623300;SUBMISSION;;VEV_5500;SEASHELLS;6;21
623400;SUBMISSION;;VEV_5500;SEASHELLS;6;23
623500;SUBMISSION;;VEV_5500;SEASHELLS;6;24
623600;SUBMISSION;;VEV_5500;SEASHELLS;6;23
623700;SUBMISSION;;VEV_5500;SEASHELLS;6;16
623800;SUBMISSION;;VEV_5500;SEASHELLS;6;28
623900;;SUBMISSION;VEV_4000;SEASHELLS;1224;2
623900;SUBMISSION;;VEV_5500;SEASHELLS;6;15
624000;SUBMISSION;;VEV_4000;SEASHELLS;1230;2
624000;SUBMISSION;;VEV_5500;SEASHELLS;6;27
624100;SUBMISSION;;VEV_5500;SEASHELLS;6;24
624200;SUBMISSION;;VEV_5500;SEASHELLS;6;18
627400;;SUBMISSION;HYDROGEL_PACK;SEASHELLS;9988;5
629300;;SUBMISSION;HYDROGEL_PACK;SEASHELLS;9996;4
631100;;SUBMISSION;HYDROGEL_PACK;SEASHELLS;10004;3
634800;;SUBMISSION;HYDROGEL_PACK;SEASHELLS;10011;2
636700;;SUBMISSION;HYDROGEL_PACK;SEASHELLS;10014;3
638500;;SUBMISSION;HYDROGEL_PACK;SEASHELLS;10002;6
639900;SUBMISSION;;HYDROGEL_PACK;SEASHELLS;9979;2
640100;;SUBMISSION;HYDROGEL_PACK;SEASHELLS;9997;4
643900;;SUBMISSION;HYDROGEL_PACK;SEASHELLS;10009;6
644300;SUBMISSION;;VEV_4000;SEASHELLS;1222;2
645000;;SUBMISSION;VEV_4000;SEASHELLS;1235;1
645500;;SUBMISSION;HYDROGEL_PACK;SEASHELLS;10023;2
645800;SUBMISSION;;VEV_4000;SEASHELLS;1223;1
646500;;SUBMISSION;HYDROGEL_PACK;SEASHELLS;10028;6
657100;SUBMISSION;;VEV_4000;SEASHELLS;1230;1
658800;;SUBMISSION;VEV_4000;SEASHELLS;1243;2
661800;;SUBMISSION;HYDROGEL_PACK;SEASHELLS;10021;4
662500;;SUBMISSION;VEV_4000;SEASHELLS;1251;1
663200;SUBMISSION;;VEV_4000;SEASHELLS;1236;1
663300;;SUBMISSION;VELVETFRUIT_EXTRACT;SEASHELLS;5244;3
664000;;SUBMISSION;VEV_4000;SEASHELLS;1246;2
664100;;SUBMISSION;VEV_4000;SEASHELLS;1248;2
665500;;SUBMISSION;VEV_4000;SEASHELLS;1248;2
668300;;SUBMISSION;VELVETFRUIT_EXTRACT;SEASHELLS;5244;4
672800;;SUBMISSION;VELVETFRUIT_EXTRACT;SEASHELLS;5242;4
675000;SUBMISSION;;VELVETFRUIT_EXTRACT;SEASHELLS;5233;7
675300;SUBMISSION;;VELVETFRUIT_EXTRACT;SEASHELLS;5235;4
679600;;SUBMISSION;HYDROGEL_PACK;SEASHELLS;9994;6
679600;;SUBMISSION;VELVETFRUIT_EXTRACT;SEASHELLS;5243;4
680000;;SUBMISSION;VELVETFRUIT_EXTRACT;SEASHELLS;5239;9
680300;;SUBMISSION;VELVETFRUIT_EXTRACT;SEASHELLS;5242;7
681600;;SUBMISSION;VEV_4000;SEASHELLS;1244;3
681700;SUBMISSION;;HYDROGEL_PACK;SEASHELLS;9981;14
681800;SUBMISSION;;HYDROGEL_PACK;SEASHELLS;9977;12
681800;SUBMISSION;;HYDROGEL_PACK;SEASHELLS;9980;26
681900;SUBMISSION;;HYDROGEL_PACK;SEASHELLS;9977;14
681900;SUBMISSION;;HYDROGEL_PACK;SEASHELLS;9980;12
683300;SUBMISSION;;VELVETFRUIT_EXTRACT;SEASHELLS;5235;3
685500;;SUBMISSION;VELVETFRUIT_EXTRACT;SEASHELLS;5243;5
685800;;SUBMISSION;VEV_4000;SEASHELLS;1249;1
687700;;SUBMISSION;VELVETFRUIT_EXTRACT;SEASHELLS;5243;25
687700;;SUBMISSION;VELVETFRUIT_EXTRACT;SEASHELLS;5243;5
689200;SUBMISSION;;VEV_4000;SEASHELLS;1237;3
690600;;SUBMISSION;HYDROGEL_PACK;SEASHELLS;9999;3
690600;;SUBMISSION;VELVETFRUIT_EXTRACT;SEASHELLS;5247;18
690600;;SUBMISSION;VELVETFRUIT_EXTRACT;SEASHELLS;5247;12
691300;SUBMISSION;;HYDROGEL_PACK;SEASHELLS;9983;3
692200;SUBMISSION;;VEV_4000;SEASHELLS;1242;2
693500;;SUBMISSION;VELVETFRUIT_EXTRACT;SEASHELLS;5248;6
693800;;SUBMISSION;HYDROGEL_PACK;SEASHELLS;10004;6
693900;;SUBMISSION;VELVETFRUIT_EXTRACT;SEASHELLS;5250;3
696200;;SUBMISSION;VELVETFRUIT_EXTRACT;SEASHELLS;5250;5
696300;;SUBMISSION;VELVETFRUIT_EXTRACT;SEASHELLS;5250;6
696800;;SUBMISSION;VELVETFRUIT_EXTRACT;SEASHELLS;5250;5
700700;;SUBMISSION;HYDROGEL_PACK;SEASHELLS;10021;10
700700;;SUBMISSION;HYDROGEL_PACK;SEASHELLS;10018;23
700900;;SUBMISSION;HYDROGEL_PACK;SEASHELLS;10028;7
700900;;SUBMISSION;HYDROGEL_PACK;SEASHELLS;10020;10
700900;;SUBMISSION;HYDROGEL_PACK;SEASHELLS;10018;30
701000;;SUBMISSION;HYDROGEL_PACK;SEASHELLS;10022;10
701000;;SUBMISSION;HYDROGEL_PACK;SEASHELLS;10019;27
701700;;SUBMISSION;HYDROGEL_PACK;SEASHELLS;10021;14
701700;;SUBMISSION;HYDROGEL_PACK;SEASHELLS;10019;21
702400;;SUBMISSION;HYDROGEL_PACK;SEASHELLS;10029;6
702400;;SUBMISSION;HYDROGEL_PACK;SEASHELLS;10022;13
702400;;SUBMISSION;HYDROGEL_PACK;SEASHELLS;10019;22
702500;;SUBMISSION;HYDROGEL_PACK;SEASHELLS;10022;1
702600;;SUBMISSION;HYDROGEL_PACK;SEASHELLS;10023;12
702600;;SUBMISSION;HYDROGEL_PACK;SEASHELLS;10020;21
703000;;SUBMISSION;HYDROGEL_PACK;SEASHELLS;10023;11
703000;;SUBMISSION;HYDROGEL_PACK;SEASHELLS;10020;20
704600;;SUBMISSION;HYDROGEL_PACK;SEASHELLS;10024;11
704600;;SUBMISSION;HYDROGEL_PACK;SEASHELLS;10021;28
704800;;SUBMISSION;HYDROGEL_PACK;SEASHELLS;10026;12
704800;;SUBMISSION;HYDROGEL_PACK;SEASHELLS;10024;24
704900;;SUBMISSION;HYDROGEL_PACK;SEASHELLS;10024;10
704900;;SUBMISSION;HYDROGEL_PACK;SEASHELLS;10021;20
705100;;SUBMISSION;HYDROGEL_PACK;SEASHELLS;10025;13
705100;;SUBMISSION;HYDROGEL_PACK;SEASHELLS;10023;18
707600;;SUBMISSION;VELVETFRUIT_EXTRACT;SEASHELLS;5252;6
708700;;SUBMISSION;VELVETFRUIT_EXTRACT;SEASHELLS;5257;3
710400;;SUBMISSION;VELVETFRUIT_EXTRACT;SEASHELLS;5251;3
711900;;SUBMISSION;VELVETFRUIT_EXTRACT;SEASHELLS;5250;3
712900;;SUBMISSION;VELVETFRUIT_EXTRACT;SEASHELLS;5249;6
713700;;SUBMISSION;VEV_4000;SEASHELLS;1251;1
713800;;SUBMISSION;VEV_4000;SEASHELLS;1252;2
723500;;SUBMISSION;VEV_5100;SEASHELLS;179;6
723500;;SUBMISSION;VEV_5100;SEASHELLS;178;12
723500;;SUBMISSION;VEV_5200;SEASHELLS;106;6
723500;;SUBMISSION;VEV_5200;SEASHELLS;105;12
723600;;SUBMISSION;VEV_4000;SEASHELLS;1254;10
723600;;SUBMISSION;VEV_4000;SEASHELLS;1251;20
723600;;SUBMISSION;VEV_4500;SEASHELLS;756;9
723600;;SUBMISSION;VEV_4500;SEASHELLS;754;15
723600;;SUBMISSION;VEV_5000;SEASHELLS;266;9
723600;;SUBMISSION;VEV_5000;SEASHELLS;265;15
723600;;SUBMISSION;VEV_5100;SEASHELLS;179;24
723600;;SUBMISSION;VEV_5200;SEASHELLS;106;24
723700;;SUBMISSION;VEV_4000;SEASHELLS;1254;13
723700;;SUBMISSION;VEV_4000;SEASHELLS;1252;17
723700;;SUBMISSION;VEV_4500;SEASHELLS;757;7
723700;;SUBMISSION;VEV_4500;SEASHELLS;755;23
723700;;SUBMISSION;VEV_5000;SEASHELLS;267;7
723700;;SUBMISSION;VEV_5000;SEASHELLS;266;23
723700;;SUBMISSION;VEV_5100;SEASHELLS;180;7
723700;;SUBMISSION;VEV_5100;SEASHELLS;179;23
723700;;SUBMISSION;VEV_5200;SEASHELLS;107;7
723700;;SUBMISSION;VEV_5200;SEASHELLS;106;23
723800;;SUBMISSION;VEV_4000;SEASHELLS;1257;7
723800;;SUBMISSION;VEV_4000;SEASHELLS;1254;23
723800;;SUBMISSION;VEV_4500;SEASHELLS;759;7
723800;;SUBMISSION;VEV_4500;SEASHELLS;757;17
723800;;SUBMISSION;VEV_5000;SEASHELLS;269;7
723800;;SUBMISSION;VEV_5000;SEASHELLS;268;17
723800;;SUBMISSION;VEV_5100;SEASHELLS;182;7
723800;;SUBMISSION;VEV_5100;SEASHELLS;181;17
723800;;SUBMISSION;VEV_5200;SEASHELLS;108;24
723900;;SUBMISSION;VEV_4000;SEASHELLS;1257;10
723900;;SUBMISSION;VEV_4000;SEASHELLS;1254;15
723900;;SUBMISSION;VEV_4500;SEASHELLS;759;9
723900;;SUBMISSION;VEV_4500;SEASHELLS;757;12
723900;;SUBMISSION;VEV_5000;SEASHELLS;269;9
723900;;SUBMISSION;VEV_5000;SEASHELLS;268;12
723900;;SUBMISSION;VEV_5100;SEASHELLS;182;21
723900;;SUBMISSION;VEV_5200;SEASHELLS;108;21
724000;;SUBMISSION;VEV_4000;SEASHELLS;1257;8
724000;;SUBMISSION;VEV_4000;SEASHELLS;1254;22
724000;;SUBMISSION;VEV_4500;SEASHELLS;759;7
724000;;SUBMISSION;VEV_4500;SEASHELLS;757;15
724000;;SUBMISSION;VEV_5000;SEASHELLS;269;7
724000;;SUBMISSION;VEV_5000;SEASHELLS;268;15
724000;;SUBMISSION;VEV_5100;SEASHELLS;182;22
724000;;SUBMISSION;VEV_5200;SEASHELLS;108;22
724100;;SUBMISSION;VEV_4000;SEASHELLS;1257;13
724100;;SUBMISSION;VEV_4000;SEASHELLS;1255;17
724100;;SUBMISSION;VEV_4500;SEASHELLS;760;11
724100;;SUBMISSION;VEV_4500;SEASHELLS;758;19
724100;;SUBMISSION;VEV_5000;SEASHELLS;269;30
724100;;SUBMISSION;VEV_5100;SEASHELLS;182;30
724100;;SUBMISSION;VEV_5200;SEASHELLS;109;11
724100;;SUBMISSION;VEV_5200;SEASHELLS;108;19
724100;;SUBMISSION;VEV_5300;SEASHELLS;55;30
724200;;SUBMISSION;VEV_4000;SEASHELLS;1267;5
724200;;SUBMISSION;VEV_4000;SEASHELLS;1257;13
724200;;SUBMISSION;VEV_4000;SEASHELLS;1255;12
724200;;SUBMISSION;VEV_4500;SEASHELLS;767;5
724200;;SUBMISSION;VEV_4500;SEASHELLS;760;11
724200;;SUBMISSION;VEV_4500;SEASHELLS;758;14
724200;;SUBMISSION;VEV_5000;SEASHELLS;272;5
724200;;SUBMISSION;VEV_5000;SEASHELLS;269;25
724200;;SUBMISSION;VEV_5100;SEASHELLS;184;5
724200;;SUBMISSION;VEV_5100;SEASHELLS;182;25
724200;;SUBMISSION;VEV_5200;SEASHELLS;110;5
724200;;SUBMISSION;VEV_5200;SEASHELLS;109;11
724200;;SUBMISSION;VEV_5200;SEASHELLS;108;14
724200;;SUBMISSION;VEV_5300;SEASHELLS;56;5
724200;;SUBMISSION;VEV_5300;SEASHELLS;55;21
724300;;SUBMISSION;VEV_4000;SEASHELLS;1257;8
724300;;SUBMISSION;VEV_4000;SEASHELLS;1254;22
724300;;SUBMISSION;VEV_4500;SEASHELLS;759;9
724300;;SUBMISSION;VEV_4500;SEASHELLS;757;16
724300;;SUBMISSION;VEV_5000;SEASHELLS;269;9
724300;;SUBMISSION;VEV_5000;SEASHELLS;268;16
724300;;SUBMISSION;VEV_5100;SEASHELLS;182;25
724300;;SUBMISSION;VEV_5200;SEASHELLS;108;25
724400;;SUBMISSION;VEV_4000;SEASHELLS;1257;13
724400;;SUBMISSION;VEV_4000;SEASHELLS;1254;17
724400;;SUBMISSION;VEV_4500;SEASHELLS;759;8
724400;;SUBMISSION;VEV_4500;SEASHELLS;757;17
724400;;SUBMISSION;VEV_5000;SEASHELLS;269;8
724400;;SUBMISSION;VEV_5000;SEASHELLS;268;17
724400;;SUBMISSION;VEV_5100;SEASHELLS;182;8
724400;;SUBMISSION;VEV_5100;SEASHELLS;181;17
724400;;SUBMISSION;VEV_5200;SEASHELLS;108;25
724500;;SUBMISSION;VEV_4000;SEASHELLS;1257;15
724500;;SUBMISSION;VEV_4000;SEASHELLS;1255;15
724500;;SUBMISSION;VEV_4500;SEASHELLS;760;9
724500;;SUBMISSION;VEV_4500;SEASHELLS;758;14
724500;;SUBMISSION;VEV_5000;SEASHELLS;269;23
724500;;SUBMISSION;VEV_5100;SEASHELLS;182;23
724500;;SUBMISSION;VEV_5200;SEASHELLS;109;9
724500;;SUBMISSION;VEV_5200;SEASHELLS;108;14
724500;;SUBMISSION;VEV_5300;SEASHELLS;55;24
724600;;SUBMISSION;VEV_4000;SEASHELLS;1257;7
724600;;SUBMISSION;VEV_4000;SEASHELLS;1255;18
724600;;SUBMISSION;VEV_4500;SEASHELLS;760;8
724600;;SUBMISSION;VEV_4500;SEASHELLS;758;19
724600;;SUBMISSION;VEV_5000;SEASHELLS;269;27
724600;;SUBMISSION;VEV_5100;SEASHELLS;182;27
724600;;SUBMISSION;VEV_5200;SEASHELLS;109;8
724600;;SUBMISSION;VEV_5200;SEASHELLS;108;19
724600;;SUBMISSION;VEV_5300;SEASHELLS;55;22
724700;;SUBMISSION;VEV_4000;SEASHELLS;1258;15
724700;;SUBMISSION;VEV_4000;SEASHELLS;1256;15
724700;;SUBMISSION;VEV_4500;SEASHELLS;761;9
724700;;SUBMISSION;VEV_4500;SEASHELLS;759;18
724700;;SUBMISSION;VEV_5000;SEASHELLS;270;27
724700;;SUBMISSION;VEV_5100;SEASHELLS;183;27
724700;;SUBMISSION;VEV_5200;SEASHELLS;109;27
724700;;SUBMISSION;VEV_5300;SEASHELLS;56;10
724700;;SUBMISSION;VEV_5300;SEASHELLS;55;20
724700;;SUBMISSION;VEV_5500;SEASHELLS;9;30
724800;;SUBMISSION;VEV_4000;SEASHELLS;1258;13
724800;;SUBMISSION;VEV_4000;SEASHELLS;1255;17
724800;;SUBMISSION;VEV_4500;SEASHELLS;760;9
724800;;SUBMISSION;VEV_4500;SEASHELLS;758;20
724800;;SUBMISSION;VEV_5000;SEASHELLS;270;9
724800;;SUBMISSION;VEV_5000;SEASHELLS;269;20
724800;;SUBMISSION;VEV_5100;SEASHELLS;183;9
724800;;SUBMISSION;VEV_5100;SEASHELLS;182;20
724800;;SUBMISSION;VEV_5200;SEASHELLS;109;29
724800;;SUBMISSION;VEV_5300;SEASHELLS;55;26
724900;;SUBMISSION;VEV_4000;SEASHELLS;1258;12
724900;;SUBMISSION;VEV_4000;SEASHELLS;1256;18
724900;;SUBMISSION;VEV_4500;SEASHELLS;761;9
724900;;SUBMISSION;VEV_4500;SEASHELLS;759;19
724900;;SUBMISSION;VEV_5000;SEASHELLS;270;28
724900;;SUBMISSION;VEV_5100;SEASHELLS;183;28
724900;;SUBMISSION;VEV_5200;SEASHELLS;109;28
724900;;SUBMISSION;VEV_5300;SEASHELLS;56;20
724900;;SUBMISSION;VEV_5500;SEASHELLS;9;20
725000;;SUBMISSION;VEV_4000;SEASHELLS;1258;14
725000;;SUBMISSION;VEV_4000;SEASHELLS;1255;16
725000;;SUBMISSION;VEV_4500;SEASHELLS;760;11
725000;;SUBMISSION;VEV_4500;SEASHELLS;758;19
725000;;SUBMISSION;VEV_5000;SEASHELLS;270;11
725000;;SUBMISSION;VEV_5000;SEASHELLS;269;19
725000;;SUBMISSION;VEV_5100;SEASHELLS;183;30
725000;;SUBMISSION;VEV_5200;SEASHELLS;109;30
725000;;SUBMISSION;VEV_5300;SEASHELLS;55;22
725100;;SUBMISSION;VEV_4000;SEASHELLS;1257;12
725100;;SUBMISSION;VEV_4000;SEASHELLS;1255;16
725100;;SUBMISSION;VEV_4500;SEASHELLS;760;11
725100;;SUBMISSION;VEV_4500;SEASHELLS;758;19
725100;;SUBMISSION;VEV_5000;SEASHELLS;269;30
725100;;SUBMISSION;VEV_5100;SEASHELLS;182;30
725100;;SUBMISSION;VEV_5200;SEASHELLS;109;11
725100;;SUBMISSION;VEV_5200;SEASHELLS;108;19
725100;;SUBMISSION;VEV_5300;SEASHELLS;55;24
725200;;SUBMISSION;VEV_4000;SEASHELLS;1256;9
725200;;SUBMISSION;VEV_4000;SEASHELLS;1254;21
725200;;SUBMISSION;VEV_4500;SEASHELLS;759;11
725200;;SUBMISSION;VEV_4500;SEASHELLS;757;14
725200;;SUBMISSION;VEV_5000;SEASHELLS;269;11
725200;;SUBMISSION;VEV_5000;SEASHELLS;268;14
725200;;SUBMISSION;VEV_5100;SEASHELLS;182;11
725200;;SUBMISSION;VEV_5100;SEASHELLS;181;14
725200;;SUBMISSION;VEV_5200;SEASHELLS;108;25
725300;;SUBMISSION;VEV_4000;SEASHELLS;1256;13
725300;;SUBMISSION;VEV_4000;SEASHELLS;1253;17
725300;;SUBMISSION;VEV_4500;SEASHELLS;758;9
725300;;SUBMISSION;VEV_4500;SEASHELLS;756;14
725300;;SUBMISSION;VEV_5000;SEASHELLS;268;23
725300;;SUBMISSION;VEV_5100;SEASHELLS;181;23
725300;;SUBMISSION;VEV_5200;SEASHELLS;108;23
725400;;SUBMISSION;VEV_4000;SEASHELLS;1255;7
725400;;SUBMISSION;VEV_4000;SEASHELLS;1252;15
725400;;SUBMISSION;VEV_4500;SEASHELLS;757;10
725400;;SUBMISSION;VEV_4500;SEASHELLS;756;18
725400;;SUBMISSION;VEV_5000;SEASHELLS;267;28
725400;;SUBMISSION;VEV_5100;SEASHELLS;181;10
725400;;SUBMISSION;VEV_5100;SEASHELLS;180;18
725400;;SUBMISSION;VEV_5200;SEASHELLS;107;28
725500;;SUBMISSION;VEV_4000;SEASHELLS;1256;15
725500;;SUBMISSION;VEV_4000;SEASHELLS;1253;15
725500;;SUBMISSION;VEV_4500;SEASHELLS;758;10
725500;;SUBMISSION;VEV_4500;SEASHELLS;756;15
725500;;SUBMISSION;VEV_5000;SEASHELLS;268;10
725500;;SUBMISSION;VEV_5000;SEASHELLS;267;15
725500;;SUBMISSION;VEV_5100;SEASHELLS;181;25
725500;;SUBMISSION;VEV_5200;SEASHELLS;108;10
725500;;SUBMISSION;VEV_5200;SEASHELLS;107;15
725600;;SUBMISSION;VEV_4000;SEASHELLS;1257;3
725600;;SUBMISSION;VEV_4500;SEASHELLS;759;9
725600;;SUBMISSION;VEV_4500;SEASHELLS;757;15
725600;;SUBMISSION;VEV_5000;SEASHELLS;269;9
725600;;SUBMISSION;VEV_5000;SEASHELLS;268;15
725600;;SUBMISSION;VEV_5100;SEASHELLS;182;24
725600;;SUBMISSION;VEV_5200;SEASHELLS;108;24
725700;;SUBMISSION;VEV_4500;SEASHELLS;759;7
725700;;SUBMISSION;VEV_4500;SEASHELLS;757;17
725700;;SUBMISSION;VEV_5000;SEASHELLS;269;7
725700;;SUBMISSION;VEV_5000;SEASHELLS;268;17
725700;;SUBMISSION;VEV_5100;SEASHELLS;182;7
725700;;SUBMISSION;VEV_5100;SEASHELLS;181;15
725700;;SUBMISSION;VEV_5200;SEASHELLS;108;22
725800;;SUBMISSION;VEV_4500;SEASHELLS;759;9
725800;;SUBMISSION;VEV_4500;SEASHELLS;757;7
725800;;SUBMISSION;VEV_5000;SEASHELLS;269;9
725800;;SUBMISSION;VEV_5000;SEASHELLS;268;7
725900;;SUBMISSION;VEV_5300;SEASHELLS;55;19
726000;;SUBMISSION;VEV_5300;SEASHELLS;56;8
726000;;SUBMISSION;VEV_5300;SEASHELLS;55;13
726100;;SUBMISSION;VEV_5300;SEASHELLS;57;19
726100;;SUBMISSION;VEV_5500;SEASHELLS;10;19
726200;;SUBMISSION;VEV_5300;SEASHELLS;56;17
726200;;SUBMISSION;VEV_5500;SEASHELLS;9;17
726300;;SUBMISSION;VEV_5300;SEASHELLS;57;29
726300;;SUBMISSION;VEV_5500;SEASHELLS;10;29
726400;;SUBMISSION;VEV_5300;SEASHELLS;57;10
726400;;SUBMISSION;VEV_5300;SEASHELLS;56;14
726400;;SUBMISSION;VEV_5500;SEASHELLS;9;24
726500;;SUBMISSION;VEV_5300;SEASHELLS;57;19
726500;;SUBMISSION;VEV_5500;SEASHELLS;10;19
726600;;SUBMISSION;VEV_5300;SEASHELLS;57;7
726600;;SUBMISSION;VEV_5300;SEASHELLS;56;19
726600;;SUBMISSION;VEV_5500;SEASHELLS;10;7
726600;;SUBMISSION;VEV_5500;SEASHELLS;9;19
726700;;SUBMISSION;VEV_5300;SEASHELLS;57;7
726700;;SUBMISSION;VEV_5300;SEASHELLS;56;10
726700;;SUBMISSION;VEV_5500;SEASHELLS;10;7
726700;;SUBMISSION;VEV_5500;SEASHELLS;9;10
726800;;SUBMISSION;VEV_5300;SEASHELLS;57;7
726800;;SUBMISSION;VEV_5300;SEASHELLS;56;15
726800;;SUBMISSION;VEV_5500;SEASHELLS;9;22
726900;;SUBMISSION;VEV_5300;SEASHELLS;56;24
726900;;SUBMISSION;VEV_5500;SEASHELLS;9;24
727000;;SUBMISSION;VEV_5300;SEASHELLS;57;9
727000;;SUBMISSION;VEV_5300;SEASHELLS;56;16
727000;;SUBMISSION;VEV_5500;SEASHELLS;10;9
727000;;SUBMISSION;VEV_5500;SEASHELLS;9;16
727100;;SUBMISSION;VEV_5300;SEASHELLS;57;10
727100;;SUBMISSION;VEV_5300;SEASHELLS;56;11
727100;;SUBMISSION;VEV_5500;SEASHELLS;10;10
727100;;SUBMISSION;VEV_5500;SEASHELLS;9;11
727200;;SUBMISSION;VEV_5300;SEASHELLS;56;22
727200;;SUBMISSION;VEV_5500;SEASHELLS;9;22
727300;;SUBMISSION;VEV_5300;SEASHELLS;56;19
727300;;SUBMISSION;VEV_5500;SEASHELLS;9;19
727400;;SUBMISSION;VELVETFRUIT_EXTRACT;SEASHELLS;5269;6
727400;;SUBMISSION;VEV_5300;SEASHELLS;56;27
727400;;SUBMISSION;VEV_5500;SEASHELLS;9;27
727500;;SUBMISSION;VEV_5300;SEASHELLS;57;15
727500;;SUBMISSION;VEV_5500;SEASHELLS;10;24
727600;;SUBMISSION;VEV_5500;SEASHELLS;10;21
727700;;SUBMISSION;VEV_5500;SEASHELLS;10;20
727800;;SUBMISSION;VEV_5500;SEASHELLS;10;24
727900;;SUBMISSION;VEV_5500;SEASHELLS;10;25
728000;;SUBMISSION;VEV_5500;SEASHELLS;9;23
728100;;SUBMISSION;VEV_5500;SEASHELLS;9;23
728200;;SUBMISSION;VEV_5500;SEASHELLS;9;27
728300;;SUBMISSION;VEV_5500;SEASHELLS;10;6
728300;;SUBMISSION;VEV_5500;SEASHELLS;9;20
728400;;SUBMISSION;VEV_5500;SEASHELLS;9;16
731500;;SUBMISSION;VELVETFRUIT_EXTRACT;SEASHELLS;5274;7
735900;SUBMISSION;;VEV_4000;SEASHELLS;1265;2
736000;;SUBMISSION;VEV_4000;SEASHELLS;1259;2
739100;;SUBMISSION;VEV_4000;SEASHELLS;1276;3
741100;;SUBMISSION;VELVETFRUIT_EXTRACT;SEASHELLS;5268;9
744700;;SUBMISSION;VELVETFRUIT_EXTRACT;SEASHELLS;5271;6
746800;;SUBMISSION;VELVETFRUIT_EXTRACT;SEASHELLS;5274;4
748000;;SUBMISSION;VELVETFRUIT_EXTRACT;SEASHELLS;5272;40
748000;;SUBMISSION;VELVETFRUIT_EXTRACT;SEASHELLS;5277;7
748000;;SUBMISSION;VEV_4000;SEASHELLS;1281;1
748100;;SUBMISSION;VELVETFRUIT_EXTRACT;SEASHELLS;5274;60
748100;;SUBMISSION;VEV_5400;SEASHELLS;22;29
748200;;SUBMISSION;VELVETFRUIT_EXTRACT;SEASHELLS;5275;8
748200;;SUBMISSION;VELVETFRUIT_EXTRACT;SEASHELLS;5273;18
748200;;SUBMISSION;VELVETFRUIT_EXTRACT;SEASHELLS;5272;47
748400;;SUBMISSION;VELVETFRUIT_EXTRACT;SEASHELLS;5275;8
748400;;SUBMISSION;VELVETFRUIT_EXTRACT;SEASHELLS;5273;19
748400;;SUBMISSION;VELVETFRUIT_EXTRACT;SEASHELLS;5272;33
749100;;SUBMISSION;VEV_5400;SEASHELLS;22;26
749200;;SUBMISSION;VEV_5400;SEASHELLS;22;28
749400;;SUBMISSION;VEV_5400;SEASHELLS;22;19
749500;;SUBMISSION;VEV_5400;SEASHELLS;22;29
749600;;SUBMISSION;VEV_5400;SEASHELLS;22;23
749700;;SUBMISSION;VEV_5400;SEASHELLS;22;22
749800;;SUBMISSION;VEV_5400;SEASHELLS;22;27
749900;;SUBMISSION;VEV_5400;SEASHELLS;22;20
750000;;SUBMISSION;VEV_5400;SEASHELLS;22;24
750100;;SUBMISSION;VEV_5400;SEASHELLS;22;17
750200;;SUBMISSION;VEV_5400;SEASHELLS;22;27
750300;;SUBMISSION;VEV_5400;SEASHELLS;22;23
750400;;SUBMISSION;VEV_5400;SEASHELLS;22;27
750500;;SUBMISSION;VEV_5400;SEASHELLS;22;19
750600;;SUBMISSION;VEV_5400;SEASHELLS;22;24
750700;;SUBMISSION;VEV_5400;SEASHELLS;22;17
750800;;SUBMISSION;VEV_5400;SEASHELLS;22;24
750900;;SUBMISSION;VEV_5400;SEASHELLS;22;19
751000;;SUBMISSION;VEV_5400;SEASHELLS;22;28
751100;;SUBMISSION;VEV_5400;SEASHELLS;23;23
751200;;SUBMISSION;VEV_5400;SEASHELLS;23;19
751300;;SUBMISSION;VEV_5400;SEASHELLS;23;19
751400;;SUBMISSION;VEV_5400;SEASHELLS;23;24
751500;;SUBMISSION;VEV_5400;SEASHELLS;23;24
751600;;SUBMISSION;VEV_5400;SEASHELLS;24;11
761600;SUBMISSION;;VEV_4000;SEASHELLS;1250;3
762000;;SUBMISSION;VEV_4000;SEASHELLS;1262;2
762500;;SUBMISSION;VEV_4000;SEASHELLS;1261;2
764200;SUBMISSION;;HYDROGEL_PACK;SEASHELLS;9996;4
764400;SUBMISSION;;HYDROGEL_PACK;SEASHELLS;9995;5
769500;;SUBMISSION;HYDROGEL_PACK;SEASHELLS;10021;3
776900;SUBMISSION;;HYDROGEL_PACK;SEASHELLS;10000;4
778400;SUBMISSION;;HYDROGEL_PACK;SEASHELLS;10000;6
778700;;SUBMISSION;HYDROGEL_PACK;SEASHELLS;10010;4
779000;;SUBMISSION;HYDROGEL_PACK;SEASHELLS;10009;4
779400;SUBMISSION;;VELVETFRUIT_EXTRACT;SEASHELLS;5251;17
779400;SUBMISSION;;VELVETFRUIT_EXTRACT;SEASHELLS;5252;45
779500;SUBMISSION;;VELVETFRUIT_EXTRACT;SEASHELLS;5252;62
779700;SUBMISSION;;VELVETFRUIT_EXTRACT;SEASHELLS;5252;65
780100;;SUBMISSION;HYDROGEL_PACK;SEASHELLS;10019;4
780200;SUBMISSION;;VELVETFRUIT_EXTRACT;SEASHELLS;5252;21
780300;SUBMISSION;;VELVETFRUIT_EXTRACT;SEASHELLS;5251;61
780400;SUBMISSION;;VELVETFRUIT_EXTRACT;SEASHELLS;5251;24
780400;SUBMISSION;;VELVETFRUIT_EXTRACT;SEASHELLS;5252;32
780500;SUBMISSION;;VELVETFRUIT_EXTRACT;SEASHELLS;5252;71
780600;SUBMISSION;;VELVETFRUIT_EXTRACT;SEASHELLS;5250;2
783500;SUBMISSION;;HYDROGEL_PACK;SEASHELLS;9995;10
783600;SUBMISSION;;HYDROGEL_PACK;SEASHELLS;9992;11
783600;SUBMISSION;;HYDROGEL_PACK;SEASHELLS;9995;27
783700;SUBMISSION;;HYDROGEL_PACK;SEASHELLS;9993;11
783700;SUBMISSION;;HYDROGEL_PACK;SEASHELLS;9995;27
785300;SUBMISSION;;HYDROGEL_PACK;SEASHELLS;9986;6
785800;SUBMISSION;;HYDROGEL_PACK;SEASHELLS;9991;10
786200;SUBMISSION;;HYDROGEL_PACK;SEASHELLS;9994;11
786200;SUBMISSION;;HYDROGEL_PACK;SEASHELLS;9996;25
786300;SUBMISSION;;HYDROGEL_PACK;SEASHELLS;9994;14
786400;SUBMISSION;;HYDROGEL_PACK;SEASHELLS;9996;12
786600;SUBMISSION;;HYDROGEL_PACK;SEASHELLS;9996;11
786700;SUBMISSION;;HYDROGEL_PACK;SEASHELLS;9994;14
786700;SUBMISSION;;HYDROGEL_PACK;SEASHELLS;9996;29
786800;SUBMISSION;;HYDROGEL_PACK;SEASHELLS;9995;11
786900;SUBMISSION;;HYDROGEL_PACK;SEASHELLS;9995;11
787300;SUBMISSION;;VEV_4000;SEASHELLS;1242;3
793800;;SUBMISSION;HYDROGEL_PACK;SEASHELLS;10012;4
794900;SUBMISSION;;HYDROGEL_PACK;SEASHELLS;9992;4
794900;SUBMISSION;;VEV_5400;SEASHELLS;15;24
795400;SUBMISSION;;VEV_5400;SEASHELLS;15;7
795400;SUBMISSION;;VEV_5400;SEASHELLS;16;10
795500;SUBMISSION;;VEV_5400;SEASHELLS;15;8
795500;SUBMISSION;;VEV_5400;SEASHELLS;16;14
795600;SUBMISSION;;VEV_5400;SEASHELLS;15;19
795700;SUBMISSION;;HYDROGEL_PACK;SEASHELLS;9983;4
795700;SUBMISSION;;VEV_5400;SEASHELLS;15;26
795800;SUBMISSION;;VEV_5400;SEASHELLS;15;23
795900;SUBMISSION;;VEV_5400;SEASHELLS;15;27
796000;SUBMISSION;;VEV_5400;SEASHELLS;15;28
796100;SUBMISSION;;VEV_5400;SEASHELLS;15;24
796200;SUBMISSION;;VEV_5400;SEASHELLS;15;23
796300;SUBMISSION;;VEV_5400;SEASHELLS;15;24
796400;SUBMISSION;;VEV_5400;SEASHELLS;15;5
796400;SUBMISSION;;VEV_5400;SEASHELLS;16;13
796500;SUBMISSION;;VEV_5400;SEASHELLS;15;20
796600;SUBMISSION;;VEV_5400;SEASHELLS;15;18
796700;SUBMISSION;;VEV_5400;SEASHELLS;15;19
799200;;SUBMISSION;HYDROGEL_PACK;SEASHELLS;10004;6
802300;SUBMISSION;;HYDROGEL_PACK;SEASHELLS;9985;2
802300;;SUBMISSION;VEV_4000;SEASHELLS;1256;2
804800;SUBMISSION;;HYDROGEL_PACK;SEASHELLS;9981;4
805300;SUBMISSION;;HYDROGEL_PACK;SEASHELLS;9994;14
805400;SUBMISSION;;HYDROGEL_PACK;SEASHELLS;9993;14
805500;SUBMISSION;;HYDROGEL_PACK;SEASHELLS;9993;13
805600;SUBMISSION;;HYDROGEL_PACK;SEASHELLS;9994;10
805900;SUBMISSION;;HYDROGEL_PACK;SEASHELLS;9993;15
805900;SUBMISSION;;HYDROGEL_PACK;SEASHELLS;9978;3
806000;SUBMISSION;;HYDROGEL_PACK;SEASHELLS;9993;13
806100;SUBMISSION;;HYDROGEL_PACK;SEASHELLS;9992;14
806100;SUBMISSION;;HYDROGEL_PACK;SEASHELLS;9994;22
806200;SUBMISSION;;HYDROGEL_PACK;SEASHELLS;9991;12
806200;SUBMISSION;;HYDROGEL_PACK;SEASHELLS;9994;22
808600;;SUBMISSION;VEV_4000;SEASHELLS;1247;1
816900;;SUBMISSION;VELVETFRUIT_EXTRACT;SEASHELLS;5254;5
818500;;SUBMISSION;VELVETFRUIT_EXTRACT;SEASHELLS;5255;3
819500;SUBMISSION;;VELVETFRUIT_EXTRACT;SEASHELLS;5250;8
821700;;SUBMISSION;VELVETFRUIT_EXTRACT;SEASHELLS;5255;8
822700;;SUBMISSION;VELVETFRUIT_EXTRACT;SEASHELLS;5254;10
824500;SUBMISSION;;VELVETFRUIT_EXTRACT;SEASHELLS;5247;10
825100;SUBMISSION;;VELVETFRUIT_EXTRACT;SEASHELLS;5245;8
827000;;SUBMISSION;VELVETFRUIT_EXTRACT;SEASHELLS;5256;8
829200;;SUBMISSION;VELVETFRUIT_EXTRACT;SEASHELLS;5258;24
831400;;SUBMISSION;VELVETFRUIT_EXTRACT;SEASHELLS;5257;8
832500;;SUBMISSION;VELVETFRUIT_EXTRACT;SEASHELLS;5254;15
832500;;SUBMISSION;VELVETFRUIT_EXTRACT;SEASHELLS;5254;14
838200;;SUBMISSION;VELVETFRUIT_EXTRACT;SEASHELLS;5258;6
838500;;SUBMISSION;VELVETFRUIT_EXTRACT;SEASHELLS;5254;5
838800;;SUBMISSION;VELVETFRUIT_EXTRACT;SEASHELLS;5258;5
840700;;SUBMISSION;VELVETFRUIT_EXTRACT;SEASHELLS;5259;13
841600;SUBMISSION;;VEV_4000;SEASHELLS;1251;3
841900;;SUBMISSION;VELVETFRUIT_EXTRACT;SEASHELLS;5258;3
842800;;SUBMISSION;VELVETFRUIT_EXTRACT;SEASHELLS;5255;8
843000;;SUBMISSION;HYDROGEL_PACK;SEASHELLS;10015;3
844600;;SUBMISSION;HYDROGEL_PACK;SEASHELLS;10005;4
847900;SUBMISSION;;VEV_4000;SEASHELLS;1253;3
850400;;SUBMISSION;HYDROGEL_PACK;SEASHELLS;10013;6
851700;SUBMISSION;;VELVETFRUIT_EXTRACT;SEASHELLS;5253;4
851800;SUBMISSION;;VELVETFRUIT_EXTRACT;SEASHELLS;5253;14
852600;SUBMISSION;;VEV_4000;SEASHELLS;1248;1
852800;SUBMISSION;;VELVETFRUIT_EXTRACT;SEASHELLS;5252;7
853800;;SUBMISSION;VEV_4000;SEASHELLS;1260;1
855900;;SUBMISSION;VELVETFRUIT_EXTRACT;SEASHELLS;5255;24
860200;SUBMISSION;;VELVETFRUIT_EXTRACT;SEASHELLS;5252;8
860500;;SUBMISSION;HYDROGEL_PACK;SEASHELLS;10015;4
860700;SUBMISSION;;VELVETFRUIT_EXTRACT;SEASHELLS;5252;10
861800;;SUBMISSION;VELVETFRUIT_EXTRACT;SEASHELLS;5255;3
862100;;SUBMISSION;VEV_4000;SEASHELLS;1256;3
862200;SUBMISSION;;VELVETFRUIT_EXTRACT;SEASHELLS;5252;25
862300;SUBMISSION;;VELVETFRUIT_EXTRACT;SEASHELLS;5250;68
863700;;SUBMISSION;VELVETFRUIT_EXTRACT;SEASHELLS;5254;5
864500;SUBMISSION;;VELVETFRUIT_EXTRACT;SEASHELLS;5251;5
864800;;SUBMISSION;VEV_4000;SEASHELLS;1253;3
866800;;SUBMISSION;VELVETFRUIT_EXTRACT;SEASHELLS;5257;20
867200;;SUBMISSION;HYDROGEL_PACK;SEASHELLS;10019;3
869500;SUBMISSION;;VEV_4000;SEASHELLS;1264;1
870200;;SUBMISSION;VELVETFRUIT_EXTRACT;SEASHELLS;5270;6
870200;;SUBMISSION;VEV_4000;SEASHELLS;1274;1
871100;;SUBMISSION;VELVETFRUIT_EXTRACT;SEASHELLS;5269;4
871200;;SUBMISSION;VELVETFRUIT_EXTRACT;SEASHELLS;5263;9
873100;;SUBMISSION;HYDROGEL_PACK;SEASHELLS;10011;3
874800;SUBMISSION;;HYDROGEL_PACK;SEASHELLS;9991;4
874800;;SUBMISSION;VELVETFRUIT_EXTRACT;SEASHELLS;5257;25
876100;SUBMISSION;;HYDROGEL_PACK;SEASHELLS;9990;6
878600;;SUBMISSION;VELVETFRUIT_EXTRACT;SEASHELLS;5259;5
880800;;SUBMISSION;VELVETFRUIT_EXTRACT;SEASHELLS;5257;5
882600;SUBMISSION;;VELVETFRUIT_EXTRACT;SEASHELLS;5251;10
882600;SUBMISSION;;VELVETFRUIT_EXTRACT;SEASHELLS;5251;10
882800;SUBMISSION;;VELVETFRUIT_EXTRACT;SEASHELLS;5249;8
882900;SUBMISSION;;VELVETFRUIT_EXTRACT;SEASHELLS;5253;25
883000;SUBMISSION;;VELVETFRUIT_EXTRACT;SEASHELLS;5252;19
883000;SUBMISSION;;VELVETFRUIT_EXTRACT;SEASHELLS;5253;2
885100;;SUBMISSION;HYDROGEL_PACK;SEASHELLS;10020;11
885100;;SUBMISSION;HYDROGEL_PACK;SEASHELLS;10017;3
885800;;SUBMISSION;HYDROGEL_PACK;SEASHELLS;10021;14
885800;;SUBMISSION;HYDROGEL_PACK;SEASHELLS;10018;23
885900;;SUBMISSION;HYDROGEL_PACK;SEASHELLS;10021;15
885900;;SUBMISSION;HYDROGEL_PACK;SEASHELLS;10018;22
886000;;SUBMISSION;HYDROGEL_PACK;SEASHELLS;10022;13
886000;;SUBMISSION;HYDROGEL_PACK;SEASHELLS;10020;27
886100;;SUBMISSION;HYDROGEL_PACK;SEASHELLS;10023;14
886100;;SUBMISSION;HYDROGEL_PACK;SEASHELLS;10020;24
886200;;SUBMISSION;HYDROGEL_PACK;SEASHELLS;10023;12
886200;;SUBMISSION;HYDROGEL_PACK;SEASHELLS;10021;22
886200;;SUBMISSION;HYDROGEL_PACK;SEASHELLS;10038;5
886300;;SUBMISSION;HYDROGEL_PACK;SEASHELLS;10026;13
886300;;SUBMISSION;HYDROGEL_PACK;SEASHELLS;10024;21
886400;;SUBMISSION;HYDROGEL_PACK;SEASHELLS;10025;13
886400;;SUBMISSION;HYDROGEL_PACK;SEASHELLS;10023;23
886500;;SUBMISSION;HYDROGEL_PACK;SEASHELLS;10027;10
886500;;SUBMISSION;HYDROGEL_PACK;SEASHELLS;10025;24
886600;;SUBMISSION;HYDROGEL_PACK;SEASHELLS;10025;10
886600;;SUBMISSION;HYDROGEL_PACK;SEASHELLS;10022;21
886700;SUBMISSION;;VEV_4000;SEASHELLS;1247;2
887000;;SUBMISSION;HYDROGEL_PACK;SEASHELLS;10024;14
887000;;SUBMISSION;HYDROGEL_PACK;SEASHELLS;10021;6
887300;;SUBMISSION;HYDROGEL_PACK;SEASHELLS;10027;15
887300;;SUBMISSION;HYDROGEL_PACK;SEASHELLS;10024;12
890900;;SUBMISSION;VEV_4000;SEASHELLS;1259;2
891500;SUBMISSION;;VEV_4000;SEASHELLS;1253;3
898800;SUBMISSION;;HYDROGEL_PACK;SEASHELLS;10003;5
899800;SUBMISSION;;VEV_4000;SEASHELLS;1253;3
901000;SUBMISSION;;HYDROGEL_PACK;SEASHELLS;9999;15
901100;SUBMISSION;;HYDROGEL_PACK;SEASHELLS;9997;15
901200;SUBMISSION;;HYDROGEL_PACK;SEASHELLS;9995;15
901200;SUBMISSION;;HYDROGEL_PACK;SEASHELLS;9997;23
901300;SUBMISSION;;HYDROGEL_PACK;SEASHELLS;9993;12
901300;SUBMISSION;;HYDROGEL_PACK;SEASHELLS;9996;20
901400;SUBMISSION;;HYDROGEL_PACK;SEASHELLS;9991;13
901400;SUBMISSION;;HYDROGEL_PACK;SEASHELLS;9994;22
901500;SUBMISSION;;HYDROGEL_PACK;SEASHELLS;9991;15
901500;SUBMISSION;;HYDROGEL_PACK;SEASHELLS;9994;23
901600;SUBMISSION;;HYDROGEL_PACK;SEASHELLS;9990;15
901600;SUBMISSION;;HYDROGEL_PACK;SEASHELLS;9992;29
901700;SUBMISSION;;HYDROGEL_PACK;SEASHELLS;9992;15
901700;SUBMISSION;;HYDROGEL_PACK;SEASHELLS;9994;28
901800;SUBMISSION;;HYDROGEL_PACK;SEASHELLS;9990;12
901800;SUBMISSION;;HYDROGEL_PACK;SEASHELLS;9993;24
901900;SUBMISSION;;HYDROGEL_PACK;SEASHELLS;9992;10
901900;SUBMISSION;;HYDROGEL_PACK;SEASHELLS;9995;30
902000;SUBMISSION;;HYDROGEL_PACK;SEASHELLS;9991;12
902000;SUBMISSION;;HYDROGEL_PACK;SEASHELLS;9993;25
902100;SUBMISSION;;HYDROGEL_PACK;SEASHELLS;9989;13
902100;SUBMISSION;;HYDROGEL_PACK;SEASHELLS;9992;9
912400;SUBMISSION;;VEV_5300;SEASHELLS;52;2
913400;;SUBMISSION;VELVETFRUIT_EXTRACT;SEASHELLS;5266;5
914600;SUBMISSION;;VEV_4000;SEASHELLS;1254;2
916300;;SUBMISSION;VELVETFRUIT_EXTRACT;SEASHELLS;5258;6
916900;SUBMISSION;;VEV_4000;SEASHELLS;1251;1
917000;;SUBMISSION;VELVETFRUIT_EXTRACT;SEASHELLS;5258;4
922900;;SUBMISSION;VEV_4000;SEASHELLS;1257;4
923400;SUBMISSION;;VEV_4000;SEASHELLS;1263;3
923500;;SUBMISSION;VEV_4000;SEASHELLS;1258;3
923700;;SUBMISSION;VEV_5300;SEASHELLS;56;2
924400;;SUBMISSION;VELVETFRUIT_EXTRACT;SEASHELLS;5272;17
924400;;SUBMISSION;VELVETFRUIT_EXTRACT;SEASHELLS;5271;32
924600;;SUBMISSION;VELVETFRUIT_EXTRACT;SEASHELLS;5272;22
924600;;SUBMISSION;VELVETFRUIT_EXTRACT;SEASHELLS;5271;19
924700;;SUBMISSION;VEV_5400;SEASHELLS;22;27
924800;;SUBMISSION;VELVETFRUIT_EXTRACT;SEASHELLS;5272;20
924900;;SUBMISSION;VELVETFRUIT_EXTRACT;SEASHELLS;5273;58
924900;;SUBMISSION;VEV_5400;SEASHELLS;22;20
925000;;SUBMISSION;VELVETFRUIT_EXTRACT;SEASHELLS;5274;59
925000;;SUBMISSION;VEV_5400;SEASHELLS;22;18
925100;;SUBMISSION;VELVETFRUIT_EXTRACT;SEASHELLS;5274;17
925100;;SUBMISSION;VELVETFRUIT_EXTRACT;SEASHELLS;5273;34
925100;;SUBMISSION;VELVETFRUIT_EXTRACT;SEASHELLS;5278;4
925100;;SUBMISSION;VEV_5400;SEASHELLS;22;28
925200;;SUBMISSION;VELVETFRUIT_EXTRACT;SEASHELLS;5273;63
925200;;SUBMISSION;VELVETFRUIT_EXTRACT;SEASHELLS;5278;4
925200;;SUBMISSION;VEV_5400;SEASHELLS;22;23
925300;;SUBMISSION;VELVETFRUIT_EXTRACT;SEASHELLS;5274;19
925300;;SUBMISSION;VELVETFRUIT_EXTRACT;SEASHELLS;5273;17
925300;;SUBMISSION;VEV_5400;SEASHELLS;22;26
925800;;SUBMISSION;VEV_4000;SEASHELLS;1279;3
926600;;SUBMISSION;VEV_5400;SEASHELLS;22;23
926700;;SUBMISSION;VEV_5400;SEASHELLS;22;24
926800;;SUBMISSION;VEV_5400;SEASHELLS;22;29
927000;;SUBMISSION;VEV_5400;SEASHELLS;22;20
927100;;SUBMISSION;VEV_5400;SEASHELLS;22;19
927200;;SUBMISSION;VEV_5400;SEASHELLS;22;25
927300;;SUBMISSION;VEV_5400;SEASHELLS;22;17
927400;;SUBMISSION;VEV_5400;SEASHELLS;22;20
927500;;SUBMISSION;VEV_5400;SEASHELLS;23;7
927500;;SUBMISSION;VEV_5400;SEASHELLS;22;6
928400;;SUBMISSION;HYDROGEL_PACK;SEASHELLS;10007;6
930100;;SUBMISSION;VEV_4000;SEASHELLS;1276;2
932300;SUBMISSION;;VEV_4000;SEASHELLS;1261;2
932900;SUBMISSION;;HYDROGEL_PACK;SEASHELLS;9995;3
934000;SUBMISSION;;VEV_4000;SEASHELLS;1256;2
937800;SUBMISSION;;VEV_4000;SEASHELLS;1253;1
938300;SUBMISSION;;VELVETFRUIT_EXTRACT;SEASHELLS;5255;4
938600;SUBMISSION;;VELVETFRUIT_EXTRACT;SEASHELLS;5255;6
939100;SUBMISSION;;HYDROGEL_PACK;SEASHELLS;9995;3
939200;SUBMISSION;;VELVETFRUIT_EXTRACT;SEASHELLS;5255;62
939400;SUBMISSION;;VELVETFRUIT_EXTRACT;SEASHELLS;5255;58
939500;SUBMISSION;;VELVETFRUIT_EXTRACT;SEASHELLS;5254;64
939800;SUBMISSION;;VELVETFRUIT_EXTRACT;SEASHELLS;5255;22
940000;;SUBMISSION;VEV_4000;SEASHELLS;1259;1
940200;SUBMISSION;;VELVETFRUIT_EXTRACT;SEASHELLS;5255;20
940300;SUBMISSION;;VELVETFRUIT_EXTRACT;SEASHELLS;5255;15
940400;SUBMISSION;;VELVETFRUIT_EXTRACT;SEASHELLS;5255;18
940700;;SUBMISSION;HYDROGEL_PACK;SEASHELLS;10007;3
940700;SUBMISSION;;VELVETFRUIT_EXTRACT;SEASHELLS;5255;25
940800;SUBMISSION;;VELVETFRUIT_EXTRACT;SEASHELLS;5254;25
940800;SUBMISSION;;VELVETFRUIT_EXTRACT;SEASHELLS;5255;37
940900;SUBMISSION;;VELVETFRUIT_EXTRACT;SEASHELLS;5253;44
941400;;SUBMISSION;VEV_4000;SEASHELLS;1256;2
942000;;SUBMISSION;HYDROGEL_PACK;SEASHELLS;10009;2
943300;SUBMISSION;;HYDROGEL_PACK;SEASHELLS;9998;3
944100;SUBMISSION;;HYDROGEL_PACK;SEASHELLS;9999;2
945000;SUBMISSION;;VEV_4000;SEASHELLS;1241;2
946400;;SUBMISSION;VEV_4000;SEASHELLS;1250;2
947800;SUBMISSION;;VEV_5200;SEASHELLS;95;4
949600;;SUBMISSION;HYDROGEL_PACK;SEASHELLS;10014;4
950000;SUBMISSION;;VEV_5300;SEASHELLS;44;3
950300;SUBMISSION;;HYDROGEL_PACK;SEASHELLS;9999;3
950600;;SUBMISSION;HYDROGEL_PACK;SEASHELLS;10020;4
952800;SUBMISSION;;VEV_4000;SEASHELLS;1235;1
954100;SUBMISSION;;VEV_5400;SEASHELLS;15;24
954200;SUBMISSION;;VEV_5400;SEASHELLS;15;18
954300;SUBMISSION;;VEV_5400;SEASHELLS;15;23
954400;SUBMISSION;;VEV_5400;SEASHELLS;15;25
954500;SUBMISSION;;VEV_5400;SEASHELLS;15;16
954600;SUBMISSION;;VEV_5400;SEASHELLS;15;19
954700;SUBMISSION;;VEV_5400;SEASHELLS;15;23
954800;SUBMISSION;;VEV_5100;SEASHELLS;156;8
954800;SUBMISSION;;VEV_5100;SEASHELLS;157;21
954800;SUBMISSION;;VEV_5200;SEASHELLS;88;29
954800;SUBMISSION;;VEV_5400;SEASHELLS;15;20
954900;SUBMISSION;;VEV_5100;SEASHELLS;155;20
954900;SUBMISSION;;VEV_5200;SEASHELLS;87;20
954900;SUBMISSION;;VEV_5300;SEASHELLS;42;19
954900;SUBMISSION;;VEV_5400;SEASHELLS;15;19
955000;SUBMISSION;;VEV_5100;SEASHELLS;156;30
955000;SUBMISSION;;VEV_5200;SEASHELLS;88;30
955000;SUBMISSION;;VEV_5300;SEASHELLS;42;15
955000;SUBMISSION;;VEV_5400;SEASHELLS;15;15
955100;SUBMISSION;;VEV_5100;SEASHELLS;155;7
955100;SUBMISSION;;VEV_5100;SEASHELLS;156;23
955100;SUBMISSION;;VEV_5200;SEASHELLS;87;7
955100;SUBMISSION;;VEV_5200;SEASHELLS;88;23
955100;SUBMISSION;;VEV_5300;SEASHELLS;42;20
955100;SUBMISSION;;VEV_5400;SEASHELLS;15;20
955200;SUBMISSION;;VEV_5100;SEASHELLS;155;25
955200;SUBMISSION;;VEV_5200;SEASHELLS;87;25
955200;SUBMISSION;;VEV_5300;SEASHELLS;42;21
955200;SUBMISSION;;VEV_5400;SEASHELLS;15;21
955300;SUBMISSION;;VEV_5100;SEASHELLS;156;18
955300;SUBMISSION;;VEV_5200;SEASHELLS;88;18
955300;SUBMISSION;;VEV_5300;SEASHELLS;42;23
955300;SUBMISSION;;VEV_5400;SEASHELLS;15;23
955400;SUBMISSION;;VEV_5100;SEASHELLS;156;30
955400;SUBMISSION;;VEV_5200;SEASHELLS;88;30
955400;SUBMISSION;;VEV_5300;SEASHELLS;42;19
955400;SUBMISSION;;VEV_5400;SEASHELLS;15;19
955500;SUBMISSION;;VEV_5100;SEASHELLS;155;8
955500;SUBMISSION;;VEV_5100;SEASHELLS;156;12
955500;SUBMISSION;;VEV_5200;SEASHELLS;87;8
955500;SUBMISSION;;VEV_5200;SEASHELLS;88;12
955500;SUBMISSION;;VEV_5300;SEASHELLS;42;23
955500;SUBMISSION;;VEV_5400;SEASHELLS;15;23
955600;SUBMISSION;;VEV_5100;SEASHELLS;155;18
955600;SUBMISSION;;VEV_5200;SEASHELLS;87;18
955600;SUBMISSION;;VEV_5300;SEASHELLS;42;24
955600;SUBMISSION;;VEV_5400;SEASHELLS;15;24
955700;;SUBMISSION;HYDROGEL_PACK;SEASHELLS;10020;13
955700;;SUBMISSION;HYDROGEL_PACK;SEASHELLS;10017;6
955700;SUBMISSION;;VEV_5000;SEASHELLS;238;6
955700;SUBMISSION;;VEV_5000;SEASHELLS;239;18
955700;SUBMISSION;;VEV_5100;SEASHELLS;154;6
955700;SUBMISSION;;VEV_5100;SEASHELLS;155;18
955700;SUBMISSION;;VEV_5200;SEASHELLS;86;6
955700;SUBMISSION;;VEV_5200;SEASHELLS;87;18
955700;SUBMISSION;;VEV_5300;SEASHELLS;41;10
955700;SUBMISSION;;VEV_5300;SEASHELLS;42;14
955700;SUBMISSION;;VEV_5400;SEASHELLS;14;10
955700;SUBMISSION;;VEV_5400;SEASHELLS;15;14
955700;SUBMISSION;;VEV_5500;SEASHELLS;7;24
955800;SUBMISSION;;VEV_5100;SEASHELLS;155;9
955800;SUBMISSION;;VEV_5100;SEASHELLS;156;20
955800;SUBMISSION;;VEV_5200;SEASHELLS;87;9
955800;SUBMISSION;;VEV_5200;SEASHELLS;88;20
955800;SUBMISSION;;VEV_5300;SEASHELLS;42;18
955800;SUBMISSION;;VEV_5400;SEASHELLS;15;18
955900;SUBMISSION;;VEV_5100;SEASHELLS;155;30
955900;SUBMISSION;;VEV_5200;SEASHELLS;87;30
955900;SUBMISSION;;VEV_5300;SEASHELLS;42;16
955900;SUBMISSION;;VEV_5400;SEASHELLS;15;16
956000;SUBMISSION;;VEV_5000;SEASHELLS;238;20
956000;SUBMISSION;;VEV_5100;SEASHELLS;154;20
956000;SUBMISSION;;VEV_5200;SEASHELLS;86;7
956000;SUBMISSION;;VEV_5200;SEASHELLS;87;13
956000;SUBMISSION;;VEV_5300;SEASHELLS;41;19
956000;SUBMISSION;;VEV_5400;SEASHELLS;14;19
956000;SUBMISSION;;VEV_5500;SEASHELLS;7;19
956100;SUBMISSION;;VEV_5000;SEASHELLS;238;9
956100;SUBMISSION;;VEV_5000;SEASHELLS;239;17
956100;SUBMISSION;;VEV_5100;SEASHELLS;154;9
956100;SUBMISSION;;VEV_5100;SEASHELLS;155;17
956100;SUBMISSION;;VEV_5200;SEASHELLS;87;26
956100;SUBMISSION;;VEV_5300;SEASHELLS;42;23
956100;SUBMISSION;;VEV_5400;SEASHELLS;15;23
956200;SUBMISSION;;VEV_5000;SEASHELLS;238;8
956200;SUBMISSION;;VEV_5000;SEASHELLS;239;19
956200;SUBMISSION;;VEV_5100;SEASHELLS;154;8
956200;SUBMISSION;;VEV_5100;SEASHELLS;155;19
956200;SUBMISSION;;VEV_5200;SEASHELLS;87;27
956200;SUBMISSION;;VEV_5300;SEASHELLS;42;21
956200;SUBMISSION;;VEV_5400;SEASHELLS;15;21
956300;SUBMISSION;;VEV_4000;SEASHELLS;1237;8
956300;SUBMISSION;;VEV_4000;SEASHELLS;1239;20
956300;SUBMISSION;;VEV_4500;SEASHELLS;734;9
956300;SUBMISSION;;VEV_4500;SEASHELLS;736;12
956300;SUBMISSION;;VEV_5000;SEASHELLS;237;9
956300;SUBMISSION;;VEV_5000;SEASHELLS;238;12
956300;SUBMISSION;;VEV_5100;SEASHELLS;154;21
956300;SUBMISSION;;VEV_5200;SEASHELLS;86;21
956300;SUBMISSION;;VEV_5300;SEASHELLS;41;26
956300;SUBMISSION;;VEV_5400;SEASHELLS;14;26
956300;SUBMISSION;;VEV_5500;SEASHELLS;7;26
956400;;SUBMISSION;HYDROGEL_PACK;SEASHELLS;10021;12
956400;;SUBMISSION;HYDROGEL_PACK;SEASHELLS;10019;25
956400;SUBMISSION;;VEV_5000;SEASHELLS;238;8
956400;SUBMISSION;;VEV_5000;SEASHELLS;239;12
956400;SUBMISSION;;VEV_5100;SEASHELLS;154;8
956400;SUBMISSION;;VEV_5100;SEASHELLS;155;12
956400;SUBMISSION;;VEV_5200;SEASHELLS;87;20
956400;SUBMISSION;;VEV_5300;SEASHELLS;42;22
956400;SUBMISSION;;VEV_5400;SEASHELLS;15;22
956400;SUBMISSION;;VEV_5500;SEASHELLS;7;22
956500;;SUBMISSION;HYDROGEL_PACK;SEASHELLS;10021;13
956500;;SUBMISSION;HYDROGEL_PACK;SEASHELLS;10019;22
956500;SUBMISSION;;VEV_5100;SEASHELLS;155;6
956500;SUBMISSION;;VEV_5100;SEASHELLS;156;19
956500;SUBMISSION;;VEV_5200;SEASHELLS;87;6
956500;SUBMISSION;;VEV_5200;SEASHELLS;88;19
956500;SUBMISSION;;VEV_5300;SEASHELLS;42;24
956500;SUBMISSION;;VEV_5400;SEASHELLS;15;24
956600;SUBMISSION;;VEV_5100;SEASHELLS;155;24
956600;SUBMISSION;;VEV_5200;SEASHELLS;87;24
956600;SUBMISSION;;VEV_5300;SEASHELLS;42;27
956600;SUBMISSION;;VEV_5400;SEASHELLS;15;27
956700;SUBMISSION;;VEV_5000;SEASHELLS;238;9
956700;SUBMISSION;;VEV_5000;SEASHELLS;239;20
956700;SUBMISSION;;VEV_5100;SEASHELLS;154;9
956700;SUBMISSION;;VEV_5100;SEASHELLS;155;20
956700;SUBMISSION;;VEV_5200;SEASHELLS;87;29
956700;SUBMISSION;;VEV_5300;SEASHELLS;42;18
956700;SUBMISSION;;VEV_5400;SEASHELLS;15;18
956800;SUBMISSION;;VEV_5100;SEASHELLS;155;30
956800;SUBMISSION;;VEV_5200;SEASHELLS;87;30
956800;SUBMISSION;;VEV_5300;SEASHELLS;42;22
956800;SUBMISSION;;VEV_5400;SEASHELLS;15;20
956900;SUBMISSION;;VEV_5000;SEASHELLS;238;26
956900;SUBMISSION;;VEV_5100;SEASHELLS;154;26
956900;SUBMISSION;;VEV_5200;SEASHELLS;86;26
956900;SUBMISSION;;VEV_5300;SEASHELLS;41;21
956900;SUBMISSION;;VEV_5500;SEASHELLS;7;21
957000;SUBMISSION;;VEV_5000;SEASHELLS;238;29
957000;SUBMISSION;;VEV_5100;SEASHELLS;154;29
957000;SUBMISSION;;VEV_5200;SEASHELLS;86;29
957000;SUBMISSION;;VEV_5300;SEASHELLS;41;19
957000;SUBMISSION;;VEV_5500;SEASHELLS;7;19
957100;SUBMISSION;;VEV_5100;SEASHELLS;154;9
957100;SUBMISSION;;VEV_5100;SEASHELLS;155;1
957100;SUBMISSION;;VEV_5200;SEASHELLS;87;6
957100;SUBMISSION;;VEV_5300;SEASHELLS;42;28
957200;SUBMISSION;;VEV_5300;SEASHELLS;42;16
957300;SUBMISSION;;VEV_5300;SEASHELLS;42;18
957400;SUBMISSION;;VEV_5300;SEASHELLS;42;19
957500;SUBMISSION;;VEV_5300;SEASHELLS;42;25
957600;SUBMISSION;;VEV_5300;SEASHELLS;42;6
957600;SUBMISSION;;VEV_5300;SEASHELLS;43;11
959000;;SUBMISSION;HYDROGEL_PACK;SEASHELLS;10024;12
959000;;SUBMISSION;HYDROGEL_PACK;SEASHELLS;10021;29
959100;;SUBMISSION;HYDROGEL_PACK;SEASHELLS;10025;10
959100;;SUBMISSION;HYDROGEL_PACK;SEASHELLS;10023;28
959200;;SUBMISSION;HYDROGEL_PACK;SEASHELLS;10022;12
959200;;SUBMISSION;HYDROGEL_PACK;SEASHELLS;10019;13
959600;;SUBMISSION;HYDROGEL_PACK;SEASHELLS;10027;10
959600;;SUBMISSION;HYDROGEL_PACK;SEASHELLS;10019;15
959600;;SUBMISSION;HYDROGEL_PACK;SEASHELLS;10017;20
959800;;SUBMISSION;HYDROGEL_PACK;SEASHELLS;10027;4
959800;;SUBMISSION;HYDROGEL_PACK;SEASHELLS;10019;13
959800;;SUBMISSION;HYDROGEL_PACK;SEASHELLS;10017;22
960200;;SUBMISSION;HYDROGEL_PACK;SEASHELLS;10024;14
960200;;SUBMISSION;HYDROGEL_PACK;SEASHELLS;10021;20
960300;;SUBMISSION;HYDROGEL_PACK;SEASHELLS;10025;11
960300;;SUBMISSION;HYDROGEL_PACK;SEASHELLS;10022;24
960700;;SUBMISSION;HYDROGEL_PACK;SEASHELLS;10024;12
960700;;SUBMISSION;HYDROGEL_PACK;SEASHELLS;10022;11
970100;SUBMISSION;;VEV_5000;SEASHELLS;238;10
970100;SUBMISSION;;VEV_5000;SEASHELLS;239;17
970200;SUBMISSION;;VEV_4000;SEASHELLS;1236;12
970200;SUBMISSION;;VEV_4000;SEASHELLS;1239;18
970200;SUBMISSION;;VEV_4500;SEASHELLS;734;11
970200;SUBMISSION;;VEV_4500;SEASHELLS;736;17
970200;SUBMISSION;;VEV_5000;SEASHELLS;237;28
970300;SUBMISSION;;VEV_4000;SEASHELLS;1235;7
970300;SUBMISSION;;VEV_4000;SEASHELLS;1237;23
970300;SUBMISSION;;VEV_4500;SEASHELLS;732;8
970300;SUBMISSION;;VEV_4500;SEASHELLS;734;13
970300;SUBMISSION;;VEV_5000;SEASHELLS;236;21
970300;SUBMISSION;;VEV_5500;SEASHELLS;7;26
970400;SUBMISSION;;VEV_4000;SEASHELLS;1236;10
970400;SUBMISSION;;VEV_4000;SEASHELLS;1238;20
970400;SUBMISSION;;VEV_4500;SEASHELLS;733;10
970400;SUBMISSION;;VEV_4500;SEASHELLS;735;20
970400;SUBMISSION;;VEV_5000;SEASHELLS;236;10
970400;SUBMISSION;;VEV_5000;SEASHELLS;237;20
970500;SUBMISSION;;VEV_4000;SEASHELLS;1236;7
970500;SUBMISSION;;VEV_4000;SEASHELLS;1239;16
970500;SUBMISSION;;VEV_4500;SEASHELLS;734;9
970500;SUBMISSION;;VEV_4500;SEASHELLS;735;13
970500;SUBMISSION;;VEV_5000;SEASHELLS;237;22
970600;SUBMISSION;;VEV_4000;SEASHELLS;1235;13
970600;SUBMISSION;;VEV_4000;SEASHELLS;1238;17
970600;SUBMISSION;;VEV_4500;SEASHELLS;733;11
970600;SUBMISSION;;VEV_4500;SEASHELLS;735;19
970600;SUBMISSION;;VEV_5000;SEASHELLS;236;30
970600;SUBMISSION;;VEV_5500;SEASHELLS;7;21
970700;SUBMISSION;;VEV_4000;SEASHELLS;1235;15
970700;SUBMISSION;;VEV_4000;SEASHELLS;1238;15
970700;SUBMISSION;;VEV_4500;SEASHELLS;733;10
970700;SUBMISSION;;VEV_4500;SEASHELLS;735;20
970700;SUBMISSION;;VEV_5000;SEASHELLS;236;30
970700;SUBMISSION;;VEV_5500;SEASHELLS;7;19
970800;SUBMISSION;;VEV_4000;SEASHELLS;1237;7
970800;SUBMISSION;;VEV_4000;SEASHELLS;1239;23
970800;SUBMISSION;;VEV_4500;SEASHELLS;734;11
970800;SUBMISSION;;VEV_4500;SEASHELLS;736;19
970800;SUBMISSION;;VEV_5000;SEASHELLS;237;11
970800;SUBMISSION;;VEV_5000;SEASHELLS;238;19
970900;SUBMISSION;;VEV_4000;SEASHELLS;1236;15
970900;SUBMISSION;;VEV_4000;SEASHELLS;1238;15
970900;SUBMISSION;;VEV_4500;SEASHELLS;733;9
970900;SUBMISSION;;VEV_4500;SEASHELLS;735;20
970900;SUBMISSION;;VEV_5000;SEASHELLS;236;9
970900;SUBMISSION;;VEV_5000;SEASHELLS;237;20
971000;SUBMISSION;;VEV_4000;SEASHELLS;1235;8
971000;SUBMISSION;;VEV_4000;SEASHELLS;1238;19
971000;SUBMISSION;;VEV_4500;SEASHELLS;733;12
971000;SUBMISSION;;VEV_4500;SEASHELLS;734;18
971000;SUBMISSION;;VEV_5000;SEASHELLS;236;30
971000;SUBMISSION;;VEV_5500;SEASHELLS;7;23
971100;SUBMISSION;;VEV_4000;SEASHELLS;1235;8
971100;SUBMISSION;;VEV_4000;SEASHELLS;1237;22
971100;SUBMISSION;;VEV_4500;SEASHELLS;732;7
971100;SUBMISSION;;VEV_4500;SEASHELLS;734;14
971100;SUBMISSION;;VEV_5000;SEASHELLS;235;7
971100;SUBMISSION;;VEV_5000;SEASHELLS;236;14
971100;SUBMISSION;;VEV_5500;SEASHELLS;7;26
971200;SUBMISSION;;VEV_4000;SEASHELLS;1236;10
971200;SUBMISSION;;VEV_4000;SEASHELLS;1239;15
971200;SUBMISSION;;VEV_4500;SEASHELLS;734;10
971200;SUBMISSION;;VEV_4500;SEASHELLS;736;13
971200;SUBMISSION;;VEV_5000;SEASHELLS;237;23
971300;SUBMISSION;;VEV_4000;SEASHELLS;1236;12
971300;SUBMISSION;;VEV_4000;SEASHELLS;1239;16
971300;SUBMISSION;;VEV_4500;SEASHELLS;734;7
971300;SUBMISSION;;VEV_4500;SEASHELLS;735;18
971300;SUBMISSION;;VEV_5000;SEASHELLS;237;25
971400;SUBMISSION;;VEV_5000;SEASHELLS;238;8
971400;SUBMISSION;;VEV_5000;SEASHELLS;239;14
971500;SUBMISSION;;VEV_4000;SEASHELLS;1237;15
971500;SUBMISSION;;VEV_4000;SEASHELLS;1239;15
971500;SUBMISSION;;VEV_4500;SEASHELLS;734;6
971500;SUBMISSION;;VEV_4500;SEASHELLS;736;15
973400;;SUBMISSION;HYDROGEL_PACK;SEASHELLS;10032;4
975800;;SUBMISSION;HYDROGEL_PACK;SEASHELLS;10026;5
976800;;SUBMISSION;HYDROGEL_PACK;SEASHELLS;10022;6
977200;;SUBMISSION;HYDROGEL_PACK;SEASHELLS;10020;5
980400;SUBMISSION;;HYDROGEL_PACK;SEASHELLS;9997;2
981600;SUBMISSION;;HYDROGEL_PACK;SEASHELLS;9997;4
982400;SUBMISSION;;HYDROGEL_PACK;SEASHELLS;9998;13
982400;SUBMISSION;;HYDROGEL_PACK;SEASHELLS;10001;23
982500;SUBMISSION;;HYDROGEL_PACK;SEASHELLS;10001;14
982600;SUBMISSION;;HYDROGEL_PACK;SEASHELLS;10001;13
982700;SUBMISSION;;HYDROGEL_PACK;SEASHELLS;10000;14
982900;SUBMISSION;;HYDROGEL_PACK;SEASHELLS;10001;13
983000;SUBMISSION;;HYDROGEL_PACK;SEASHELLS;10000;14
983100;SUBMISSION;;HYDROGEL_PACK;SEASHELLS;9995;4
983900;;SUBMISSION;VEV_4000;SEASHELLS;1248;3
985800;SUBMISSION;;HYDROGEL_PACK;SEASHELLS;10001;14
986900;;SUBMISSION;VELVETFRUIT_EXTRACT;SEASHELLS;5249;8
988300;SUBMISSION;;HYDROGEL_PACK;SEASHELLS;9995;4
988500;SUBMISSION;;HYDROGEL_PACK;SEASHELLS;9998;6
989700;SUBMISSION;;VEV_4000;SEASHELLS;1239;2
989900;SUBMISSION;;VELVETFRUIT_EXTRACT;SEASHELLS;5246;8
990100;;SUBMISSION;VEV_4000;SEASHELLS;1249;2
990400;SUBMISSION;;HYDROGEL_PACK;SEASHELLS;9989;4
992100;SUBMISSION;;HYDROGEL_PACK;SEASHELLS;9993;8
992800;SUBMISSION;;HYDROGEL_PACK;SEASHELLS;9991;10
992900;SUBMISSION;;HYDROGEL_PACK;SEASHELLS;9998;11
993000;SUBMISSION;;HYDROGEL_PACK;SEASHELLS;9993;11
993000;SUBMISSION;;HYDROGEL_PACK;SEASHELLS;9996;30
993100;SUBMISSION;;HYDROGEL_PACK;SEASHELLS;9991;12
993100;SUBMISSION;;HYDROGEL_PACK;SEASHELLS;9994;25
993200;SUBMISSION;;HYDROGEL_PACK;SEASHELLS;9990;14
993200;SUBMISSION;;HYDROGEL_PACK;SEASHELLS;9992;23
993300;SUBMISSION;;HYDROGEL_PACK;SEASHELLS;9989;11
993300;SUBMISSION;;HYDROGEL_PACK;SEASHELLS;9991;25
993400;SUBMISSION;;HYDROGEL_PACK;SEASHELLS;9989;13
993400;SUBMISSION;;HYDROGEL_PACK;SEASHELLS;9991;25
993500;SUBMISSION;;HYDROGEL_PACK;SEASHELLS;9986;13
993500;SUBMISSION;;HYDROGEL_PACK;SEASHELLS;9989;23
997200;;SUBMISSION;VEV_4000;SEASHELLS;1250;3
997900;;SUBMISSION;VEV_4000;SEASHELLS;1250;2
999000;;SUBMISSION;VEV_4000;SEASHELLS;1248;1
