timestamp;buyer;seller;symbol;currency;price;quantity
0;SUBMISSION;;ASH_COATED_OSMIUM;SEASHELLS;9996;6
0;SUBMISSION;;INTARIAN_PEPPER_ROOT;SEASHELLS;12006;9
100;SUBMISSION;;INTARIAN_PEPPER_ROOT;SEASHELLS;12007;8
400;;SUBMISSION;ASH_COATED_OSMIUM;SEASHELLS;10003;8
2700;SUBMISSION;;INTARIAN_PEPPER_ROOT;SEASHELLS;11999;8
3600;;SUBMISSION;ASH_COATED_OSMIUM;SEASHELLS;10008;3
4200;;SUBMISSION;ASH_COATED_OSMIUM;SEASHELLS;10010;2
4800;SUBMISSION;;INTARIAN_PEPPER_ROOT;SEASHELLS;12007;4
5000;SUBMISSION;;INTARIAN_PEPPER_ROOT;SEASHELLS;11999;5
5700;SUBMISSION;;INTARIAN_PEPPER_ROOT;SEASHELLS;12002;5
7600;SUBMISSION;;ASH_COATED_OSMIUM;SEASHELLS;9998;5
9100;SUBMISSION;;ASH_COATED_OSMIUM;SEASHELLS;9999;4
9400;SUBMISSION;;ASH_COATED_OSMIUM;SEASHELLS;9998;10
9600;SUBMISSION;;ASH_COATED_OSMIUM;SEASHELLS;9994;6
9900;SUBMISSION;;INTARIAN_PEPPER_ROOT;SEASHELLS;12006;8
10000;SUBMISSION;;ASH_COATED_OSMIUM;SEASHELLS;9995;8
12100;SUBMISSION;;ASH_COATED_OSMIUM;SEASHELLS;9995;5
12600;SUBMISSION;;INTARIAN_PEPPER_ROOT;SEASHELLS;12008;3
14000;;SUBMISSION;ASH_COATED_OSMIUM;SEASHELLS;10010;3
14400;SUBMISSION;;INTARIAN_PEPPER_ROOT;SEASHELLS;12016;11
15100;;SUBMISSION;ASH_COATED_OSMIUM;SEASHELLS;10009;2
15100;;SUBMISSION;ASH_COATED_OSMIUM;SEASHELLS;10009;8
15500;;SUBMISSION;ASH_COATED_OSMIUM;SEASHELLS;10003;10
17400;SUBMISSION;;INTARIAN_PEPPER_ROOT;SEASHELLS;12015;3
18500;;SUBMISSION;ASH_COATED_OSMIUM;SEASHELLS;10009;6
19800;SUBMISSION;;ASH_COATED_OSMIUM;SEASHELLS;9998;4
19900;SUBMISSION;;INTARIAN_PEPPER_ROOT;SEASHELLS;12022;11
23000;SUBMISSION;;INTARIAN_PEPPER_ROOT;SEASHELLS;12017;4
23100;SUBMISSION;;INTARIAN_PEPPER_ROOT;SEASHELLS;12019;1
23900;SUBMISSION;;ASH_COATED_OSMIUM;SEASHELLS;9991;4
24300;SUBMISSION;;ASH_COATED_OSMIUM;SEASHELLS;9994;4
24400;SUBMISSION;;ASH_COATED_OSMIUM;SEASHELLS;9998;9
24600;SUBMISSION;;ASH_COATED_OSMIUM;SEASHELLS;9993;3
28000;;SUBMISSION;ASH_COATED_OSMIUM;SEASHELLS;10002;4
32800;SUBMISSION;;ASH_COATED_OSMIUM;SEASHELLS;9993;4
34000;;SUBMISSION;ASH_COATED_OSMIUM;SEASHELLS;10009;7
36500;;SUBMISSION;ASH_COATED_OSMIUM;SEASHELLS;10009;3
37800;;SUBMISSION;ASH_COATED_OSMIUM;SEASHELLS;10003;8
37900;SUBMISSION;;ASH_COATED_OSMIUM;SEASHELLS;9991;4
38400;;SUBMISSION;ASH_COATED_OSMIUM;SEASHELLS;10008;3
39900;;SUBMISSION;ASH_COATED_OSMIUM;SEASHELLS;10009;7
41500;;SUBMISSION;ASH_COATED_OSMIUM;SEASHELLS;10008;5
45200;SUBMISSION;;ASH_COATED_OSMIUM;SEASHELLS;9998;6
50900;SUBMISSION;;ASH_COATED_OSMIUM;SEASHELLS;9991;5
53800;SUBMISSION;;ASH_COATED_OSMIUM;SEASHELLS;9995;8
54600;SUBMISSION;;ASH_COATED_OSMIUM;SEASHELLS;9989;6
56400;SUBMISSION;;ASH_COATED_OSMIUM;SEASHELLS;9997;3
56500;SUBMISSION;;ASH_COATED_OSMIUM;SEASHELLS;9997;4
58400;SUBMISSION;;ASH_COATED_OSMIUM;SEASHELLS;9988;3
59500;;SUBMISSION;ASH_COATED_OSMIUM;SEASHELLS;10001;2
59700;SUBMISSION;;ASH_COATED_OSMIUM;SEASHELLS;9996;3
60300;SUBMISSION;;ASH_COATED_OSMIUM;SEASHELLS;9992;9
62000;;SUBMISSION;ASH_COATED_OSMIUM;SEASHELLS;10004;6
63700;SUBMISSION;;ASH_COATED_OSMIUM;SEASHELLS;9990;2
64900;;SUBMISSION;ASH_COATED_OSMIUM;SEASHELLS;10003;4
65300;SUBMISSION;;ASH_COATED_OSMIUM;SEASHELLS;9986;2
65500;SUBMISSION;;ASH_COATED_OSMIUM;SEASHELLS;9994;8
68000;;SUBMISSION;ASH_COATED_OSMIUM;SEASHELLS;10004;3
76300;SUBMISSION;;ASH_COATED_OSMIUM;SEASHELLS;9994;6
76500;;SUBMISSION;ASH_COATED_OSMIUM;SEASHELLS;10011;8
83700;;SUBMISSION;ASH_COATED_OSMIUM;SEASHELLS;10004;2
85500;SUBMISSION;;ASH_COATED_OSMIUM;SEASHELLS;9989;7
85700;SUBMISSION;;ASH_COATED_OSMIUM;SEASHELLS;9995;8
85900;SUBMISSION;;ASH_COATED_OSMIUM;SEASHELLS;9987;5
87800;;SUBMISSION;ASH_COATED_OSMIUM;SEASHELLS;10000;5
87900;SUBMISSION;;ASH_COATED_OSMIUM;SEASHELLS;9993;5
88300;;SUBMISSION;ASH_COATED_OSMIUM;SEASHELLS;10010;2
89700;;SUBMISSION;ASH_COATED_OSMIUM;SEASHELLS;10004;9
90200;;SUBMISSION;ASH_COATED_OSMIUM;SEASHELLS;10010;10
90700;;SUBMISSION;ASH_COATED_OSMIUM;SEASHELLS;10010;2
90800;SUBMISSION;;ASH_COATED_OSMIUM;SEASHELLS;9996;6
93000;;SUBMISSION;ASH_COATED_OSMIUM;SEASHELLS;10004;8
95900;;SUBMISSION;ASH_COATED_OSMIUM;SEASHELLS;10007;3
96900;;SUBMISSION;ASH_COATED_OSMIUM;SEASHELLS;10006;6
96900;;SUBMISSION;ASH_COATED_OSMIUM;SEASHELLS;10006;8
103700;;SUBMISSION;ASH_COATED_OSMIUM;SEASHELLS;10003;9
105900;;SUBMISSION;ASH_COATED_OSMIUM;SEASHELLS;10012;5
107200;SUBMISSION;;ASH_COATED_OSMIUM;SEASHELLS;9996;3
111600;SUBMISSION;;ASH_COATED_OSMIUM;SEASHELLS;9994;5
114700;SUBMISSION;;ASH_COATED_OSMIUM;SEASHELLS;9996;3
116100;SUBMISSION;;ASH_COATED_OSMIUM;SEASHELLS;9994;8
117600;;SUBMISSION;ASH_COATED_OSMIUM;SEASHELLS;10002;3
121500;;SUBMISSION;ASH_COATED_OSMIUM;SEASHELLS;10005;5
122000;;SUBMISSION;ASH_COATED_OSMIUM;SEASHELLS;10011;10
122300;;SUBMISSION;ASH_COATED_OSMIUM;SEASHELLS;10011;5
122600;SUBMISSION;;ASH_COATED_OSMIUM;SEASHELLS;10000;9
124500;SUBMISSION;;ASH_COATED_OSMIUM;SEASHELLS;9993;2
126400;SUBMISSION;;ASH_COATED_OSMIUM;SEASHELLS;9994;6
126500;SUBMISSION;;ASH_COATED_OSMIUM;SEASHELLS;9994;6
127800;;SUBMISSION;ASH_COATED_OSMIUM;SEASHELLS;10011;2
129900;;SUBMISSION;ASH_COATED_OSMIUM;SEASHELLS;10002;9
130300;;SUBMISSION;ASH_COATED_OSMIUM;SEASHELLS;10010;2
131000;;SUBMISSION;ASH_COATED_OSMIUM;SEASHELLS;10007;9
131400;;SUBMISSION;ASH_COATED_OSMIUM;SEASHELLS;10008;2
132400;SUBMISSION;;ASH_COATED_OSMIUM;SEASHELLS;9997;5
137700;;SUBMISSION;ASH_COATED_OSMIUM;SEASHELLS;10011;3
139400;SUBMISSION;;ASH_COATED_OSMIUM;SEASHELLS;9996;6
139400;SUBMISSION;;ASH_COATED_OSMIUM;SEASHELLS;9996;5
142000;SUBMISSION;;ASH_COATED_OSMIUM;SEASHELLS;9995;2
142200;SUBMISSION;;ASH_COATED_OSMIUM;SEASHELLS;9995;6
146700;;SUBMISSION;ASH_COATED_OSMIUM;SEASHELLS;10009;6
149500;;SUBMISSION;ASH_COATED_OSMIUM;SEASHELLS;10011;9
153200;SUBMISSION;;ASH_COATED_OSMIUM;SEASHELLS;9997;5
154600;SUBMISSION;;ASH_COATED_OSMIUM;SEASHELLS;9996;2
155300;;SUBMISSION;ASH_COATED_OSMIUM;SEASHELLS;10011;10
155500;;SUBMISSION;ASH_COATED_OSMIUM;SEASHELLS;10011;6
155700;;SUBMISSION;ASH_COATED_OSMIUM;SEASHELLS;10014;7
155800;SUBMISSION;;ASH_COATED_OSMIUM;SEASHELLS;9998;5
158200;SUBMISSION;;ASH_COATED_OSMIUM;SEASHELLS;9999;5
165300;SUBMISSION;;ASH_COATED_OSMIUM;SEASHELLS;9999;5
165500;;SUBMISSION;ASH_COATED_OSMIUM;SEASHELLS;10008;4
166100;;SUBMISSION;ASH_COATED_OSMIUM;SEASHELLS;10004;4
172700;;SUBMISSION;ASH_COATED_OSMIUM;SEASHELLS;10014;4
173100;;SUBMISSION;ASH_COATED_OSMIUM;SEASHELLS;10008;2
177700;SUBMISSION;;ASH_COATED_OSMIUM;SEASHELLS;9999;10
179700;;SUBMISSION;ASH_COATED_OSMIUM;SEASHELLS;10005;4
181600;SUBMISSION;;ASH_COATED_OSMIUM;SEASHELLS;10000;2
182700;SUBMISSION;;ASH_COATED_OSMIUM;SEASHELLS;9999;5
184100;;SUBMISSION;ASH_COATED_OSMIUM;SEASHELLS;10003;4
184700;;SUBMISSION;ASH_COATED_OSMIUM;SEASHELLS;10008;4
185900;SUBMISSION;;ASH_COATED_OSMIUM;SEASHELLS;10001;10
186800;SUBMISSION;;ASH_COATED_OSMIUM;SEASHELLS;10000;4
187200;;SUBMISSION;ASH_COATED_OSMIUM;SEASHELLS;10004;3
189700;SUBMISSION;;ASH_COATED_OSMIUM;SEASHELLS;10002;5
190400;;SUBMISSION;ASH_COATED_OSMIUM;SEASHELLS;10011;3
192600;SUBMISSION;;ASH_COATED_OSMIUM;SEASHELLS;9998;8
192900;;SUBMISSION;ASH_COATED_OSMIUM;SEASHELLS;10012;10
193300;;SUBMISSION;ASH_COATED_OSMIUM;SEASHELLS;10006;5
195400;;SUBMISSION;ASH_COATED_OSMIUM;SEASHELLS;10004;2
197300;SUBMISSION;;ASH_COATED_OSMIUM;SEASHELLS;9998;9
198200;;SUBMISSION;ASH_COATED_OSMIUM;SEASHELLS;10003;4
198600;SUBMISSION;;ASH_COATED_OSMIUM;SEASHELLS;10003;7
200100;SUBMISSION;;ASH_COATED_OSMIUM;SEASHELLS;9998;6
200300;SUBMISSION;;ASH_COATED_OSMIUM;SEASHELLS;9999;10
200400;;SUBMISSION;ASH_COATED_OSMIUM;SEASHELLS;10013;2
200600;;SUBMISSION;ASH_COATED_OSMIUM;SEASHELLS;10012;2
200700;;SUBMISSION;ASH_COATED_OSMIUM;SEASHELLS;10011;8
201700;SUBMISSION;;ASH_COATED_OSMIUM;SEASHELLS;9995;4
205600;SUBMISSION;;ASH_COATED_OSMIUM;SEASHELLS;9992;2
206600;SUBMISSION;;ASH_COATED_OSMIUM;SEASHELLS;9994;7
206700;;SUBMISSION;ASH_COATED_OSMIUM;SEASHELLS;10002;5
208900;SUBMISSION;;ASH_COATED_OSMIUM;SEASHELLS;9989;10
210000;SUBMISSION;;ASH_COATED_OSMIUM;SEASHELLS;9988;4
212700;SUBMISSION;;ASH_COATED_OSMIUM;SEASHELLS;9995;5
212700;SUBMISSION;;ASH_COATED_OSMIUM;SEASHELLS;9988;6
216900;;SUBMISSION;ASH_COATED_OSMIUM;SEASHELLS;10002;7
222900;;SUBMISSION;ASH_COATED_OSMIUM;SEASHELLS;10010;2
223900;;SUBMISSION;ASH_COATED_OSMIUM;SEASHELLS;10003;5
224800;;SUBMISSION;ASH_COATED_OSMIUM;SEASHELLS;10007;5
224900;;SUBMISSION;ASH_COATED_OSMIUM;SEASHELLS;10007;7
226200;SUBMISSION;;ASH_COATED_OSMIUM;SEASHELLS;9990;6
227600;SUBMISSION;;ASH_COATED_OSMIUM;SEASHELLS;9991;5
228000;SUBMISSION;;ASH_COATED_OSMIUM;SEASHELLS;9991;5
228300;;SUBMISSION;ASH_COATED_OSMIUM;SEASHELLS;10001;7
229200;;SUBMISSION;ASH_COATED_OSMIUM;SEASHELLS;10000;2
229600;;SUBMISSION;ASH_COATED_OSMIUM;SEASHELLS;10010;5
235600;SUBMISSION;;ASH_COATED_OSMIUM;SEASHELLS;9990;8
236100;SUBMISSION;;ASH_COATED_OSMIUM;SEASHELLS;9990;4
236500;SUBMISSION;;ASH_COATED_OSMIUM;SEASHELLS;9990;2
236600;SUBMISSION;;ASH_COATED_OSMIUM;SEASHELLS;9991;4
237000;;SUBMISSION;ASH_COATED_OSMIUM;SEASHELLS;10004;5
237100;SUBMISSION;;ASH_COATED_OSMIUM;SEASHELLS;9988;3
241700;SUBMISSION;;ASH_COATED_OSMIUM;SEASHELLS;9989;7
242800;;SUBMISSION;ASH_COATED_OSMIUM;SEASHELLS;10002;5
243200;;SUBMISSION;ASH_COATED_OSMIUM;SEASHELLS;10002;6
243700;;SUBMISSION;ASH_COATED_OSMIUM;SEASHELLS;10005;6
244200;SUBMISSION;;ASH_COATED_OSMIUM;SEASHELLS;9997;4
245300;SUBMISSION;;ASH_COATED_OSMIUM;SEASHELLS;9995;5
246200;SUBMISSION;;ASH_COATED_OSMIUM;SEASHELLS;9987;9
247600;SUBMISSION;;ASH_COATED_OSMIUM;SEASHELLS;9986;6
247700;SUBMISSION;;ASH_COATED_OSMIUM;SEASHELLS;9994;4
247800;SUBMISSION;;ASH_COATED_OSMIUM;SEASHELLS;9990;7
250800;SUBMISSION;;ASH_COATED_OSMIUM;SEASHELLS;9994;3
251200;SUBMISSION;;ASH_COATED_OSMIUM;SEASHELLS;9991;6
251700;SUBMISSION;;ASH_COATED_OSMIUM;SEASHELLS;9986;4
252300;;SUBMISSION;ASH_COATED_OSMIUM;SEASHELLS;10000;5
252400;;SUBMISSION;ASH_COATED_OSMIUM;SEASHELLS;10003;7
254700;;SUBMISSION;ASH_COATED_OSMIUM;SEASHELLS;9995;10
255600;;SUBMISSION;ASH_COATED_OSMIUM;SEASHELLS;9996;9
258300;;SUBMISSION;ASH_COATED_OSMIUM;SEASHELLS;10002;9
258400;;SUBMISSION;ASH_COATED_OSMIUM;SEASHELLS;10003;4
259400;SUBMISSION;;ASH_COATED_OSMIUM;SEASHELLS;9990;8
260500;;SUBMISSION;ASH_COATED_OSMIUM;SEASHELLS;10007;7
260600;;SUBMISSION;ASH_COATED_OSMIUM;SEASHELLS;10005;2
261300;SUBMISSION;;ASH_COATED_OSMIUM;SEASHELLS;9989;2
262000;;SUBMISSION;ASH_COATED_OSMIUM;SEASHELLS;10000;8
267000;SUBMISSION;;ASH_COATED_OSMIUM;SEASHELLS;9994;9
268800;;SUBMISSION;ASH_COATED_OSMIUM;SEASHELLS;10011;6
269300;;SUBMISSION;ASH_COATED_OSMIUM;SEASHELLS;10002;4
269400;SUBMISSION;;ASH_COATED_OSMIUM;SEASHELLS;9994;4
270400;;SUBMISSION;ASH_COATED_OSMIUM;SEASHELLS;10010;2
271800;;SUBMISSION;ASH_COATED_OSMIUM;SEASHELLS;10010;5
272800;;SUBMISSION;ASH_COATED_OSMIUM;SEASHELLS;10011;6
275600;;SUBMISSION;ASH_COATED_OSMIUM;SEASHELLS;10010;4
280900;SUBMISSION;;ASH_COATED_OSMIUM;SEASHELLS;9995;2
282500;SUBMISSION;;ASH_COATED_OSMIUM;SEASHELLS;9995;4
282700;;SUBMISSION;ASH_COATED_OSMIUM;SEASHELLS;10003;3
291400;SUBMISSION;;ASH_COATED_OSMIUM;SEASHELLS;9995;3
295500;;SUBMISSION;ASH_COATED_OSMIUM;SEASHELLS;10008;8
297000;;SUBMISSION;ASH_COATED_OSMIUM;SEASHELLS;10009;9
297100;;SUBMISSION;ASH_COATED_OSMIUM;SEASHELLS;10004;6
297300;;SUBMISSION;ASH_COATED_OSMIUM;SEASHELLS;10010;3
299500;SUBMISSION;;ASH_COATED_OSMIUM;SEASHELLS;9994;2
301600;SUBMISSION;;ASH_COATED_OSMIUM;SEASHELLS;9995;9
302800;;SUBMISSION;ASH_COATED_OSMIUM;SEASHELLS;10003;5
306200;SUBMISSION;;ASH_COATED_OSMIUM;SEASHELLS;9995;6
306500;;SUBMISSION;ASH_COATED_OSMIUM;SEASHELLS;10009;5
307600;SUBMISSION;;ASH_COATED_OSMIUM;SEASHELLS;9995;5
310000;;SUBMISSION;ASH_COATED_OSMIUM;SEASHELLS;10007;9
310900;;SUBMISSION;ASH_COATED_OSMIUM;SEASHELLS;10008;6
313100;SUBMISSION;;ASH_COATED_OSMIUM;SEASHELLS;9996;2
313600;;SUBMISSION;ASH_COATED_OSMIUM;SEASHELLS;10011;3
314200;SUBMISSION;;ASH_COATED_OSMIUM;SEASHELLS;10001;10
315600;SUBMISSION;;ASH_COATED_OSMIUM;SEASHELLS;10000;8
319100;;SUBMISSION;ASH_COATED_OSMIUM;SEASHELLS;10006;10
320900;;SUBMISSION;ASH_COATED_OSMIUM;SEASHELLS;10015;6
323500;SUBMISSION;;ASH_COATED_OSMIUM;SEASHELLS;9995;6
324600;SUBMISSION;;ASH_COATED_OSMIUM;SEASHELLS;9994;2
325000;;SUBMISSION;ASH_COATED_OSMIUM;SEASHELLS;10008;5
329000;SUBMISSION;;ASH_COATED_OSMIUM;SEASHELLS;9994;9
330300;;SUBMISSION;ASH_COATED_OSMIUM;SEASHELLS;10003;4
330600;SUBMISSION;;ASH_COATED_OSMIUM;SEASHELLS;9995;2
331800;;SUBMISSION;ASH_COATED_OSMIUM;SEASHELLS;10010;8
332800;;SUBMISSION;ASH_COATED_OSMIUM;SEASHELLS;10009;5
333200;;SUBMISSION;ASH_COATED_OSMIUM;SEASHELLS;10004;6
335800;SUBMISSION;;ASH_COATED_OSMIUM;SEASHELLS;9995;6
336000;SUBMISSION;;ASH_COATED_OSMIUM;SEASHELLS;9996;6
336100;;SUBMISSION;ASH_COATED_OSMIUM;SEASHELLS;10005;4
336400;;SUBMISSION;ASH_COATED_OSMIUM;SEASHELLS;10011;9
336800;SUBMISSION;;ASH_COATED_OSMIUM;SEASHELLS;9995;4
337200;SUBMISSION;;ASH_COATED_OSMIUM;SEASHELLS;9994;6
337300;SUBMISSION;;ASH_COATED_OSMIUM;SEASHELLS;9996;7
340700;;SUBMISSION;ASH_COATED_OSMIUM;SEASHELLS;10008;2
341200;SUBMISSION;;ASH_COATED_OSMIUM;SEASHELLS;9995;2
343200;SUBMISSION;;ASH_COATED_OSMIUM;SEASHELLS;10000;9
344200;SUBMISSION;;ASH_COATED_OSMIUM;SEASHELLS;9997;4
345800;SUBMISSION;;ASH_COATED_OSMIUM;SEASHELLS;9997;3
346200;SUBMISSION;;ASH_COATED_OSMIUM;SEASHELLS;9996;4
349400;;SUBMISSION;ASH_COATED_OSMIUM;SEASHELLS;10008;4
350400;;SUBMISSION;ASH_COATED_OSMIUM;SEASHELLS;10007;5
351800;;SUBMISSION;ASH_COATED_OSMIUM;SEASHELLS;10009;5
353000;SUBMISSION;;ASH_COATED_OSMIUM;SEASHELLS;9994;5
356700;;SUBMISSION;ASH_COATED_OSMIUM;SEASHELLS;10010;9
357500;SUBMISSION;;ASH_COATED_OSMIUM;SEASHELLS;9997;3
358400;;SUBMISSION;ASH_COATED_OSMIUM;SEASHELLS;10010;3
359300;SUBMISSION;;ASH_COATED_OSMIUM;SEASHELLS;9996;4
361600;;SUBMISSION;ASH_COATED_OSMIUM;SEASHELLS;10004;8
363200;;SUBMISSION;ASH_COATED_OSMIUM;SEASHELLS;10004;8
363200;;SUBMISSION;ASH_COATED_OSMIUM;SEASHELLS;10009;2
363300;;SUBMISSION;ASH_COATED_OSMIUM;SEASHELLS;10004;8
365300;SUBMISSION;;ASH_COATED_OSMIUM;SEASHELLS;9995;3
365700;;SUBMISSION;ASH_COATED_OSMIUM;SEASHELLS;10005;4
367100;SUBMISSION;;ASH_COATED_OSMIUM;SEASHELLS;9999;10
369000;SUBMISSION;;ASH_COATED_OSMIUM;SEASHELLS;10000;9
375300;SUBMISSION;;ASH_COATED_OSMIUM;SEASHELLS;9996;4
375400;;SUBMISSION;ASH_COATED_OSMIUM;SEASHELLS;10009;3
377400;SUBMISSION;;ASH_COATED_OSMIUM;SEASHELLS;9995;4
378400;;SUBMISSION;ASH_COATED_OSMIUM;SEASHELLS;10003;4
380900;SUBMISSION;;ASH_COATED_OSMIUM;SEASHELLS;9996;8
381000;;SUBMISSION;ASH_COATED_OSMIUM;SEASHELLS;10009;2
381700;;SUBMISSION;ASH_COATED_OSMIUM;SEASHELLS;10004;6
383000;;SUBMISSION;ASH_COATED_OSMIUM;SEASHELLS;10008;6
384000;SUBMISSION;;ASH_COATED_OSMIUM;SEASHELLS;9991;4
389800;;SUBMISSION;ASH_COATED_OSMIUM;SEASHELLS;10008;10
389900;SUBMISSION;;ASH_COATED_OSMIUM;SEASHELLS;9991;7
390400;SUBMISSION;;ASH_COATED_OSMIUM;SEASHELLS;9994;9
391100;SUBMISSION;;ASH_COATED_OSMIUM;SEASHELLS;9993;4
392300;;SUBMISSION;ASH_COATED_OSMIUM;SEASHELLS;10009;5
394700;SUBMISSION;;ASH_COATED_OSMIUM;SEASHELLS;10000;5
401400;;SUBMISSION;ASH_COATED_OSMIUM;SEASHELLS;10005;5
401700;;SUBMISSION;ASH_COATED_OSMIUM;SEASHELLS;10011;9
402400;SUBMISSION;;ASH_COATED_OSMIUM;SEASHELLS;9995;5
405200;SUBMISSION;;ASH_COATED_OSMIUM;SEASHELLS;9993;2
407400;;SUBMISSION;ASH_COATED_OSMIUM;SEASHELLS;10009;8
409200;SUBMISSION;;ASH_COATED_OSMIUM;SEASHELLS;9999;7
409500;SUBMISSION;;ASH_COATED_OSMIUM;SEASHELLS;9999;7
412600;SUBMISSION;;ASH_COATED_OSMIUM;SEASHELLS;9993;4
414000;;SUBMISSION;ASH_COATED_OSMIUM;SEASHELLS;10009;6
415800;SUBMISSION;;ASH_COATED_OSMIUM;SEASHELLS;9995;6
416100;SUBMISSION;;ASH_COATED_OSMIUM;SEASHELLS;9995;2
424700;SUBMISSION;;ASH_COATED_OSMIUM;SEASHELLS;9991;6
425200;;SUBMISSION;ASH_COATED_OSMIUM;SEASHELLS;10005;6
425800;SUBMISSION;;ASH_COATED_OSMIUM;SEASHELLS;9991;7
429800;;SUBMISSION;ASH_COATED_OSMIUM;SEASHELLS;10000;6
430100;;SUBMISSION;ASH_COATED_OSMIUM;SEASHELLS;10006;4
432800;SUBMISSION;;ASH_COATED_OSMIUM;SEASHELLS;9992;6
433700;SUBMISSION;;ASH_COATED_OSMIUM;SEASHELLS;9991;6
435400;SUBMISSION;;ASH_COATED_OSMIUM;SEASHELLS;9990;3
439100;;SUBMISSION;ASH_COATED_OSMIUM;SEASHELLS;10007;5
439800;;SUBMISSION;ASH_COATED_OSMIUM;SEASHELLS;10010;7
440300;;SUBMISSION;ASH_COATED_OSMIUM;SEASHELLS;10007;3
440700;SUBMISSION;;ASH_COATED_OSMIUM;SEASHELLS;9992;2
441900;SUBMISSION;;ASH_COATED_OSMIUM;SEASHELLS;9998;7
442100;;SUBMISSION;ASH_COATED_OSMIUM;SEASHELLS;10002;4
442700;;SUBMISSION;ASH_COATED_OSMIUM;SEASHELLS;10009;6
443000;;SUBMISSION;ASH_COATED_OSMIUM;SEASHELLS;10009;4
444000;;SUBMISSION;ASH_COATED_OSMIUM;SEASHELLS;10003;10
444200;;SUBMISSION;ASH_COATED_OSMIUM;SEASHELLS;10009;10
445000;;SUBMISSION;ASH_COATED_OSMIUM;SEASHELLS;10009;8
448000;SUBMISSION;;ASH_COATED_OSMIUM;SEASHELLS;10001;7
449100;SUBMISSION;;ASH_COATED_OSMIUM;SEASHELLS;9996;8
450800;SUBMISSION;;ASH_COATED_OSMIUM;SEASHELLS;10002;3
451800;SUBMISSION;;ASH_COATED_OSMIUM;SEASHELLS;9997;5
452300;;SUBMISSION;ASH_COATED_OSMIUM;SEASHELLS;10011;7
453400;SUBMISSION;;ASH_COATED_OSMIUM;SEASHELLS;9999;6
453700;;SUBMISSION;ASH_COATED_OSMIUM;SEASHELLS;10008;6
455900;SUBMISSION;;ASH_COATED_OSMIUM;SEASHELLS;10005;10
456000;;SUBMISSION;ASH_COATED_OSMIUM;SEASHELLS;10014;4
458400;;SUBMISSION;ASH_COATED_OSMIUM;SEASHELLS;10013;6
462400;;SUBMISSION;ASH_COATED_OSMIUM;SEASHELLS;10007;6
463700;SUBMISSION;;ASH_COATED_OSMIUM;SEASHELLS;10003;8
463900;;SUBMISSION;ASH_COATED_OSMIUM;SEASHELLS;10012;6
465500;;SUBMISSION;ASH_COATED_OSMIUM;SEASHELLS;10012;6
465900;;SUBMISSION;ASH_COATED_OSMIUM;SEASHELLS;10006;4
467800;;SUBMISSION;ASH_COATED_OSMIUM;SEASHELLS;10007;4
467800;;SUBMISSION;ASH_COATED_OSMIUM;SEASHELLS;10013;5
468100;SUBMISSION;;ASH_COATED_OSMIUM;SEASHELLS;9996;8
468300;SUBMISSION;;ASH_COATED_OSMIUM;SEASHELLS;10003;4
471300;SUBMISSION;;ASH_COATED_OSMIUM;SEASHELLS;10003;10
471900;;SUBMISSION;ASH_COATED_OSMIUM;SEASHELLS;10013;6
472200;SUBMISSION;;ASH_COATED_OSMIUM;SEASHELLS;9998;3
476400;;SUBMISSION;ASH_COATED_OSMIUM;SEASHELLS;10007;5
477100;SUBMISSION;;ASH_COATED_OSMIUM;SEASHELLS;10001;3
477200;SUBMISSION;;ASH_COATED_OSMIUM;SEASHELLS;9992;6
478500;SUBMISSION;;ASH_COATED_OSMIUM;SEASHELLS;9992;3
478600;SUBMISSION;;ASH_COATED_OSMIUM;SEASHELLS;9992;6
479600;SUBMISSION;;ASH_COATED_OSMIUM;SEASHELLS;9992;2
480100;SUBMISSION;;ASH_COATED_OSMIUM;SEASHELLS;9998;4
482300;SUBMISSION;;ASH_COATED_OSMIUM;SEASHELLS;9999;3
482600;SUBMISSION;;ASH_COATED_OSMIUM;SEASHELLS;9990;5
482700;SUBMISSION;;ASH_COATED_OSMIUM;SEASHELLS;9990;5
483400;SUBMISSION;;ASH_COATED_OSMIUM;SEASHELLS;9995;7
487200;;SUBMISSION;ASH_COATED_OSMIUM;SEASHELLS;10007;3
487500;SUBMISSION;;ASH_COATED_OSMIUM;SEASHELLS;9991;4
487700;SUBMISSION;;ASH_COATED_OSMIUM;SEASHELLS;9991;5
489700;;SUBMISSION;ASH_COATED_OSMIUM;SEASHELLS;10012;7
493900;;SUBMISSION;ASH_COATED_OSMIUM;SEASHELLS;10003;10
494300;;SUBMISSION;ASH_COATED_OSMIUM;SEASHELLS;10009;3
498900;SUBMISSION;;ASH_COATED_OSMIUM;SEASHELLS;9993;8
500000;SUBMISSION;;ASH_COATED_OSMIUM;SEASHELLS;9991;4
501500;SUBMISSION;;ASH_COATED_OSMIUM;SEASHELLS;9997;10
501900;;SUBMISSION;ASH_COATED_OSMIUM;SEASHELLS;10000;6
502100;SUBMISSION;;ASH_COATED_OSMIUM;SEASHELLS;9992;4
502700;;SUBMISSION;ASH_COATED_OSMIUM;SEASHELLS;10006;2
503100;SUBMISSION;;ASH_COATED_OSMIUM;SEASHELLS;9996;5
511000;SUBMISSION;;ASH_COATED_OSMIUM;SEASHELLS;9998;4
511700;;SUBMISSION;ASH_COATED_OSMIUM;SEASHELLS;10013;6
512500;;SUBMISSION;ASH_COATED_OSMIUM;SEASHELLS;10013;4
514300;SUBMISSION;;ASH_COATED_OSMIUM;SEASHELLS;9996;5
516100;;SUBMISSION;ASH_COATED_OSMIUM;SEASHELLS;10012;5
517200;;SUBMISSION;ASH_COATED_OSMIUM;SEASHELLS;10011;5
520100;;SUBMISSION;ASH_COATED_OSMIUM;SEASHELLS;10014;6
521800;SUBMISSION;;ASH_COATED_OSMIUM;SEASHELLS;9997;4
522500;;SUBMISSION;ASH_COATED_OSMIUM;SEASHELLS;10007;5
525300;;SUBMISSION;ASH_COATED_OSMIUM;SEASHELLS;10007;7
525400;;SUBMISSION;ASH_COATED_OSMIUM;SEASHELLS;10003;2
525700;SUBMISSION;;ASH_COATED_OSMIUM;SEASHELLS;9998;4
526300;;SUBMISSION;ASH_COATED_OSMIUM;SEASHELLS;10002;2
526500;;SUBMISSION;ASH_COATED_OSMIUM;SEASHELLS;10006;10
528200;;SUBMISSION;ASH_COATED_OSMIUM;SEASHELLS;10003;5
532300;SUBMISSION;;ASH_COATED_OSMIUM;SEASHELLS;9999;3
532800;SUBMISSION;;ASH_COATED_OSMIUM;SEASHELLS;10004;6
533700;;SUBMISSION;ASH_COATED_OSMIUM;SEASHELLS;10005;3
534100;;SUBMISSION;ASH_COATED_OSMIUM;SEASHELLS;10006;4
534400;;SUBMISSION;ASH_COATED_OSMIUM;SEASHELLS;10007;3
534800;;SUBMISSION;ASH_COATED_OSMIUM;SEASHELLS;10012;9
535400;;SUBMISSION;ASH_COATED_OSMIUM;SEASHELLS;10009;4
535700;;SUBMISSION;ASH_COATED_OSMIUM;SEASHELLS;10009;3
536100;SUBMISSION;;ASH_COATED_OSMIUM;SEASHELLS;10004;6
537200;;SUBMISSION;ASH_COATED_OSMIUM;SEASHELLS;10018;3
538200;;SUBMISSION;ASH_COATED_OSMIUM;SEASHELLS;10013;9
538600;SUBMISSION;;ASH_COATED_OSMIUM;SEASHELLS;10009;7
539000;;SUBMISSION;ASH_COATED_OSMIUM;SEASHELLS;10009;5
540100;;SUBMISSION;ASH_COATED_OSMIUM;SEASHELLS;10019;2
542300;;SUBMISSION;ASH_COATED_OSMIUM;SEASHELLS;10015;8
542500;;SUBMISSION;ASH_COATED_OSMIUM;SEASHELLS;10006;11
542800;;SUBMISSION;ASH_COATED_OSMIUM;SEASHELLS;10007;14
545900;;SUBMISSION;ASH_COATED_OSMIUM;SEASHELLS;10016;7
547300;SUBMISSION;;ASH_COATED_OSMIUM;SEASHELLS;10006;9
547400;;SUBMISSION;ASH_COATED_OSMIUM;SEASHELLS;10008;12
548400;;SUBMISSION;ASH_COATED_OSMIUM;SEASHELLS;10015;5
552900;SUBMISSION;;ASH_COATED_OSMIUM;SEASHELLS;10006;10
554000;;SUBMISSION;ASH_COATED_OSMIUM;SEASHELLS;10012;5
554400;SUBMISSION;;ASH_COATED_OSMIUM;SEASHELLS;10005;10
554700;;SUBMISSION;ASH_COATED_OSMIUM;SEASHELLS;10010;2
556700;SUBMISSION;;ASH_COATED_OSMIUM;SEASHELLS;10006;2
557700;SUBMISSION;;ASH_COATED_OSMIUM;SEASHELLS;10004;8
557800;SUBMISSION;;ASH_COATED_OSMIUM;SEASHELLS;10008;6
560300;;SUBMISSION;ASH_COATED_OSMIUM;SEASHELLS;10018;6
560800;;SUBMISSION;ASH_COATED_OSMIUM;SEASHELLS;10011;10
563700;;SUBMISSION;ASH_COATED_OSMIUM;SEASHELLS;10015;3
566600;;SUBMISSION;ASH_COATED_OSMIUM;SEASHELLS;10017;7
567300;SUBMISSION;;ASH_COATED_OSMIUM;SEASHELLS;10003;10
573000;;SUBMISSION;ASH_COATED_OSMIUM;SEASHELLS;10015;3
574000;SUBMISSION;;ASH_COATED_OSMIUM;SEASHELLS;10002;2
574100;;SUBMISSION;ASH_COATED_OSMIUM;SEASHELLS;10016;5
574300;SUBMISSION;;ASH_COATED_OSMIUM;SEASHELLS;10002;3
578400;SUBMISSION;;ASH_COATED_OSMIUM;SEASHELLS;10005;4
578600;;SUBMISSION;ASH_COATED_OSMIUM;SEASHELLS;10010;6
579000;SUBMISSION;;ASH_COATED_OSMIUM;SEASHELLS;10006;5
580800;SUBMISSION;;ASH_COATED_OSMIUM;SEASHELLS;10005;6
583200;SUBMISSION;;ASH_COATED_OSMIUM;SEASHELLS;10003;9
583900;;SUBMISSION;ASH_COATED_OSMIUM;SEASHELLS;10013;7
584000;;SUBMISSION;ASH_COATED_OSMIUM;SEASHELLS;10012;8
585100;SUBMISSION;;ASH_COATED_OSMIUM;SEASHELLS;10001;5
589000;SUBMISSION;;ASH_COATED_OSMIUM;SEASHELLS;10002;6
590100;;SUBMISSION;ASH_COATED_OSMIUM;SEASHELLS;10011;3
594800;;SUBMISSION;ASH_COATED_OSMIUM;SEASHELLS;10012;2
600600;SUBMISSION;;ASH_COATED_OSMIUM;SEASHELLS;9994;6
602900;SUBMISSION;;ASH_COATED_OSMIUM;SEASHELLS;10003;2
604200;SUBMISSION;;ASH_COATED_OSMIUM;SEASHELLS;10002;4
607200;SUBMISSION;;ASH_COATED_OSMIUM;SEASHELLS;9997;3
607600;;SUBMISSION;ASH_COATED_OSMIUM;SEASHELLS;10011;5
608800;SUBMISSION;;ASH_COATED_OSMIUM;SEASHELLS;10000;6
609700;SUBMISSION;;ASH_COATED_OSMIUM;SEASHELLS;9998;6
611400;SUBMISSION;;ASH_COATED_OSMIUM;SEASHELLS;9994;6
611700;SUBMISSION;;ASH_COATED_OSMIUM;SEASHELLS;9994;5
612000;SUBMISSION;;ASH_COATED_OSMIUM;SEASHELLS;10001;2
615600;;SUBMISSION;ASH_COATED_OSMIUM;SEASHELLS;10008;5
618700;SUBMISSION;;ASH_COATED_OSMIUM;SEASHELLS;9999;5
622700;;SUBMISSION;ASH_COATED_OSMIUM;SEASHELLS;10015;4
624500;SUBMISSION;;ASH_COATED_OSMIUM;SEASHELLS;9996;6
626000;SUBMISSION;;ASH_COATED_OSMIUM;SEASHELLS;9998;5
628900;;SUBMISSION;ASH_COATED_OSMIUM;SEASHELLS;10007;6
632100;;SUBMISSION;ASH_COATED_OSMIUM;SEASHELLS;10008;5
634000;SUBMISSION;;ASH_COATED_OSMIUM;SEASHELLS;9996;2
639100;;SUBMISSION;ASH_COATED_OSMIUM;SEASHELLS;10011;8
639200;SUBMISSION;;ASH_COATED_OSMIUM;SEASHELLS;10001;9
640400;SUBMISSION;;ASH_COATED_OSMIUM;SEASHELLS;9997;4
640500;;SUBMISSION;ASH_COATED_OSMIUM;SEASHELLS;10006;8
641800;;SUBMISSION;ASH_COATED_OSMIUM;SEASHELLS;10011;5
642700;;SUBMISSION;ASH_COATED_OSMIUM;SEASHELLS;10014;6
647300;;SUBMISSION;ASH_COATED_OSMIUM;SEASHELLS;10013;5
650400;SUBMISSION;;ASH_COATED_OSMIUM;SEASHELLS;9994;4
653900;SUBMISSION;;ASH_COATED_OSMIUM;SEASHELLS;9992;6
654800;SUBMISSION;;ASH_COATED_OSMIUM;SEASHELLS;9992;6
655900;SUBMISSION;;ASH_COATED_OSMIUM;SEASHELLS;9992;3
656900;SUBMISSION;;ASH_COATED_OSMIUM;SEASHELLS;9991;10
658000;SUBMISSION;;ASH_COATED_OSMIUM;SEASHELLS;9992;3
658400;;SUBMISSION;ASH_COATED_OSMIUM;SEASHELLS;10005;9
659400;SUBMISSION;;ASH_COATED_OSMIUM;SEASHELLS;9998;5
660200;;SUBMISSION;ASH_COATED_OSMIUM;SEASHELLS;10002;4
662300;SUBMISSION;;ASH_COATED_OSMIUM;SEASHELLS;10001;12
663300;SUBMISSION;;ASH_COATED_OSMIUM;SEASHELLS;10000;10
664800;SUBMISSION;;ASH_COATED_OSMIUM;SEASHELLS;9999;10
666200;SUBMISSION;;ASH_COATED_OSMIUM;SEASHELLS;9997;14
666400;SUBMISSION;;ASH_COATED_OSMIUM;SEASHELLS;9983;4
666800;SUBMISSION;;ASH_COATED_OSMIUM;SEASHELLS;9997;14
666800;SUBMISSION;;ASH_COATED_OSMIUM;SEASHELLS;9982;5
667000;SUBMISSION;;ASH_COATED_OSMIUM;SEASHELLS;9992;5
668000;;SUBMISSION;ASH_COATED_OSMIUM;SEASHELLS;9999;2
673600;SUBMISSION;;ASH_COATED_OSMIUM;SEASHELLS;9991;10
676800;SUBMISSION;;ASH_COATED_OSMIUM;SEASHELLS;9988;4
679200;;SUBMISSION;ASH_COATED_OSMIUM;SEASHELLS;10001;5
679300;SUBMISSION;;ASH_COATED_OSMIUM;SEASHELLS;9991;6
681200;;SUBMISSION;ASH_COATED_OSMIUM;SEASHELLS;10001;9
682900;;SUBMISSION;ASH_COATED_OSMIUM;SEASHELLS;10002;4
685400;;SUBMISSION;ASH_COATED_OSMIUM;SEASHELLS;10000;7
689500;;SUBMISSION;ASH_COATED_OSMIUM;SEASHELLS;10001;6
689600;SUBMISSION;;ASH_COATED_OSMIUM;SEASHELLS;9991;10
689700;SUBMISSION;;ASH_COATED_OSMIUM;SEASHELLS;9994;3
690300;SUBMISSION;;ASH_COATED_OSMIUM;SEASHELLS;9985;5
690800;SUBMISSION;;ASH_COATED_OSMIUM;SEASHELLS;9984;4
695300;SUBMISSION;;ASH_COATED_OSMIUM;SEASHELLS;9994;4
699400;SUBMISSION;;ASH_COATED_OSMIUM;SEASHELLS;9991;2
699700;SUBMISSION;;ASH_COATED_OSMIUM;SEASHELLS;9990;4
699900;;SUBMISSION;ASH_COATED_OSMIUM;SEASHELLS;9996;6
700300;;SUBMISSION;ASH_COATED_OSMIUM;SEASHELLS;9996;6
700400;SUBMISSION;;ASH_COATED_OSMIUM;SEASHELLS;9982;3
700800;SUBMISSION;;ASH_COATED_OSMIUM;SEASHELLS;9991;2
701000;SUBMISSION;;ASH_COATED_OSMIUM;SEASHELLS;9991;2
702000;SUBMISSION;;ASH_COATED_OSMIUM;SEASHELLS;9991;2
703100;SUBMISSION;;ASH_COATED_OSMIUM;SEASHELLS;9984;4
703900;SUBMISSION;;ASH_COATED_OSMIUM;SEASHELLS;9989;5
705400;SUBMISSION;;ASH_COATED_OSMIUM;SEASHELLS;9985;4
709400;;SUBMISSION;ASH_COATED_OSMIUM;SEASHELLS;9991;6
710200;;SUBMISSION;ASH_COATED_OSMIUM;SEASHELLS;9999;8
710300;SUBMISSION;;ASH_COATED_OSMIUM;SEASHELLS;9992;4
711600;SUBMISSION;;ASH_COATED_OSMIUM;SEASHELLS;9987;10
712100;;SUBMISSION;ASH_COATED_OSMIUM;SEASHELLS;9996;5
713400;;SUBMISSION;ASH_COATED_OSMIUM;SEASHELLS;9990;10
713700;SUBMISSION;;ASH_COATED_OSMIUM;SEASHELLS;9986;10
714900;SUBMISSION;;ASH_COATED_OSMIUM;SEASHELLS;9985;5
716400;;SUBMISSION;ASH_COATED_OSMIUM;SEASHELLS;9988;6
717200;SUBMISSION;;ASH_COATED_OSMIUM;SEASHELLS;9988;2
717800;SUBMISSION;;ASH_COATED_OSMIUM;SEASHELLS;9988;3
719000;SUBMISSION;;ASH_COATED_OSMIUM;SEASHELLS;9988;1
720400;;SUBMISSION;ASH_COATED_OSMIUM;SEASHELLS;9995;4
721200;;SUBMISSION;ASH_COATED_OSMIUM;SEASHELLS;9989;8
722800;;SUBMISSION;ASH_COATED_OSMIUM;SEASHELLS;9989;7
723100;SUBMISSION;;ASH_COATED_OSMIUM;SEASHELLS;9980;6
724800;SUBMISSION;;ASH_COATED_OSMIUM;SEASHELLS;9985;8
725700;SUBMISSION;;ASH_COATED_OSMIUM;SEASHELLS;9981;5
729100;;SUBMISSION;ASH_COATED_OSMIUM;SEASHELLS;9998;8
729300;SUBMISSION;;ASH_COATED_OSMIUM;SEASHELLS;9985;5
730400;;SUBMISSION;ASH_COATED_OSMIUM;SEASHELLS;9998;6
730500;SUBMISSION;;ASH_COATED_OSMIUM;SEASHELLS;9981;5
731000;;SUBMISSION;ASH_COATED_OSMIUM;SEASHELLS;9992;9
731200;;SUBMISSION;ASH_COATED_OSMIUM;SEASHELLS;9998;9
731500;SUBMISSION;;ASH_COATED_OSMIUM;SEASHELLS;9993;2
732200;SUBMISSION;;ASH_COATED_OSMIUM;SEASHELLS;9993;4
732300;SUBMISSION;;ASH_COATED_OSMIUM;SEASHELLS;9993;5
733700;SUBMISSION;;ASH_COATED_OSMIUM;SEASHELLS;9990;7
734800;;SUBMISSION;ASH_COATED_OSMIUM;SEASHELLS;10000;5
734900;SUBMISSION;;ASH_COATED_OSMIUM;SEASHELLS;9986;5
736500;;SUBMISSION;ASH_COATED_OSMIUM;SEASHELLS;9998;5
739200;;SUBMISSION;ASH_COATED_OSMIUM;SEASHELLS;9998;6
739500;SUBMISSION;;ASH_COATED_OSMIUM;SEASHELLS;9982;10
740500;;SUBMISSION;ASH_COATED_OSMIUM;SEASHELLS;9993;8
742000;;SUBMISSION;ASH_COATED_OSMIUM;SEASHELLS;9999;5
743500;SUBMISSION;;ASH_COATED_OSMIUM;SEASHELLS;9985;4
745200;SUBMISSION;;ASH_COATED_OSMIUM;SEASHELLS;9986;6
745700;SUBMISSION;;ASH_COATED_OSMIUM;SEASHELLS;9986;4
746100;;SUBMISSION;ASH_COATED_OSMIUM;SEASHELLS;10000;8
753100;;SUBMISSION;ASH_COATED_OSMIUM;SEASHELLS;9998;9
753700;;SUBMISSION;ASH_COATED_OSMIUM;SEASHELLS;9997;3
754000;;SUBMISSION;ASH_COATED_OSMIUM;SEASHELLS;10004;5
755500;;SUBMISSION;ASH_COATED_OSMIUM;SEASHELLS;10004;4
756200;SUBMISSION;;ASH_COATED_OSMIUM;SEASHELLS;9990;6
756600;SUBMISSION;;ASH_COATED_OSMIUM;SEASHELLS;9991;9
756900;SUBMISSION;;ASH_COATED_OSMIUM;SEASHELLS;9991;5
757200;SUBMISSION;;ASH_COATED_OSMIUM;SEASHELLS;9991;9
758100;;SUBMISSION;ASH_COATED_OSMIUM;SEASHELLS;9999;5
758300;SUBMISSION;;ASH_COATED_OSMIUM;SEASHELLS;9989;6
763700;SUBMISSION;;ASH_COATED_OSMIUM;SEASHELLS;9988;3
767000;;SUBMISSION;ASH_COATED_OSMIUM;SEASHELLS;10005;9
771800;;SUBMISSION;ASH_COATED_OSMIUM;SEASHELLS;10002;9
773400;;SUBMISSION;ASH_COATED_OSMIUM;SEASHELLS;10002;8
777200;;SUBMISSION;ASH_COATED_OSMIUM;SEASHELLS;10006;10
779700;SUBMISSION;;ASH_COATED_OSMIUM;SEASHELLS;9994;6
779900;;SUBMISSION;ASH_COATED_OSMIUM;SEASHELLS;10004;2
782300;SUBMISSION;;ASH_COATED_OSMIUM;SEASHELLS;9995;4
782500;;SUBMISSION;ASH_COATED_OSMIUM;SEASHELLS;10007;7
784800;SUBMISSION;;ASH_COATED_OSMIUM;SEASHELLS;9995;4
788000;;SUBMISSION;ASH_COATED_OSMIUM;SEASHELLS;10007;5
789500;SUBMISSION;;ASH_COATED_OSMIUM;SEASHELLS;9990;2
791700;SUBMISSION;;ASH_COATED_OSMIUM;SEASHELLS;9990;5
792300;;SUBMISSION;ASH_COATED_OSMIUM;SEASHELLS;10004;10
794000;SUBMISSION;;ASH_COATED_OSMIUM;SEASHELLS;9994;5
796300;SUBMISSION;;ASH_COATED_OSMIUM;SEASHELLS;9988;4
801100;SUBMISSION;;ASH_COATED_OSMIUM;SEASHELLS;9993;6
802000;;SUBMISSION;ASH_COATED_OSMIUM;SEASHELLS;9996;5
802400;SUBMISSION;;ASH_COATED_OSMIUM;SEASHELLS;9994;6
803100;;SUBMISSION;ASH_COATED_OSMIUM;SEASHELLS;10005;5
805000;;SUBMISSION;ASH_COATED_OSMIUM;SEASHELLS;10005;6
805400;SUBMISSION;;ASH_COATED_OSMIUM;SEASHELLS;9995;4
805800;SUBMISSION;;ASH_COATED_OSMIUM;SEASHELLS;9992;2
810500;;SUBMISSION;ASH_COATED_OSMIUM;SEASHELLS;10013;2
815400;;SUBMISSION;ASH_COATED_OSMIUM;SEASHELLS;10009;4
819100;;SUBMISSION;ASH_COATED_OSMIUM;SEASHELLS;10002;5
821100;;SUBMISSION;ASH_COATED_OSMIUM;SEASHELLS;10010;8
823200;;SUBMISSION;ASH_COATED_OSMIUM;SEASHELLS;10003;5
832700;SUBMISSION;;ASH_COATED_OSMIUM;SEASHELLS;9998;5
833900;;SUBMISSION;ASH_COATED_OSMIUM;SEASHELLS;10007;4
835700;;SUBMISSION;ASH_COATED_OSMIUM;SEASHELLS;10015;8
836900;;SUBMISSION;ASH_COATED_OSMIUM;SEASHELLS;10004;4
839500;;SUBMISSION;ASH_COATED_OSMIUM;SEASHELLS;10014;4
839800;;SUBMISSION;ASH_COATED_OSMIUM;SEASHELLS;10007;7
840500;;SUBMISSION;ASH_COATED_OSMIUM;SEASHELLS;10003;5
841100;SUBMISSION;;ASH_COATED_OSMIUM;SEASHELLS;10002;10
841500;SUBMISSION;;ASH_COATED_OSMIUM;SEASHELLS;9997;6
842800;;SUBMISSION;ASH_COATED_OSMIUM;SEASHELLS;10012;5
843100;SUBMISSION;;ASH_COATED_OSMIUM;SEASHELLS;9998;5
843200;SUBMISSION;;ASH_COATED_OSMIUM;SEASHELLS;9998;4
845100;;SUBMISSION;ASH_COATED_OSMIUM;SEASHELLS;10012;3
845400;;SUBMISSION;ASH_COATED_OSMIUM;SEASHELLS;10012;3
846100;;SUBMISSION;ASH_COATED_OSMIUM;SEASHELLS;10007;6
847500;;SUBMISSION;ASH_COATED_OSMIUM;SEASHELLS;10013;8
847800;SUBMISSION;;ASH_COATED_OSMIUM;SEASHELLS;9999;7
848300;SUBMISSION;;ASH_COATED_OSMIUM;SEASHELLS;9996;5
850300;;SUBMISSION;ASH_COATED_OSMIUM;SEASHELLS;10008;10
852100;SUBMISSION;;ASH_COATED_OSMIUM;SEASHELLS;10000;3
852300;SUBMISSION;;ASH_COATED_OSMIUM;SEASHELLS;9999;3
852400;;SUBMISSION;ASH_COATED_OSMIUM;SEASHELLS;10004;5
854400;;SUBMISSION;ASH_COATED_OSMIUM;SEASHELLS;10003;4
855500;SUBMISSION;;ASH_COATED_OSMIUM;SEASHELLS;10001;8
859500;SUBMISSION;;ASH_COATED_OSMIUM;SEASHELLS;9993;4
861900;;SUBMISSION;ASH_COATED_OSMIUM;SEASHELLS;10002;6
862400;SUBMISSION;;ASH_COATED_OSMIUM;SEASHELLS;9997;5
863600;SUBMISSION;;ASH_COATED_OSMIUM;SEASHELLS;9995;9
864800;;SUBMISSION;ASH_COATED_OSMIUM;SEASHELLS;10005;8
865000;SUBMISSION;;ASH_COATED_OSMIUM;SEASHELLS;9991;6
867100;SUBMISSION;;ASH_COATED_OSMIUM;SEASHELLS;9996;6
867600;SUBMISSION;;ASH_COATED_OSMIUM;SEASHELLS;9992;3
868100;;SUBMISSION;ASH_COATED_OSMIUM;SEASHELLS;10001;7
870700;;SUBMISSION;ASH_COATED_OSMIUM;SEASHELLS;10006;5
871300;SUBMISSION;;ASH_COATED_OSMIUM;SEASHELLS;9991;2
871500;;SUBMISSION;ASH_COATED_OSMIUM;SEASHELLS;10006;2
874000;SUBMISSION;;ASH_COATED_OSMIUM;SEASHELLS;9993;5
875400;SUBMISSION;;ASH_COATED_OSMIUM;SEASHELLS;9991;5
875900;;SUBMISSION;ASH_COATED_OSMIUM;SEASHELLS;9999;7
877500;;SUBMISSION;ASH_COATED_OSMIUM;SEASHELLS;10000;4
877900;SUBMISSION;;ASH_COATED_OSMIUM;SEASHELLS;9992;7
878000;;SUBMISSION;ASH_COATED_OSMIUM;SEASHELLS;10006;5
879100;SUBMISSION;;ASH_COATED_OSMIUM;SEASHELLS;9997;7
880600;SUBMISSION;;ASH_COATED_OSMIUM;SEASHELLS;9993;4
881400;;SUBMISSION;ASH_COATED_OSMIUM;SEASHELLS;10001;9
882700;SUBMISSION;;ASH_COATED_OSMIUM;SEASHELLS;9996;10
886300;SUBMISSION;;ASH_COATED_OSMIUM;SEASHELLS;9997;4
886600;SUBMISSION;;ASH_COATED_OSMIUM;SEASHELLS;9994;9
887600;;SUBMISSION;ASH_COATED_OSMIUM;SEASHELLS;9998;9
887700;;SUBMISSION;ASH_COATED_OSMIUM;SEASHELLS;10004;6
888300;SUBMISSION;;ASH_COATED_OSMIUM;SEASHELLS;9997;2
890500;SUBMISSION;;ASH_COATED_OSMIUM;SEASHELLS;9993;6
892900;;SUBMISSION;ASH_COATED_OSMIUM;SEASHELLS;10005;8
893000;SUBMISSION;;ASH_COATED_OSMIUM;SEASHELLS;9988;4
894900;;SUBMISSION;ASH_COATED_OSMIUM;SEASHELLS;10001;5
898200;;SUBMISSION;ASH_COATED_OSMIUM;SEASHELLS;10001;7
899200;;SUBMISSION;ASH_COATED_OSMIUM;SEASHELLS;10010;5
900000;SUBMISSION;;ASH_COATED_OSMIUM;SEASHELLS;9997;10
901500;;SUBMISSION;ASH_COATED_OSMIUM;SEASHELLS;10002;6
901500;;SUBMISSION;ASH_COATED_OSMIUM;SEASHELLS;10002;6
901500;;SUBMISSION;ASH_COATED_OSMIUM;SEASHELLS;10007;2
901900;;SUBMISSION;ASH_COATED_OSMIUM;SEASHELLS;10003;7
904500;;SUBMISSION;ASH_COATED_OSMIUM;SEASHELLS;10010;3
904900;SUBMISSION;;ASH_COATED_OSMIUM;SEASHELLS;9993;4
905000;SUBMISSION;;ASH_COATED_OSMIUM;SEASHELLS;9996;10
905700;;SUBMISSION;ASH_COATED_OSMIUM;SEASHELLS;10013;5
909200;SUBMISSION;;ASH_COATED_OSMIUM;SEASHELLS;9999;4
909900;;SUBMISSION;ASH_COATED_OSMIUM;SEASHELLS;10015;8
910000;;SUBMISSION;ASH_COATED_OSMIUM;SEASHELLS;10006;5
910100;;SUBMISSION;ASH_COATED_OSMIUM;SEASHELLS;10009;5
910500;;SUBMISSION;ASH_COATED_OSMIUM;SEASHELLS;10005;5
912200;;SUBMISSION;ASH_COATED_OSMIUM;SEASHELLS;10016;3
913100;;SUBMISSION;ASH_COATED_OSMIUM;SEASHELLS;10012;7
915300;SUBMISSION;;ASH_COATED_OSMIUM;SEASHELLS;10009;10
915700;;SUBMISSION;ASH_COATED_OSMIUM;SEASHELLS;10004;12
916000;;SUBMISSION;ASH_COATED_OSMIUM;SEASHELLS;10005;10
917200;;SUBMISSION;ASH_COATED_OSMIUM;SEASHELLS;10008;2
917500;SUBMISSION;;ASH_COATED_OSMIUM;SEASHELLS;10008;8
917900;;SUBMISSION;ASH_COATED_OSMIUM;SEASHELLS;10017;5
918800;SUBMISSION;;ASH_COATED_OSMIUM;SEASHELLS;10007;4
918800;SUBMISSION;;ASH_COATED_OSMIUM;SEASHELLS;10007;3
919600;;SUBMISSION;ASH_COATED_OSMIUM;SEASHELLS;10008;4
920400;;SUBMISSION;ASH_COATED_OSMIUM;SEASHELLS;10009;2
920500;;SUBMISSION;ASH_COATED_OSMIUM;SEASHELLS;10018;3
921200;;SUBMISSION;ASH_COATED_OSMIUM;SEASHELLS;10019;10
921600;;SUBMISSION;ASH_COATED_OSMIUM;SEASHELLS;10011;9
923300;SUBMISSION;;ASH_COATED_OSMIUM;SEASHELLS;10002;3
923800;;SUBMISSION;ASH_COATED_OSMIUM;SEASHELLS;10011;6
925700;;SUBMISSION;ASH_COATED_OSMIUM;SEASHELLS;10010;10
926100;SUBMISSION;;ASH_COATED_OSMIUM;SEASHELLS;10006;10
928100;SUBMISSION;;ASH_COATED_OSMIUM;SEASHELLS;9999;3
928700;SUBMISSION;;ASH_COATED_OSMIUM;SEASHELLS;10000;4
929300;;SUBMISSION;ASH_COATED_OSMIUM;SEASHELLS;10013;2
930600;SUBMISSION;;ASH_COATED_OSMIUM;SEASHELLS;9999;6
932600;;SUBMISSION;ASH_COATED_OSMIUM;SEASHELLS;10015;10
933900;;SUBMISSION;ASH_COATED_OSMIUM;SEASHELLS;10014;3
934400;;SUBMISSION;ASH_COATED_OSMIUM;SEASHELLS;10009;6
935900;SUBMISSION;;ASH_COATED_OSMIUM;SEASHELLS;10000;8
939200;;SUBMISSION;ASH_COATED_OSMIUM;SEASHELLS;10013;6
939500;;SUBMISSION;ASH_COATED_OSMIUM;SEASHELLS;10014;9
945100;;SUBMISSION;ASH_COATED_OSMIUM;SEASHELLS;10009;8
946100;SUBMISSION;;ASH_COATED_OSMIUM;SEASHELLS;9996;10
947700;SUBMISSION;;ASH_COATED_OSMIUM;SEASHELLS;10004;6
948400;;SUBMISSION;ASH_COATED_OSMIUM;SEASHELLS;10014;7
949200;;SUBMISSION;ASH_COATED_OSMIUM;SEASHELLS;10014;2
949300;SUBMISSION;;ASH_COATED_OSMIUM;SEASHELLS;10006;10
949500;SUBMISSION;;ASH_COATED_OSMIUM;SEASHELLS;10005;10
951100;SUBMISSION;;ASH_COATED_OSMIUM;SEASHELLS;10007;6
953100;SUBMISSION;;ASH_COATED_OSMIUM;SEASHELLS;10007;8
953900;;SUBMISSION;ASH_COATED_OSMIUM;SEASHELLS;10011;7
954300;;SUBMISSION;ASH_COATED_OSMIUM;SEASHELLS;10011;8
956200;SUBMISSION;;ASH_COATED_OSMIUM;SEASHELLS;10004;3
956800;;SUBMISSION;ASH_COATED_OSMIUM;SEASHELLS;10013;7
959600;;SUBMISSION;ASH_COATED_OSMIUM;SEASHELLS;10010;2
959700;;SUBMISSION;ASH_COATED_OSMIUM;SEASHELLS;10010;4
960000;SUBMISSION;;ASH_COATED_OSMIUM;SEASHELLS;10003;4
961100;;SUBMISSION;ASH_COATED_OSMIUM;SEASHELLS;10015;4
964000;;SUBMISSION;ASH_COATED_OSMIUM;SEASHELLS;10018;3
965600;;SUBMISSION;ASH_COATED_OSMIUM;SEASHELLS;10009;3
969000;SUBMISSION;;ASH_COATED_OSMIUM;SEASHELLS;10008;7
969800;SUBMISSION;;ASH_COATED_OSMIUM;SEASHELLS;10008;6
970900;;SUBMISSION;ASH_COATED_OSMIUM;SEASHELLS;10017;5
972700;;SUBMISSION;ASH_COATED_OSMIUM;SEASHELLS;10008;2
973800;;SUBMISSION;ASH_COATED_OSMIUM;SEASHELLS;10011;4
974600;;SUBMISSION;ASH_COATED_OSMIUM;SEASHELLS;10016;4
975100;SUBMISSION;;ASH_COATED_OSMIUM;SEASHELLS;10001;2
975500;;SUBMISSION;ASH_COATED_OSMIUM;SEASHELLS;10015;3
976500;SUBMISSION;;ASH_COATED_OSMIUM;SEASHELLS;10001;6
977300;SUBMISSION;;ASH_COATED_OSMIUM;SEASHELLS;10005;9
977500;;SUBMISSION;ASH_COATED_OSMIUM;SEASHELLS;10010;10
980800;;SUBMISSION;ASH_COATED_OSMIUM;SEASHELLS;10016;5
984100;;SUBMISSION;ASH_COATED_OSMIUM;SEASHELLS;10017;4
984500;SUBMISSION;;ASH_COATED_OSMIUM;SEASHELLS;10007;8
985300;SUBMISSION;;ASH_COATED_OSMIUM;SEASHELLS;9999;3
985700;;SUBMISSION;ASH_COATED_OSMIUM;SEASHELLS;10010;5
986200;;SUBMISSION;ASH_COATED_OSMIUM;SEASHELLS;10016;3
986800;SUBMISSION;;ASH_COATED_OSMIUM;SEASHELLS;10000;6
987100;;SUBMISSION;ASH_COATED_OSMIUM;SEASHELLS;10015;6
988700;SUBMISSION;;ASH_COATED_OSMIUM;SEASHELLS;10004;8
988900;SUBMISSION;;ASH_COATED_OSMIUM;SEASHELLS;9999;2
991400;SUBMISSION;;ASH_COATED_OSMIUM;SEASHELLS;10003;9
993200;SUBMISSION;;ASH_COATED_OSMIUM;SEASHELLS;10006;10
993300;SUBMISSION;;ASH_COATED_OSMIUM;SEASHELLS;10002;5
995200;;SUBMISSION;ASH_COATED_OSMIUM;SEASHELLS;10015;6
