timestamp;buyer;seller;symbol;currency;price;quantity
4000;;SUBMISSION;EMERALDS;SEASHELLS;10002;7
5200;SUBMISSION;;EMERALDS;SEASHELLS;9998;5
10500;;SUBMISSION;EMERALDS;SEASHELLS;10002;5
11300;SUBMISSION;;EMERALDS;SEASHELLS;9998;3
35600;SUBMISSION;;EMERALDS;SEASHELLS;9998;5
38300;;SUBMISSION;EMERALDS;SEASHELLS;10002;4
38800;SUBMISSION;;EMERALDS;SEASHELLS;9998;6
42100;;SUBMISSION;EMERALDS;SEASHELLS;10002;8
45700;;SUBMISSION;EMERALDS;SEASHELLS;10002;4
47000;;SUBMISSION;EMERALDS;SEASHELLS;10002;4
53500;SUBMISSION;;EMERALDS;SEASHELLS;9998;6
62900;;SUBMISSION;EMERALDS;SEASHELLS;10002;5
65500;SUBMISSION;;EMERALDS;SEASHELLS;9998;5
84300;SUBMISSION;;EMERALDS;SEASHELLS;9998;8
91000;;SUBMISSION;EMERALDS;SEASHELLS;10002;3
92800;SUBMISSION;;EMERALDS;SEASHELLS;9998;6
104300;;SUBMISSION;EMERALDS;SEASHELLS;10002;6
111900;SUBMISSION;;EMERALDS;SEASHELLS;9998;7
120700;SUBMISSION;;EMERALDS;SEASHELLS;9998;8
123000;SUBMISSION;;EMERALDS;SEASHELLS;9998;8
125900;SUBMISSION;;EMERALDS;SEASHELLS;9998;4
127200;;SUBMISSION;EMERALDS;SEASHELLS;10002;7
129700;SUBMISSION;;EMERALDS;SEASHELLS;9998;3
132600;;SUBMISSION;EMERALDS;SEASHELLS;10002;5
140400;;SUBMISSION;EMERALDS;SEASHELLS;10002;8
140600;SUBMISSION;;EMERALDS;SEASHELLS;9998;5
143800;;SUBMISSION;EMERALDS;SEASHELLS;10002;5
149200;SUBMISSION;;EMERALDS;SEASHELLS;9998;8
156400;SUBMISSION;;EMERALDS;SEASHELLS;9998;6
159600;SUBMISSION;;EMERALDS;SEASHELLS;9998;8
159700;;SUBMISSION;EMERALDS;SEASHELLS;10002;8
159900;;SUBMISSION;EMERALDS;SEASHELLS;10002;8
164000;SUBMISSION;;EMERALDS;SEASHELLS;9998;3
178600;SUBMISSION;;EMERALDS;SEASHELLS;9998;5
192900;;SUBMISSION;EMERALDS;SEASHELLS;10002;8
193700;SUBMISSION;;EMERALDS;SEASHELLS;9998;5
194100;SUBMISSION;;EMERALDS;SEASHELLS;9998;5
207600;;SUBMISSION;EMERALDS;SEASHELLS;10002;3
209900;SUBMISSION;;EMERALDS;SEASHELLS;9998;8
211900;SUBMISSION;;EMERALDS;SEASHELLS;9998;6
215200;SUBMISSION;;EMERALDS;SEASHELLS;9998;7
217300;SUBMISSION;;EMERALDS;SEASHELLS;9998;3
232400;SUBMISSION;;EMERALDS;SEASHELLS;9998;5
236900;SUBMISSION;;EMERALDS;SEASHELLS;9998;6
244200;SUBMISSION;;EMERALDS;SEASHELLS;9998;3
255300;SUBMISSION;;EMERALDS;SEASHELLS;9998;6
261400;;SUBMISSION;EMERALDS;SEASHELLS;10002;3
263300;SUBMISSION;;EMERALDS;SEASHELLS;9998;3
264200;SUBMISSION;;EMERALDS;SEASHELLS;9998;3
271100;;SUBMISSION;EMERALDS;SEASHELLS;10002;3
273100;SUBMISSION;;EMERALDS;SEASHELLS;9998;6
278500;;SUBMISSION;EMERALDS;SEASHELLS;10002;5
289600;;SUBMISSION;EMERALDS;SEASHELLS;10002;4
298800;;SUBMISSION;EMERALDS;SEASHELLS;10002;5
302300;;SUBMISSION;EMERALDS;SEASHELLS;10002;5
305800;;SUBMISSION;EMERALDS;SEASHELLS;10002;7
307700;;SUBMISSION;EMERALDS;SEASHELLS;10002;4
308300;SUBMISSION;;EMERALDS;SEASHELLS;9998;5
308400;;SUBMISSION;EMERALDS;SEASHELLS;10002;6
308500;SUBMISSION;;EMERALDS;SEASHELLS;9998;4
324200;SUBMISSION;;EMERALDS;SEASHELLS;9998;4
324400;;SUBMISSION;EMERALDS;SEASHELLS;10002;4
324600;;SUBMISSION;EMERALDS;SEASHELLS;10002;6
325400;SUBMISSION;;EMERALDS;SEASHELLS;9998;4
331600;SUBMISSION;;EMERALDS;SEASHELLS;9998;6
332500;SUBMISSION;;EMERALDS;SEASHELLS;9998;4
335500;;SUBMISSION;EMERALDS;SEASHELLS;10002;4
345300;SUBMISSION;;EMERALDS;SEASHELLS;9998;5
350400;SUBMISSION;;EMERALDS;SEASHELLS;9998;3
355700;SUBMISSION;;EMERALDS;SEASHELLS;9998;8
363300;;SUBMISSION;EMERALDS;SEASHELLS;10002;6
376600;;SUBMISSION;EMERALDS;SEASHELLS;10002;5
392600;SUBMISSION;;EMERALDS;SEASHELLS;9998;6
396600;SUBMISSION;;EMERALDS;SEASHELLS;9998;7
398700;;SUBMISSION;EMERALDS;SEASHELLS;10002;8
402300;;SUBMISSION;EMERALDS;SEASHELLS;10002;6
404800;;SUBMISSION;EMERALDS;SEASHELLS;10002;5
408800;;SUBMISSION;EMERALDS;SEASHELLS;10002;7
413000;;SUBMISSION;EMERALDS;SEASHELLS;10002;4
413600;SUBMISSION;;EMERALDS;SEASHELLS;9998;8
414000;SUBMISSION;;EMERALDS;SEASHELLS;9998;7
419700;SUBMISSION;;EMERALDS;SEASHELLS;9998;4
420800;SUBMISSION;;EMERALDS;SEASHELLS;9998;7
429100;;SUBMISSION;EMERALDS;SEASHELLS;10002;8
436600;;SUBMISSION;EMERALDS;SEASHELLS;10002;4
456000;;SUBMISSION;EMERALDS;SEASHELLS;10002;8
457800;SUBMISSION;;EMERALDS;SEASHELLS;9998;8
459700;;SUBMISSION;EMERALDS;SEASHELLS;10002;8
473100;;SUBMISSION;EMERALDS;SEASHELLS;10002;6
491600;SUBMISSION;;EMERALDS;SEASHELLS;9998;5
491900;SUBMISSION;;EMERALDS;SEASHELLS;9998;5
493300;SUBMISSION;;EMERALDS;SEASHELLS;9998;6
507200;SUBMISSION;;EMERALDS;SEASHELLS;9998;6
517600;SUBMISSION;;EMERALDS;SEASHELLS;9998;6
517700;;SUBMISSION;EMERALDS;SEASHELLS;10002;3
521000;;SUBMISSION;EMERALDS;SEASHELLS;10002;4
524100;SUBMISSION;;EMERALDS;SEASHELLS;9998;4
527600;SUBMISSION;;EMERALDS;SEASHELLS;9998;4
529600;SUBMISSION;;EMERALDS;SEASHELLS;9998;3
535200;SUBMISSION;;EMERALDS;SEASHELLS;9998;3
549100;;SUBMISSION;EMERALDS;SEASHELLS;10002;6
551500;SUBMISSION;;EMERALDS;SEASHELLS;9998;5
562200;;SUBMISSION;EMERALDS;SEASHELLS;10002;7
566200;SUBMISSION;;EMERALDS;SEASHELLS;9998;5
569200;;SUBMISSION;EMERALDS;SEASHELLS;10002;4
576300;SUBMISSION;;EMERALDS;SEASHELLS;9998;8
588900;SUBMISSION;;EMERALDS;SEASHELLS;9998;5
592200;;SUBMISSION;EMERALDS;SEASHELLS;10002;3
593200;;SUBMISSION;EMERALDS;SEASHELLS;10002;5
595200;;SUBMISSION;EMERALDS;SEASHELLS;10002;6
596300;SUBMISSION;;EMERALDS;SEASHELLS;9998;3
598100;;SUBMISSION;EMERALDS;SEASHELLS;10002;5
604600;;SUBMISSION;EMERALDS;SEASHELLS;10002;7
611100;SUBMISSION;;EMERALDS;SEASHELLS;9998;6
616900;SUBMISSION;;EMERALDS;SEASHELLS;9998;7
619000;SUBMISSION;;EMERALDS;SEASHELLS;9998;5
627400;SUBMISSION;;EMERALDS;SEASHELLS;9998;7
632600;;SUBMISSION;EMERALDS;SEASHELLS;10002;7
633400;SUBMISSION;;EMERALDS;SEASHELLS;9998;4
635000;;SUBMISSION;EMERALDS;SEASHELLS;10002;6
636300;SUBMISSION;;EMERALDS;SEASHELLS;9998;8
637100;SUBMISSION;;EMERALDS;SEASHELLS;9998;2
651300;;SUBMISSION;EMERALDS;SEASHELLS;10002;5
655400;SUBMISSION;;EMERALDS;SEASHELLS;9998;5
661500;;SUBMISSION;EMERALDS;SEASHELLS;10002;3
662600;SUBMISSION;;EMERALDS;SEASHELLS;9998;3
663000;;SUBMISSION;EMERALDS;SEASHELLS;10002;8
665700;SUBMISSION;;EMERALDS;SEASHELLS;9998;4
674500;;SUBMISSION;EMERALDS;SEASHELLS;10002;8
677900;;SUBMISSION;EMERALDS;SEASHELLS;10002;6
678500;SUBMISSION;;EMERALDS;SEASHELLS;9998;6
678800;SUBMISSION;;EMERALDS;SEASHELLS;9998;7
682100;SUBMISSION;;EMERALDS;SEASHELLS;9998;4
685300;;SUBMISSION;EMERALDS;SEASHELLS;10002;3
685600;SUBMISSION;;EMERALDS;SEASHELLS;9998;3
698000;;SUBMISSION;EMERALDS;SEASHELLS;10002;3
703300;SUBMISSION;;EMERALDS;SEASHELLS;9998;4
731700;;SUBMISSION;EMERALDS;SEASHELLS;10002;4
741900;;SUBMISSION;EMERALDS;SEASHELLS;10002;5
744900;;SUBMISSION;EMERALDS;SEASHELLS;10002;3
745000;;SUBMISSION;EMERALDS;SEASHELLS;10002;8
748600;SUBMISSION;;EMERALDS;SEASHELLS;9998;8
761000;;SUBMISSION;EMERALDS;SEASHELLS;10002;8
766500;;SUBMISSION;EMERALDS;SEASHELLS;10002;3
783400;;SUBMISSION;EMERALDS;SEASHELLS;10002;7
792000;;SUBMISSION;EMERALDS;SEASHELLS;10002;4
797800;SUBMISSION;;EMERALDS;SEASHELLS;9998;8
806200;SUBMISSION;;EMERALDS;SEASHELLS;9998;7
808900;SUBMISSION;;EMERALDS;SEASHELLS;9998;3
811500;SUBMISSION;;EMERALDS;SEASHELLS;9998;5
817800;SUBMISSION;;EMERALDS;SEASHELLS;9998;4
822100;SUBMISSION;;EMERALDS;SEASHELLS;9998;4
822500;;SUBMISSION;EMERALDS;SEASHELLS;10002;7
822700;;SUBMISSION;EMERALDS;SEASHELLS;10002;7
823100;;SUBMISSION;EMERALDS;SEASHELLS;10002;3
824000;SUBMISSION;;EMERALDS;SEASHELLS;9998;6
826800;SUBMISSION;;EMERALDS;SEASHELLS;9998;6
834700;;SUBMISSION;EMERALDS;SEASHELLS;10002;8
837600;;SUBMISSION;EMERALDS;SEASHELLS;10002;7
839200;;SUBMISSION;EMERALDS;SEASHELLS;10002;3
848000;;SUBMISSION;EMERALDS;SEASHELLS;10002;7
849500;SUBMISSION;;EMERALDS;SEASHELLS;9998;6
851000;;SUBMISSION;EMERALDS;SEASHELLS;10002;7
864900;SUBMISSION;;EMERALDS;SEASHELLS;9998;5
868200;SUBMISSION;;EMERALDS;SEASHELLS;9998;5
870400;;SUBMISSION;EMERALDS;SEASHELLS;10002;7
891200;;SUBMISSION;EMERALDS;SEASHELLS;10002;8
909600;;SUBMISSION;EMERALDS;SEASHELLS;10002;3
919800;;SUBMISSION;EMERALDS;SEASHELLS;10002;3
927400;SUBMISSION;;EMERALDS;SEASHELLS;9998;5
932900;;SUBMISSION;EMERALDS;SEASHELLS;10002;5
940200;;SUBMISSION;EMERALDS;SEASHELLS;10002;7
942400;SUBMISSION;;EMERALDS;SEASHELLS;9998;6
943600;SUBMISSION;;EMERALDS;SEASHELLS;9998;6
947200;;SUBMISSION;EMERALDS;SEASHELLS;10002;4
949400;;SUBMISSION;EMERALDS;SEASHELLS;10002;6
950000;;SUBMISSION;EMERALDS;SEASHELLS;10002;8
952400;SUBMISSION;;EMERALDS;SEASHELLS;9998;6
954600;;SUBMISSION;EMERALDS;SEASHELLS;10002;5
957400;;SUBMISSION;EMERALDS;SEASHELLS;10002;8
960300;;SUBMISSION;EMERALDS;SEASHELLS;10002;4
966900;;SUBMISSION;EMERALDS;SEASHELLS;10002;6
969000;;SUBMISSION;EMERALDS;SEASHELLS;10002;3
