timestamp;buyer;seller;symbol;currency;price;quantity
0;;SUBMISSION;GALAXY_SOUNDS_BLACK_HOLES;XIRECS;12129.0;4
0;;SUBMISSION;GALAXY_SOUNDS_DARK_MATTER;XIRECS;10869.0;4
0;;SUBMISSION;GALAXY_SOUNDS_PLANETARY_RINGS;XIRECS;11408.0;4
0;SUBMISSION;;GALAXY_SOUNDS_SOLAR_FLAMES;XIRECS;10650.0;4
0;;SUBMISSION;GALAXY_SOUNDS_SOLAR_WINDS;XIRECS;10749.0;4
0;;SUBMISSION;MICROCHIP_CIRCLE;XIRECS;8531.0;4
0;;SUBMISSION;MICROCHIP_OVAL;XIRECS;7413.0;4
0;;SUBMISSION;MICROCHIP_RECTANGLE;XIRECS;7827.0;4
0;;SUBMISSION;MICROCHIP_SQUARE;XIRECS;15904.0;4
0;SUBMISSION;;MICROCHIP_TRIANGLE;XIRECS;9024.0;4
0;;SUBMISSION;OXYGEN_SHAKE_EVENING_BREATH;XIRECS;9424.0;4
0;SUBMISSION;;OXYGEN_SHAKE_GARLIC;XIRECS;11935.0;4
0;;SUBMISSION;OXYGEN_SHAKE_MINT;XIRECS;9708.0;4
0;;SUBMISSION;OXYGEN_SHAKE_MORNING_BREATH;XIRECS;9526.0;4
0;;SUBMISSION;PANEL_1X2;XIRECS;8844.0;4
0;;SUBMISSION;PANEL_1X4;XIRECS;8726.0;4
0;;SUBMISSION;PANEL_2X2;XIRECS;9193.0;4
0;;SUBMISSION;PANEL_2X4;XIRECS;11454.0;4
0;SUBMISSION;;PANEL_4X4;XIRECS;10260.0;4
0;;SUBMISSION;PEBBLES_L;XIRECS;11007.0;4
0;;SUBMISSION;PEBBLES_M;XIRECS;11059.0;4
0;;SUBMISSION;PEBBLES_S;XIRECS;8998.0;4
0;SUBMISSION;;PEBBLES_XL;XIRECS;12062.0;4
0;;SUBMISSION;PEBBLES_XS;XIRECS;6857.0;4
0;SUBMISSION;;ROBOT_IRONING;XIRECS;7503.0;4
0;;SUBMISSION;ROBOT_MOPPING;XIRECS;12166.0;4
0;SUBMISSION;;ROBOT_VACUUMING;XIRECS;8587.0;4
0;SUBMISSION;;SLEEP_POD_COTTON;XIRECS;12203.0;4
0;;SUBMISSION;SLEEP_POD_LAMB_WOOL;XIRECS;10787.0;4
0;SUBMISSION;;SLEEP_POD_NYLON;XIRECS;9718.0;4
0;SUBMISSION;;SLEEP_POD_POLYESTER;XIRECS;12892.0;4
0;SUBMISSION;;SLEEP_POD_SUEDE;XIRECS;12144.0;4
0;SUBMISSION;;TRANSLATOR_GRAPHITE_MIST;XIRECS;11058.0;4
0;;SUBMISSION;TRANSLATOR_SPACE_GRAY;XIRECS;10114.0;4
0;SUBMISSION;;TRANSLATOR_VOID_BLUE;XIRECS;10698.0;4
0;;SUBMISSION;UV_VISOR_AMBER;XIRECS;7380.0;4
0;;SUBMISSION;UV_VISOR_MAGENTA;XIRECS;11573.0;4
0;SUBMISSION;;UV_VISOR_ORANGE;XIRECS;10295.0;4
0;SUBMISSION;;UV_VISOR_RED;XIRECS;11032.0;4
100;;SUBMISSION;MICROCHIP_OVAL;XIRECS;7431.0;4
100;;SUBMISSION;OXYGEN_SHAKE_EVENING_BREATH;XIRECS;9444.0;4
100;;SUBMISSION;PANEL_1X4;XIRECS;8718.0;4
100;;SUBMISSION;PANEL_2X2;XIRECS;9192.0;4
100;SUBMISSION;;ROBOT_IRONING;XIRECS;7503.0;4
100;;SUBMISSION;ROBOT_LAUNDRY;XIRECS;9484.0;4
100;SUBMISSION;;ROBOT_VACUUMING;XIRECS;8572.0;4
100;;SUBMISSION;SLEEP_POD_LAMB_WOOL;XIRECS;10813.0;4
100;SUBMISSION;;TRANSLATOR_GRAPHITE_MIST;XIRECS;11046.0;4
200;SUBMISSION;;MICROCHIP_TRIANGLE;XIRECS;9021.0;4
200;SUBMISSION;;PANEL_1X4;XIRECS;8722.0;4
200;SUBMISSION;;PANEL_2X2;XIRECS;9187.0;4
200;;SUBMISSION;PEBBLES_XS;XIRECS;6872.0;4
200;SUBMISSION;;SLEEP_POD_COTTON;XIRECS;12188.0;4
200;SUBMISSION;;SLEEP_POD_NYLON;XIRECS;9709.0;4
300;;SUBMISSION;MICROCHIP_CIRCLE;XIRECS;8534.0;4
300;SUBMISSION;;SLEEP_POD_POLYESTER;XIRECS;12877.0;4
300;SUBMISSION;;SLEEP_POD_SUEDE;XIRECS;12140.0;4
400;;SUBMISSION;MICROCHIP_RECTANGLE;XIRECS;7831.0;4
400;;SUBMISSION;ROBOT_IRONING;XIRECS;7517.0;4
400;;SUBMISSION;UV_VISOR_YELLOW;XIRECS;12058.0;3
800;;SUBMISSION;MICROCHIP_CIRCLE;XIRECS;8548.0;1
800;;SUBMISSION;MICROCHIP_OVAL;XIRECS;7467.0;1
800;;SUBMISSION;MICROCHIP_RECTANGLE;XIRECS;7837.0;1
800;;SUBMISSION;MICROCHIP_SQUARE;XIRECS;15903.0;1
800;;SUBMISSION;MICROCHIP_TRIANGLE;XIRECS;9022.0;1
800;;SUBMISSION;PANEL_1X2;XIRECS;8852.0;4
900;;SUBMISSION;GALAXY_SOUNDS_BLACK_HOLES;XIRECS;12046.0;1
900;;SUBMISSION;GALAXY_SOUNDS_DARK_MATTER;XIRECS;10816.0;1
900;;SUBMISSION;GALAXY_SOUNDS_PLANETARY_RINGS;XIRECS;11414.0;1
900;;SUBMISSION;GALAXY_SOUNDS_SOLAR_WINDS;XIRECS;10754.0;1
900;;SUBMISSION;OXYGEN_SHAKE_EVENING_BREATH;XIRECS;9450.0;1
900;;SUBMISSION;OXYGEN_SHAKE_GARLIC;XIRECS;11948.0;1
900;;SUBMISSION;OXYGEN_SHAKE_MINT;XIRECS;9699.0;1
900;;SUBMISSION;OXYGEN_SHAKE_MORNING_BREATH;XIRECS;9513.0;1
900;;SUBMISSION;PANEL_1X2;XIRECS;8860.0;1
900;;SUBMISSION;PANEL_1X4;XIRECS;8727.0;4
900;;SUBMISSION;PANEL_2X2;XIRECS;9162.0;1
900;;SUBMISSION;PANEL_2X4;XIRECS;11416.0;1
900;;SUBMISSION;ROBOT_LAUNDRY;XIRECS;9484.0;1
900;;SUBMISSION;ROBOT_MOPPING;XIRECS;12135.0;1
900;;SUBMISSION;ROBOT_VACUUMING;XIRECS;8591.0;1
900;;SUBMISSION;SLEEP_POD_LAMB_WOOL;XIRECS;10852.0;1
900;;SUBMISSION;SLEEP_POD_SUEDE;XIRECS;12173.0;1
900;;SUBMISSION;SNACKPACK_PISTACHIO;XIRECS;9387.0;1
900;;SUBMISSION;SNACKPACK_RASPBERRY;XIRECS;10127.0;1
900;;SUBMISSION;SNACKPACK_STRAWBERRY;XIRECS;10814.0;1
900;;SUBMISSION;SNACKPACK_VANILLA;XIRECS;10056.0;1
900;;SUBMISSION;TRANSLATOR_SPACE_GRAY;XIRECS;10095.0;1
900;;SUBMISSION;UV_VISOR_AMBER;XIRECS;7351.0;1
900;;SUBMISSION;UV_VISOR_MAGENTA;XIRECS;11540.0;1
900;;SUBMISSION;UV_VISOR_YELLOW;XIRECS;12035.0;1
900;;;GALAXY_SOUNDS_SOLAR_FLAMES;XIRECS;10626.0;1
900;;;OXYGEN_SHAKE_CHOCOLATE;XIRECS;9328.0;1
900;;;PANEL_1X4;XIRECS;8734.0;1
900;;;PANEL_4X4;XIRECS;10280.0;1
900;;;ROBOT_DISHES;XIRECS;10130.0;1
900;;;ROBOT_IRONING;XIRECS;7533.0;1
900;;;SLEEP_POD_COTTON;XIRECS;12137.0;1
900;;;SLEEP_POD_NYLON;XIRECS;9712.0;1
900;;;SLEEP_POD_POLYESTER;XIRECS;12872.0;1
900;;;SNACKPACK_CHOCOLATE;XIRECS;9815.0;1
900;;;TRANSLATOR_ASTRO_BLACK;XIRECS;9173.0;1
900;;;TRANSLATOR_ECLIPSE_CHARCOAL;XIRECS;9644.0;1
900;;;TRANSLATOR_GRAPHITE_MIST;XIRECS;11044.0;1
900;;;TRANSLATOR_VOID_BLUE;XIRECS;10773.0;1
900;;;UV_VISOR_ORANGE;XIRECS;10272.0;1
900;;;UV_VISOR_RED;XIRECS;11035.0;1
1000;SUBMISSION;;ROBOT_VACUUMING;XIRECS;8574.0;3
1200;SUBMISSION;;ROBOT_IRONING;XIRECS;7513.0;4
1400;;SUBMISSION;ROBOT_VACUUMING;XIRECS;8595.0;4
1500;;SUBMISSION;PANEL_2X2;XIRECS;9189.0;4
2000;;SUBMISSION;PEBBLES_L;XIRECS;10980.0;4
2000;;SUBMISSION;PEBBLES_M;XIRECS;11115.0;4
2500;SUBMISSION;;MICROCHIP_OVAL;XIRECS;7455.0;1
2500;SUBMISSION;;MICROCHIP_TRIANGLE;XIRECS;8996.0;1
2500;;;MICROCHIP_CIRCLE;XIRECS;8580.0;1
2500;;;MICROCHIP_RECTANGLE;XIRECS;7841.0;1
2500;;;MICROCHIP_SQUARE;XIRECS;15994.0;1
3700;;SUBMISSION;UV_VISOR_AMBER;XIRECS;7369.0;4
3800;SUBMISSION;;MICROCHIP_RECTANGLE;XIRECS;7795.0;4
4300;SUBMISSION;;TRANSLATOR_VOID_BLUE;XIRECS;10746.0;4
4400;SUBMISSION;;PANEL_4X4;XIRECS;10297.0;4
5100;;SUBMISSION;TRANSLATOR_SPACE_GRAY;XIRECS;10103.0;4
7100;SUBMISSION;;GALAXY_SOUNDS_BLACK_HOLES;XIRECS;11862.0;4
7100;SUBMISSION;;GALAXY_SOUNDS_SOLAR_FLAMES;XIRECS;10644.0;4
7100;SUBMISSION;;OXYGEN_SHAKE_EVENING_BREATH;XIRECS;9388.0;4
7100;SUBMISSION;;OXYGEN_SHAKE_GARLIC;XIRECS;11787.0;4
7100;SUBMISSION;;PANEL_1X2;XIRECS;8899.0;4
7100;SUBMISSION;;PANEL_2X2;XIRECS;9208.0;4
7100;;SUBMISSION;PEBBLES_S;XIRECS;8815.0;4
7100;SUBMISSION;;PEBBLES_XL;XIRECS;12194.0;4
7100;SUBMISSION;;ROBOT_IRONING;XIRECS;7568.0;2
7100;SUBMISSION;;ROBOT_VACUUMING;XIRECS;8705.0;4
7100;SUBMISSION;;SLEEP_POD_COTTON;XIRECS;12070.0;2
7100;SUBMISSION;;SLEEP_POD_LAMB_WOOL;XIRECS;10909.0;4
7100;SUBMISSION;;SLEEP_POD_POLYESTER;XIRECS;12871.0;2
7100;SUBMISSION;;SLEEP_POD_SUEDE;XIRECS;12109.0;3
7100;SUBMISSION;;SNACKPACK_CHOCOLATE;XIRECS;9803.0;4
7100;SUBMISSION;;SNACKPACK_PISTACHIO;XIRECS;9407.0;4
7100;SUBMISSION;;SNACKPACK_RASPBERRY;XIRECS;10086.0;4
7100;SUBMISSION;;SNACKPACK_STRAWBERRY;XIRECS;10839.0;4
7100;SUBMISSION;;SNACKPACK_VANILLA;XIRECS;10058.0;4
7100;SUBMISSION;;TRANSLATOR_ASTRO_BLACK;XIRECS;9243.0;4
7100;SUBMISSION;;TRANSLATOR_ECLIPSE_CHARCOAL;XIRECS;9682.0;4
7100;SUBMISSION;;TRANSLATOR_GRAPHITE_MIST;XIRECS;11069.0;2
7100;SUBMISSION;;TRANSLATOR_VOID_BLUE;XIRECS;10708.0;2
7100;SUBMISSION;;UV_VISOR_AMBER;XIRECS;7410.0;4
7100;SUBMISSION;;UV_VISOR_MAGENTA;XIRECS;11378.0;4
7100;SUBMISSION;;UV_VISOR_ORANGE;XIRECS;10238.0;4
7100;SUBMISSION;;UV_VISOR_RED;XIRECS;11155.0;4
7100;;;GALAXY_SOUNDS_DARK_MATTER;XIRECS;10771.0;4
7100;;;GALAXY_SOUNDS_PLANETARY_RINGS;XIRECS;11372.0;4
7100;;;GALAXY_SOUNDS_SOLAR_WINDS;XIRECS;10781.0;4
7100;;;OXYGEN_SHAKE_CHOCOLATE;XIRECS;9205.0;4
7100;;;OXYGEN_SHAKE_MINT;XIRECS;9706.0;4
7100;;;OXYGEN_SHAKE_MORNING_BREATH;XIRECS;9599.0;4
7100;;;PANEL_1X4;XIRECS;8789.0;4
7100;;;PANEL_2X4;XIRECS;11247.0;4
7100;;;PANEL_4X4;XIRECS;10364.0;4
7100;;;ROBOT_DISHES;XIRECS;10201.0;4
7100;;;ROBOT_LAUNDRY;XIRECS;9461.0;4
7100;;;ROBOT_MOPPING;XIRECS;12021.0;4
7100;;;SLEEP_POD_NYLON;XIRECS;9743.0;4
7100;;;TRANSLATOR_SPACE_GRAY;XIRECS;10153.0;4
7100;;;UV_VISOR_YELLOW;XIRECS;12034.0;4
7200;;SUBMISSION;UV_VISOR_AMBER;XIRECS;7419.0;4
7300;SUBMISSION;;GALAXY_SOUNDS_PLANETARY_RINGS;XIRECS;11362.0;3
7300;SUBMISSION;;GALAXY_SOUNDS_SOLAR_FLAMES;XIRECS;10629.0;2
7300;SUBMISSION;;GALAXY_SOUNDS_SOLAR_WINDS;XIRECS;10764.0;3
7300;SUBMISSION;;OXYGEN_SHAKE_GARLIC;XIRECS;11807.0;3
7300;SUBMISSION;;OXYGEN_SHAKE_MINT;XIRECS;9689.0;3
7300;SUBMISSION;;SNACKPACK_CHOCOLATE;XIRECS;9795.0;3
7300;SUBMISSION;;SNACKPACK_PISTACHIO;XIRECS;9396.0;3
7300;SUBMISSION;;SNACKPACK_RASPBERRY;XIRECS;10091.0;3
7300;SUBMISSION;;SNACKPACK_STRAWBERRY;XIRECS;10825.0;3
7300;SUBMISSION;;TRANSLATOR_ASTRO_BLACK;XIRECS;9268.0;3
7300;SUBMISSION;;TRANSLATOR_ECLIPSE_CHARCOAL;XIRECS;9687.0;3
7300;SUBMISSION;;UV_VISOR_AMBER;XIRECS;7413.0;3
7300;SUBMISSION;;UV_VISOR_ORANGE;XIRECS;10235.0;2
7300;;;GALAXY_SOUNDS_BLACK_HOLES;XIRECS;11872.0;3
7300;;;GALAXY_SOUNDS_DARK_MATTER;XIRECS;10776.0;3
7300;;;OXYGEN_SHAKE_CHOCOLATE;XIRECS;9191.0;3
7300;;;OXYGEN_SHAKE_EVENING_BREATH;XIRECS;9374.0;3
7300;;;OXYGEN_SHAKE_MORNING_BREATH;XIRECS;9598.0;3
7300;;;PANEL_1X2;XIRECS;8893.0;3
7300;;;PANEL_1X4;XIRECS;8799.0;3
7300;;;PANEL_2X2;XIRECS;9211.0;3
7300;;;PANEL_2X4;XIRECS;11242.0;3
7300;;;PANEL_4X4;XIRECS;10382.0;3
7300;;;ROBOT_DISHES;XIRECS;10194.0;3
7300;;;ROBOT_IRONING;XIRECS;7557.0;3
7300;;;ROBOT_LAUNDRY;XIRECS;9444.0;3
7300;;;ROBOT_MOPPING;XIRECS;12001.0;3
7300;;;ROBOT_VACUUMING;XIRECS;8702.0;3
7300;;;SLEEP_POD_COTTON;XIRECS;12061.0;3
7300;;;SLEEP_POD_LAMB_WOOL;XIRECS;10901.0;3
7300;;;SLEEP_POD_NYLON;XIRECS;9765.0;3
7300;;;SLEEP_POD_POLYESTER;XIRECS;12912.0;3
7300;;;SLEEP_POD_SUEDE;XIRECS;12081.0;3
7300;;;SNACKPACK_VANILLA;XIRECS;10060.0;3
7300;;;TRANSLATOR_GRAPHITE_MIST;XIRECS;11080.0;3
7300;;;TRANSLATOR_SPACE_GRAY;XIRECS;10148.0;3
7300;;;TRANSLATOR_VOID_BLUE;XIRECS;10685.0;3
7300;;;UV_VISOR_MAGENTA;XIRECS;11349.0;3
7300;;;UV_VISOR_RED;XIRECS;11158.0;3
7300;;;UV_VISOR_YELLOW;XIRECS;12048.0;3
7600;;SUBMISSION;OXYGEN_SHAKE_MINT;XIRECS;9707.0;4
7600;;SUBMISSION;ROBOT_VACUUMING;XIRECS;8714.0;4
7900;;SUBMISSION;GALAXY_SOUNDS_PLANETARY_RINGS;XIRECS;11407.0;4
8600;;SUBMISSION;GALAXY_SOUNDS_BLACK_HOLES;XIRECS;11917.0;1
8600;;SUBMISSION;GALAXY_SOUNDS_DARK_MATTER;XIRECS;10803.0;1
8600;;SUBMISSION;GALAXY_SOUNDS_PLANETARY_RINGS;XIRECS;11394.0;1
8600;;SUBMISSION;GALAXY_SOUNDS_SOLAR_FLAMES;XIRECS;10595.0;1
8600;;SUBMISSION;GALAXY_SOUNDS_SOLAR_WINDS;XIRECS;10761.0;1
8600;;SUBMISSION;OXYGEN_SHAKE_EVENING_BREATH;XIRECS;9370.0;1
8600;;SUBMISSION;OXYGEN_SHAKE_GARLIC;XIRECS;11733.0;1
8600;;SUBMISSION;OXYGEN_SHAKE_MINT;XIRECS;9753.0;1
8600;;SUBMISSION;OXYGEN_SHAKE_MORNING_BREATH;XIRECS;9625.0;1
8600;;SUBMISSION;PANEL_1X2;XIRECS;8897.0;1
8600;;SUBMISSION;PANEL_1X4;XIRECS;8839.0;1
8600;;SUBMISSION;PANEL_2X2;XIRECS;9174.0;1
8600;;SUBMISSION;PANEL_2X4;XIRECS;11243.0;1
8600;;SUBMISSION;PANEL_4X4;XIRECS;10401.0;1
8600;;SUBMISSION;ROBOT_IRONING;XIRECS;7552.0;1
8600;;SUBMISSION;ROBOT_LAUNDRY;XIRECS;9538.0;1
8600;;SUBMISSION;ROBOT_MOPPING;XIRECS;12006.0;1
8600;;SUBMISSION;SLEEP_POD_COTTON;XIRECS;12049.0;1
8600;;SUBMISSION;SLEEP_POD_LAMB_WOOL;XIRECS;10896.0;1
8600;;SUBMISSION;SLEEP_POD_NYLON;XIRECS;9736.0;1
8600;;SUBMISSION;SLEEP_POD_POLYESTER;XIRECS;12972.0;1
8600;;SUBMISSION;SLEEP_POD_SUEDE;XIRECS;12124.0;1
8600;;SUBMISSION;SNACKPACK_CHOCOLATE;XIRECS;9814.0;1
8600;;SUBMISSION;SNACKPACK_PISTACHIO;XIRECS;9392.0;1
8600;;SUBMISSION;SNACKPACK_RASPBERRY;XIRECS;10120.0;1
8600;;SUBMISSION;SNACKPACK_STRAWBERRY;XIRECS;10818.0;1
8600;;SUBMISSION;SNACKPACK_VANILLA;XIRECS;10058.0;1
8600;;SUBMISSION;TRANSLATOR_ASTRO_BLACK;XIRECS;9305.0;1
8600;;SUBMISSION;TRANSLATOR_ECLIPSE_CHARCOAL;XIRECS;9711.0;1
8600;;SUBMISSION;TRANSLATOR_GRAPHITE_MIST;XIRECS;11077.0;1
8600;;SUBMISSION;TRANSLATOR_SPACE_GRAY;XIRECS;10215.0;1
8600;;SUBMISSION;TRANSLATOR_VOID_BLUE;XIRECS;10739.0;1
8600;;SUBMISSION;UV_VISOR_AMBER;XIRECS;7406.0;1
8600;;SUBMISSION;UV_VISOR_MAGENTA;XIRECS;11339.0;1
8600;;SUBMISSION;UV_VISOR_ORANGE;XIRECS;10211.0;1
8600;;SUBMISSION;UV_VISOR_RED;XIRECS;11150.0;1
8600;;SUBMISSION;UV_VISOR_YELLOW;XIRECS;12068.0;1
8600;;;OXYGEN_SHAKE_CHOCOLATE;XIRECS;9142.0;1
8600;;;ROBOT_DISHES;XIRECS;10159.0;1
8600;;;ROBOT_VACUUMING;XIRECS;8744.0;1
8700;;SUBMISSION;SNACKPACK_CHOCOLATE;XIRECS;9829.0;4
9000;;SUBMISSION;GALAXY_SOUNDS_BLACK_HOLES;XIRECS;11938.0;2
9000;;SUBMISSION;GALAXY_SOUNDS_DARK_MATTER;XIRECS;10820.0;2
9000;;SUBMISSION;GALAXY_SOUNDS_SOLAR_WINDS;XIRECS;10736.0;2
9000;;SUBMISSION;OXYGEN_SHAKE_MINT;XIRECS;9768.0;2
9000;;SUBMISSION;PANEL_2X4;XIRECS;11286.0;2
9000;;SUBMISSION;SNACKPACK_CHOCOLATE;XIRECS;9841.0;2
9000;;SUBMISSION;UV_VISOR_MAGENTA;XIRECS;11361.0;2
9000;;SUBMISSION;UV_VISOR_ORANGE;XIRECS;10240.0;2
9600;;SUBMISSION;MICROCHIP_RECTANGLE;XIRECS;7791.0;4
9900;SUBMISSION;;ROBOT_VACUUMING;XIRECS;8708.0;4
10600;;SUBMISSION;GALAXY_SOUNDS_BLACK_HOLES;XIRECS;11929.0;4
10600;SUBMISSION;;TRANSLATOR_SPACE_GRAY;XIRECS;10148.0;4
10900;;SUBMISSION;PEBBLES_L;XIRECS;11041.0;2
10900;;SUBMISSION;PEBBLES_M;XIRECS;11327.0;2
10900;;SUBMISSION;PEBBLES_S;XIRECS;8816.0;2
10900;;SUBMISSION;PEBBLES_XL;XIRECS;12192.0;4
10900;;;PEBBLES_XS;XIRECS;6644.0;5
11600;;SUBMISSION;PANEL_2X2;XIRECS;9179.0;4
12100;;SUBMISSION;ROBOT_VACUUMING;XIRECS;8710.0;4
12200;SUBMISSION;;PANEL_2X2;XIRECS;9136.0;4
12700;;SUBMISSION;PANEL_1X2;XIRECS;8878.0;4
12700;;SUBMISSION;TRANSLATOR_SPACE_GRAY;XIRECS;10178.0;4
12700;;SUBMISSION;UV_VISOR_MAGENTA;XIRECS;11327.0;4
13000;;SUBMISSION;GALAXY_SOUNDS_BLACK_HOLES;XIRECS;11930.0;2
13000;;SUBMISSION;GALAXY_SOUNDS_DARK_MATTER;XIRECS;10902.0;2
13000;;SUBMISSION;GALAXY_SOUNDS_PLANETARY_RINGS;XIRECS;11418.0;3
13000;;SUBMISSION;GALAXY_SOUNDS_SOLAR_FLAMES;XIRECS;10670.0;4
13000;;SUBMISSION;GALAXY_SOUNDS_SOLAR_WINDS;XIRECS;10671.0;4
13000;;SUBMISSION;OXYGEN_SHAKE_EVENING_BREATH;XIRECS;9377.0;4
13000;;SUBMISSION;OXYGEN_SHAKE_GARLIC;XIRECS;11574.0;4
13000;;SUBMISSION;OXYGEN_SHAKE_MORNING_BREATH;XIRECS;9608.0;4
13000;;SUBMISSION;PANEL_1X4;XIRECS;8828.0;1
13000;;SUBMISSION;PANEL_2X2;XIRECS;9101.0;4
13000;;SUBMISSION;PANEL_2X4;XIRECS;11306.0;2
13000;;SUBMISSION;PANEL_4X4;XIRECS;10444.0;4
13000;;SUBMISSION;ROBOT_LAUNDRY;XIRECS;9531.0;4
13000;;SUBMISSION;ROBOT_MOPPING;XIRECS;12011.0;4
13000;;SUBMISSION;SLEEP_POD_LAMB_WOOL;XIRECS;10842.0;4
13000;;SUBMISSION;SLEEP_POD_NYLON;XIRECS;9826.0;4
13000;;SUBMISSION;SLEEP_POD_POLYESTER;XIRECS;13015.0;4
13000;;SUBMISSION;SLEEP_POD_SUEDE;XIRECS;12082.0;4
13000;;SUBMISSION;SNACKPACK_CHOCOLATE;XIRECS;9880.0;4
13000;;SUBMISSION;SNACKPACK_PISTACHIO;XIRECS;9407.0;4
13000;;SUBMISSION;SNACKPACK_RASPBERRY;XIRECS;10078.0;4
13000;;SUBMISSION;SNACKPACK_STRAWBERRY;XIRECS;10856.0;4
13000;;SUBMISSION;SNACKPACK_VANILLA;XIRECS;10005.0;4
13000;;SUBMISSION;TRANSLATOR_ASTRO_BLACK;XIRECS;9248.0;4
13000;;SUBMISSION;TRANSLATOR_GRAPHITE_MIST;XIRECS;11055.0;4
13000;;SUBMISSION;TRANSLATOR_VOID_BLUE;XIRECS;10795.0;4
13000;;SUBMISSION;UV_VISOR_MAGENTA;XIRECS;11340.0;2
13000;;SUBMISSION;UV_VISOR_ORANGE;XIRECS;10282.0;4
13000;;SUBMISSION;UV_VISOR_RED;XIRECS;11206.0;4
13000;;SUBMISSION;UV_VISOR_YELLOW;XIRECS;12204.0;3
13000;;;OXYGEN_SHAKE_CHOCOLATE;XIRECS;9111.0;4
13000;;;OXYGEN_SHAKE_MINT;XIRECS;9744.0;4
13000;;;PANEL_1X2;XIRECS;8875.0;4
13000;;;ROBOT_DISHES;XIRECS;10150.0;4
13000;;;ROBOT_IRONING;XIRECS;7563.0;4
13000;;;ROBOT_VACUUMING;XIRECS;8704.0;4
13000;;;SLEEP_POD_COTTON;XIRECS;12037.0;4
13000;;;TRANSLATOR_ECLIPSE_CHARCOAL;XIRECS;9644.0;4
13000;;;TRANSLATOR_SPACE_GRAY;XIRECS;10196.0;4
13000;;;UV_VISOR_AMBER;XIRECS;7373.0;4
13100;SUBMISSION;;ROBOT_VACUUMING;XIRECS;8697.0;4
13200;SUBMISSION;;PANEL_4X4;XIRECS;10438.0;4
13200;;SUBMISSION;ROBOT_VACUUMING;XIRECS;8720.0;4
13300;SUBMISSION;;SLEEP_POD_NYLON;XIRECS;9810.0;4
13500;SUBMISSION;;PANEL_2X2;XIRECS;9096.0;4
13900;;SUBMISSION;GALAXY_SOUNDS_SOLAR_FLAMES;XIRECS;10724.0;1
13900;;SUBMISSION;PANEL_2X2;XIRECS;9105.0;1
13900;;SUBMISSION;PANEL_4X4;XIRECS;10439.0;1
13900;;SUBMISSION;ROBOT_IRONING;XIRECS;7579.0;1
13900;;SUBMISSION;SLEEP_POD_COTTON;XIRECS;12063.0;1
13900;;SUBMISSION;SLEEP_POD_POLYESTER;XIRECS;13054.0;1
13900;;SUBMISSION;SNACKPACK_PISTACHIO;XIRECS;9426.0;1
13900;;SUBMISSION;SNACKPACK_RASPBERRY;XIRECS;10075.0;1
13900;;SUBMISSION;SNACKPACK_STRAWBERRY;XIRECS;10875.0;1
13900;;SUBMISSION;TRANSLATOR_ECLIPSE_CHARCOAL;XIRECS;9652.0;1
13900;;SUBMISSION;TRANSLATOR_GRAPHITE_MIST;XIRECS;11115.0;1
13900;;SUBMISSION;UV_VISOR_AMBER;XIRECS;7416.0;1
13900;;;GALAXY_SOUNDS_BLACK_HOLES;XIRECS;11914.0;1
13900;;;GALAXY_SOUNDS_DARK_MATTER;XIRECS;10957.0;1
13900;;;GALAXY_SOUNDS_PLANETARY_RINGS;XIRECS;11433.0;1
13900;;;GALAXY_SOUNDS_SOLAR_WINDS;XIRECS;10678.0;1
13900;;;OXYGEN_SHAKE_CHOCOLATE;XIRECS;9062.0;1
13900;;;OXYGEN_SHAKE_EVENING_BREATH;XIRECS;9386.0;1
13900;;;OXYGEN_SHAKE_GARLIC;XIRECS;11562.0;1
13900;;;OXYGEN_SHAKE_MINT;XIRECS;9754.0;1
13900;;;OXYGEN_SHAKE_MORNING_BREATH;XIRECS;9620.0;1
13900;;;PANEL_1X2;XIRECS;8832.0;1
13900;;;PANEL_1X4;XIRECS;8847.0;1
13900;;;PANEL_2X4;XIRECS;11329.0;1
13900;;;ROBOT_DISHES;XIRECS;10194.0;1
13900;;;ROBOT_LAUNDRY;XIRECS;9488.0;1
13900;;;ROBOT_MOPPING;XIRECS;11980.0;1
13900;;;ROBOT_VACUUMING;XIRECS;8732.0;1
13900;;;SLEEP_POD_LAMB_WOOL;XIRECS;10802.0;1
13900;;;SLEEP_POD_NYLON;XIRECS;9778.0;1
13900;;;SLEEP_POD_SUEDE;XIRECS;12066.0;1
13900;;;SNACKPACK_CHOCOLATE;XIRECS;9886.0;1
13900;;;SNACKPACK_VANILLA;XIRECS;10007.0;1
13900;;;TRANSLATOR_ASTRO_BLACK;XIRECS;9229.0;1
13900;;;TRANSLATOR_SPACE_GRAY;XIRECS;10178.0;1
13900;;;TRANSLATOR_VOID_BLUE;XIRECS;10813.0;1
13900;;;UV_VISOR_MAGENTA;XIRECS;11343.0;1
13900;;;UV_VISOR_ORANGE;XIRECS;10304.0;1
13900;;;UV_VISOR_RED;XIRECS;11211.0;1
13900;;;UV_VISOR_YELLOW;XIRECS;12174.0;1
14600;SUBMISSION;;SLEEP_POD_POLYESTER;XIRECS;13001.0;4
14800;SUBMISSION;;ROBOT_MOPPING;XIRECS;11939.0;4
15300;SUBMISSION;;TRANSLATOR_GRAPHITE_MIST;XIRECS;11048.0;4
15500;;SUBMISSION;MICROCHIP_SQUARE;XIRECS;15801.0;3
15600;SUBMISSION;;ROBOT_VACUUMING;XIRECS;8697.0;4
16000;SUBMISSION;;PEBBLES_L;XIRECS;11050.0;3
16000;SUBMISSION;;PEBBLES_M;XIRECS;11140.0;3
16000;SUBMISSION;;PEBBLES_S;XIRECS;8752.0;3
16000;SUBMISSION;;PEBBLES_XL;XIRECS;12336.0;3
16000;SUBMISSION;;PEBBLES_XS;XIRECS;6716.0;3
16900;;SUBMISSION;PANEL_2X2;XIRECS;9156.0;3
17700;;SUBMISSION;PEBBLES_XS;XIRECS;6777.0;4
17800;SUBMISSION;;PANEL_2X2;XIRECS;9109.0;4
17900;SUBMISSION;;TRANSLATOR_VOID_BLUE;XIRECS;10791.0;4
18000;;SUBMISSION;ROBOT_VACUUMING;XIRECS;8696.0;4
18400;SUBMISSION;;UV_VISOR_ORANGE;XIRECS;10292.0;4
18700;SUBMISSION;;PANEL_1X4;XIRECS;8841.0;4
19400;SUBMISSION;;ROBOT_VACUUMING;XIRECS;8676.0;4
19900;;SUBMISSION;ROBOT_VACUUMING;XIRECS;8707.0;4
20500;;SUBMISSION;PANEL_1X4;XIRECS;8876.0;4
21200;SUBMISSION;;PANEL_1X4;XIRECS;8837.0;4
21600;SUBMISSION;;UV_VISOR_RED;XIRECS;11228.0;4
22800;SUBMISSION;;TRANSLATOR_SPACE_GRAY;XIRECS;10181.0;4
23400;SUBMISSION;;GALAXY_SOUNDS_BLACK_HOLES;XIRECS;11971.0;1
23400;SUBMISSION;;GALAXY_SOUNDS_DARK_MATTER;XIRECS;10955.0;1
23400;SUBMISSION;;GALAXY_SOUNDS_PLANETARY_RINGS;XIRECS;11365.0;1
23400;SUBMISSION;;GALAXY_SOUNDS_SOLAR_FLAMES;XIRECS;10679.0;1
23400;SUBMISSION;;GALAXY_SOUNDS_SOLAR_WINDS;XIRECS;10700.0;1
23400;SUBMISSION;;OXYGEN_SHAKE_EVENING_BREATH;XIRECS;9422.0;1
23400;SUBMISSION;;OXYGEN_SHAKE_GARLIC;XIRECS;11643.0;1
23400;SUBMISSION;;OXYGEN_SHAKE_MINT;XIRECS;9804.0;1
23400;SUBMISSION;;OXYGEN_SHAKE_MORNING_BREATH;XIRECS;9686.0;1
23400;SUBMISSION;;PANEL_1X2;XIRECS;8875.0;1
23400;SUBMISSION;;PANEL_1X4;XIRECS;8782.0;1
23400;SUBMISSION;;PANEL_2X4;XIRECS;11298.0;1
23400;SUBMISSION;;PANEL_4X4;XIRECS;10508.0;1
23400;SUBMISSION;;ROBOT_LAUNDRY;XIRECS;9381.0;1
23400;SUBMISSION;;ROBOT_VACUUMING;XIRECS;8729.0;1
23400;SUBMISSION;;SLEEP_POD_LAMB_WOOL;XIRECS;10826.0;1
23400;SUBMISSION;;SLEEP_POD_NYLON;XIRECS;9698.0;1
23400;SUBMISSION;;SLEEP_POD_POLYESTER;XIRECS;12924.0;1
23400;SUBMISSION;;SLEEP_POD_SUEDE;XIRECS;12170.0;1
23400;SUBMISSION;;SNACKPACK_CHOCOLATE;XIRECS;9894.0;1
23400;SUBMISSION;;SNACKPACK_PISTACHIO;XIRECS;9334.0;1
23400;SUBMISSION;;SNACKPACK_RASPBERRY;XIRECS;10236.0;1
23400;SUBMISSION;;SNACKPACK_STRAWBERRY;XIRECS;10732.0;1
23400;SUBMISSION;;SNACKPACK_VANILLA;XIRECS;9976.0;1
23400;SUBMISSION;;TRANSLATOR_ASTRO_BLACK;XIRECS;9119.0;1
23400;SUBMISSION;;TRANSLATOR_ECLIPSE_CHARCOAL;XIRECS;9715.0;1
23400;SUBMISSION;;UV_VISOR_AMBER;XIRECS;7241.0;1
23400;SUBMISSION;;UV_VISOR_MAGENTA;XIRECS;11213.0;1
23400;SUBMISSION;;UV_VISOR_ORANGE;XIRECS;10195.0;1
23400;SUBMISSION;;UV_VISOR_YELLOW;XIRECS;12182.0;1
23400;;;OXYGEN_SHAKE_CHOCOLATE;XIRECS;9079.0;1
23400;;;PANEL_2X2;XIRECS;9001.0;1
23400;;;ROBOT_DISHES;XIRECS;10372.0;1
23400;;;ROBOT_IRONING;XIRECS;7617.0;1
23400;;;ROBOT_MOPPING;XIRECS;11772.0;1
23400;;;SLEEP_POD_COTTON;XIRECS;12105.0;1
23400;;;TRANSLATOR_GRAPHITE_MIST;XIRECS;11127.0;1
23400;;;TRANSLATOR_SPACE_GRAY;XIRECS;10195.0;1
23400;;;TRANSLATOR_VOID_BLUE;XIRECS;10796.0;1
23400;;;UV_VISOR_RED;XIRECS;11269.0;1
23700;SUBMISSION;;GALAXY_SOUNDS_BLACK_HOLES;XIRECS;11983.0;1
23700;SUBMISSION;;GALAXY_SOUNDS_DARK_MATTER;XIRECS;10971.0;1
23700;SUBMISSION;;GALAXY_SOUNDS_PLANETARY_RINGS;XIRECS;11371.0;1
23700;SUBMISSION;;GALAXY_SOUNDS_SOLAR_FLAMES;XIRECS;10708.0;1
23700;SUBMISSION;;GALAXY_SOUNDS_SOLAR_WINDS;XIRECS;10699.0;1
23700;SUBMISSION;;OXYGEN_SHAKE_EVENING_BREATH;XIRECS;9420.0;1
23700;SUBMISSION;;OXYGEN_SHAKE_GARLIC;XIRECS;11659.0;1
23700;SUBMISSION;;OXYGEN_SHAKE_MINT;XIRECS;9807.0;1
23700;SUBMISSION;;OXYGEN_SHAKE_MORNING_BREATH;XIRECS;9678.0;1
23700;SUBMISSION;;PANEL_1X2;XIRECS;8868.0;1
23700;SUBMISSION;;PANEL_2X4;XIRECS;11256.0;1
23700;SUBMISSION;;PANEL_4X4;XIRECS;10481.0;1
23700;SUBMISSION;;ROBOT_LAUNDRY;XIRECS;9386.0;1
23700;SUBMISSION;;ROBOT_VACUUMING;XIRECS;8708.0;1
23700;SUBMISSION;;SLEEP_POD_LAMB_WOOL;XIRECS;10819.0;1
23700;SUBMISSION;;SLEEP_POD_NYLON;XIRECS;9690.0;1
23700;SUBMISSION;;SLEEP_POD_SUEDE;XIRECS;12151.0;1
23700;SUBMISSION;;SNACKPACK_CHOCOLATE;XIRECS;9905.0;1
23700;SUBMISSION;;SNACKPACK_PISTACHIO;XIRECS;9322.0;1
23700;SUBMISSION;;SNACKPACK_RASPBERRY;XIRECS;10250.0;1
23700;SUBMISSION;;SNACKPACK_STRAWBERRY;XIRECS;10710.0;1
23700;SUBMISSION;;SNACKPACK_VANILLA;XIRECS;9966.0;1
23700;SUBMISSION;;TRANSLATOR_ASTRO_BLACK;XIRECS;9114.0;1
23700;SUBMISSION;;TRANSLATOR_ECLIPSE_CHARCOAL;XIRECS;9699.0;1
23700;SUBMISSION;;UV_VISOR_AMBER;XIRECS;7244.0;1
23700;SUBMISSION;;UV_VISOR_MAGENTA;XIRECS;11194.0;1
23700;SUBMISSION;;UV_VISOR_ORANGE;XIRECS;10173.0;1
23700;SUBMISSION;;UV_VISOR_RED;XIRECS;11273.0;1
23700;SUBMISSION;;UV_VISOR_YELLOW;XIRECS;12184.0;1
23700;;;OXYGEN_SHAKE_CHOCOLATE;XIRECS;9092.0;1
23700;;;PANEL_1X4;XIRECS;8781.0;1
23700;;;PANEL_2X2;XIRECS;9023.0;1
23700;;;ROBOT_DISHES;XIRECS;10379.0;1
23700;;;ROBOT_IRONING;XIRECS;7627.0;1
23700;;;ROBOT_MOPPING;XIRECS;11737.0;1
23700;;;SLEEP_POD_COTTON;XIRECS;12116.0;1
23700;;;SLEEP_POD_POLYESTER;XIRECS;12934.0;1
23700;;;TRANSLATOR_GRAPHITE_MIST;XIRECS;11145.0;1
23700;;;TRANSLATOR_SPACE_GRAY;XIRECS;10196.0;1
23700;;;TRANSLATOR_VOID_BLUE;XIRECS;10787.0;1
23900;SUBMISSION;;MICROCHIP_CIRCLE;XIRECS;8615.0;4
24000;SUBMISSION;;MICROCHIP_RECTANGLE;XIRECS;7987.0;1
24000;SUBMISSION;;MICROCHIP_SQUARE;XIRECS;15747.0;1
24000;;;MICROCHIP_CIRCLE;XIRECS;8618.0;1
24000;;;MICROCHIP_OVAL;XIRECS;7324.0;1
24000;;;MICROCHIP_TRIANGLE;XIRECS;9081.0;1
24700;;SUBMISSION;MICROCHIP_CIRCLE;XIRECS;8610.0;3
24700;;SUBMISSION;MICROCHIP_SQUARE;XIRECS;15825.0;3
24700;;SUBMISSION;MICROCHIP_TRIANGLE;XIRECS;9105.0;3
24700;;;MICROCHIP_OVAL;XIRECS;7293.0;3
24700;;;MICROCHIP_RECTANGLE;XIRECS;8006.0;3
24800;;SUBMISSION;PANEL_2X2;XIRECS;9024.0;4
24800;;SUBMISSION;UV_VISOR_AMBER;XIRECS;7254.0;4
26000;SUBMISSION;;PEBBLES_S;XIRECS;8515.0;4
26000;SUBMISSION;;PEBBLES_XL;XIRECS;12588.0;3
26000;SUBMISSION;;PEBBLES_XS;XIRECS;6822.0;4
26000;;;PEBBLES_L;XIRECS;10940.0;5
26000;;;PEBBLES_M;XIRECS;11116.0;5
26200;SUBMISSION;;MICROCHIP_CIRCLE;XIRECS;8583.0;2
26200;SUBMISSION;;MICROCHIP_OVAL;XIRECS;7292.0;2
26200;SUBMISSION;;MICROCHIP_RECTANGLE;XIRECS;8000.0;2
26200;SUBMISSION;;MICROCHIP_SQUARE;XIRECS;15668.0;2
26200;SUBMISSION;;MICROCHIP_TRIANGLE;XIRECS;9158.0;2
26400;;SUBMISSION;PANEL_1X4;XIRECS;8750.0;4
26400;;SUBMISSION;ROBOT_MOPPING;XIRECS;11786.0;4
26400;;SUBMISSION;UV_VISOR_ORANGE;XIRECS;10230.0;4
26600;SUBMISSION;;MICROCHIP_CIRCLE;XIRECS;8562.0;1
26600;;SUBMISSION;MICROCHIP_OVAL;XIRECS;7335.0;4
26600;SUBMISSION;;MICROCHIP_RECTANGLE;XIRECS;7977.0;1
26600;SUBMISSION;;MICROCHIP_SQUARE;XIRECS;15671.0;1
26600;;;MICROCHIP_OVAL;XIRECS;7335.0;1
26600;;;MICROCHIP_TRIANGLE;XIRECS;9148.0;1
27200;SUBMISSION;;MICROCHIP_OVAL;XIRECS;7299.0;4
27300;;SUBMISSION;PEBBLES_XS;XIRECS;6883.0;4
27400;;SUBMISSION;PEBBLES_S;XIRECS;8562.0;4
27700;;SUBMISSION;MICROCHIP_OVAL;XIRECS;7329.0;4
28100;SUBMISSION;;PANEL_1X4;XIRECS;8737.0;4
28400;SUBMISSION;;PEBBLES_L;XIRECS;10863.0;3
28400;SUBMISSION;;PEBBLES_M;XIRECS;11116.0;3
28400;SUBMISSION;;PEBBLES_XS;XIRECS;6924.0;3
28400;;;PEBBLES_S;XIRECS;8604.0;3
28400;;;PEBBLES_XL;XIRECS;12470.0;3
29200;;;PEBBLES_L;XIRECS;10800.0;2
29200;;;PEBBLES_M;XIRECS;11174.0;2
29200;;;PEBBLES_S;XIRECS;8674.0;2
29200;;;PEBBLES_XL;XIRECS;12312.0;2
29200;;;PEBBLES_XS;XIRECS;7006.0;2
29500;;SUBMISSION;PANEL_1X4;XIRECS;8700.0;2
29500;;SUBMISSION;SLEEP_POD_NYLON;XIRECS;9696.0;2
29500;;SUBMISSION;TRANSLATOR_SPACE_GRAY;XIRECS;10188.0;2
29700;SUBMISSION;;MICROCHIP_OVAL;XIRECS;7393.0;3
29700;SUBMISSION;;MICROCHIP_SQUARE;XIRECS;15678.0;3
29700;SUBMISSION;;MICROCHIP_TRIANGLE;XIRECS;9106.0;3
29700;;SUBMISSION;PEBBLES_M;XIRECS;11195.0;4
29700;;SUBMISSION;PEBBLES_XS;XIRECS;6987.0;4
29700;;;MICROCHIP_CIRCLE;XIRECS;8545.0;3
29700;;;MICROCHIP_RECTANGLE;XIRECS;7939.0;3
29800;SUBMISSION;;UV_VISOR_AMBER;XIRECS;7227.0;4
30100;SUBMISSION;;PEBBLES_M;XIRECS;11168.0;4
30100;SUBMISSION;;PEBBLES_XS;XIRECS;6952.0;4
30100;;;PEBBLES_L;XIRECS;10775.0;4
30100;;;PEBBLES_S;XIRECS;8651.0;4
30100;;;PEBBLES_XL;XIRECS;12428.0;4
30300;;SUBMISSION;MICROCHIP_RECTANGLE;XIRECS;7959.0;4
30300;;SUBMISSION;PEBBLES_L;XIRECS;10788.0;4
30300;;SUBMISSION;PEBBLES_M;XIRECS;11139.0;4
30300;;SUBMISSION;PEBBLES_S;XIRECS;8673.0;3
30300;;SUBMISSION;PEBBLES_XL;XIRECS;12439.0;4
30300;;SUBMISSION;PEBBLES_XS;XIRECS;6962.0;4
30400;;SUBMISSION;GALAXY_SOUNDS_BLACK_HOLES;XIRECS;11969.0;1
30400;;SUBMISSION;GALAXY_SOUNDS_DARK_MATTER;XIRECS;10967.0;1
30400;;SUBMISSION;GALAXY_SOUNDS_PLANETARY_RINGS;XIRECS;11414.0;1
30400;;SUBMISSION;GALAXY_SOUNDS_SOLAR_WINDS;XIRECS;10541.0;1
30400;;SUBMISSION;OXYGEN_SHAKE_EVENING_BREATH;XIRECS;9433.0;1
30400;;SUBMISSION;OXYGEN_SHAKE_GARLIC;XIRECS;11646.0;1
30400;;SUBMISSION;OXYGEN_SHAKE_MINT;XIRECS;9650.0;1
30400;;SUBMISSION;OXYGEN_SHAKE_MORNING_BREATH;XIRECS;9660.0;1
30400;;SUBMISSION;PANEL_1X2;XIRECS;8812.0;1
30400;;SUBMISSION;PANEL_1X4;XIRECS;8701.0;1
30400;;SUBMISSION;PANEL_4X4;XIRECS;10553.0;1
30400;;SUBMISSION;ROBOT_LAUNDRY;XIRECS;9357.0;1
30400;;SUBMISSION;SLEEP_POD_COTTON;XIRECS;12218.0;1
30400;;SUBMISSION;SLEEP_POD_LAMB_WOOL;XIRECS;10774.0;1
30400;;SUBMISSION;SLEEP_POD_POLYESTER;XIRECS;12855.0;1
30400;;SUBMISSION;SLEEP_POD_SUEDE;XIRECS;12287.0;1
30400;;SUBMISSION;SNACKPACK_CHOCOLATE;XIRECS;9936.0;1
30400;;SUBMISSION;SNACKPACK_PISTACHIO;XIRECS;9327.0;1
30400;;SUBMISSION;SNACKPACK_RASPBERRY;XIRECS;10264.0;1
30400;;SUBMISSION;SNACKPACK_STRAWBERRY;XIRECS;10715.0;1
30400;;SUBMISSION;SNACKPACK_VANILLA;XIRECS;9945.0;1
30400;;SUBMISSION;TRANSLATOR_VOID_BLUE;XIRECS;10815.0;1
30400;;SUBMISSION;UV_VISOR_AMBER;XIRECS;7219.0;1
30400;;SUBMISSION;UV_VISOR_MAGENTA;XIRECS;11073.0;1
30400;;SUBMISSION;UV_VISOR_ORANGE;XIRECS;10289.0;1
30400;;SUBMISSION;UV_VISOR_RED;XIRECS;11210.0;1
30400;;;GALAXY_SOUNDS_SOLAR_FLAMES;XIRECS;10708.0;1
30400;;;OXYGEN_SHAKE_CHOCOLATE;XIRECS;9083.0;1
30400;;;PANEL_2X2;XIRECS;9065.0;1
30400;;;PANEL_2X4;XIRECS;11081.0;1
30400;;;ROBOT_DISHES;XIRECS;10488.0;1
30400;;;ROBOT_IRONING;XIRECS;7643.0;1
30400;;;ROBOT_MOPPING;XIRECS;11783.0;1
30400;;;ROBOT_VACUUMING;XIRECS;8698.0;1
30400;;;SLEEP_POD_NYLON;XIRECS;9691.0;1
30400;;;TRANSLATOR_ASTRO_BLACK;XIRECS;9167.0;1
30400;;;TRANSLATOR_ECLIPSE_CHARCOAL;XIRECS;9549.0;1
30400;;;TRANSLATOR_GRAPHITE_MIST;XIRECS;11186.0;1
30400;;;TRANSLATOR_SPACE_GRAY;XIRECS;10175.0;1
30400;;;UV_VISOR_YELLOW;XIRECS;12104.0;1
30600;;SUBMISSION;MICROCHIP_TRIANGLE;XIRECS;9164.0;4
30900;;SUBMISSION;MICROCHIP_OVAL;XIRECS;7428.0;3
31200;SUBMISSION;;UV_VISOR_ORANGE;XIRECS;10231.0;4
31400;SUBMISSION;;GALAXY_SOUNDS_BLACK_HOLES;XIRECS;11904.0;3
31400;SUBMISSION;;GALAXY_SOUNDS_SOLAR_FLAMES;XIRECS;10684.0;3
31400;SUBMISSION;;PANEL_1X2;XIRECS;8759.0;3
31400;SUBMISSION;;PANEL_1X4;XIRECS;8661.0;3
31400;SUBMISSION;;PEBBLES_XL;XIRECS;12298.0;3
31400;SUBMISSION;;ROBOT_MOPPING;XIRECS;11749.0;3
31400;SUBMISSION;;ROBOT_VACUUMING;XIRECS;8689.0;2
31400;SUBMISSION;;SNACKPACK_VANILLA;XIRECS;9926.0;3
31400;SUBMISSION;;UV_VISOR_RED;XIRECS;11194.0;3
31500;;SUBMISSION;PEBBLES_M;XIRECS;11213.0;2
31500;;SUBMISSION;PEBBLES_XL;XIRECS;12302.0;4
31500;;;PEBBLES_L;XIRECS;10734.0;4
31500;;;PEBBLES_S;XIRECS;8751.0;4
31500;;;PEBBLES_XS;XIRECS;7025.0;4
31700;;SUBMISSION;MICROCHIP_CIRCLE;XIRECS;8583.0;4
32000;SUBMISSION;;MICROCHIP_CIRCLE;XIRECS;8583.0;2
32000;SUBMISSION;;MICROCHIP_OVAL;XIRECS;7410.0;2
32000;;;MICROCHIP_RECTANGLE;XIRECS;8032.0;2
32000;;;MICROCHIP_SQUARE;XIRECS;15707.0;2
32000;;;MICROCHIP_TRIANGLE;XIRECS;9164.0;2
32400;SUBMISSION;;GALAXY_SOUNDS_BLACK_HOLES;XIRECS;11865.0;4
32400;SUBMISSION;;GALAXY_SOUNDS_DARK_MATTER;XIRECS;11020.0;4
32400;SUBMISSION;;GALAXY_SOUNDS_PLANETARY_RINGS;XIRECS;11444.0;4
32400;SUBMISSION;;GALAXY_SOUNDS_SOLAR_FLAMES;XIRECS;10669.0;1
32400;SUBMISSION;;OXYGEN_SHAKE_EVENING_BREATH;XIRECS;9372.0;4
32400;SUBMISSION;;OXYGEN_SHAKE_GARLIC;XIRECS;11680.0;4
32400;SUBMISSION;;OXYGEN_SHAKE_MORNING_BREATH;XIRECS;9691.0;4
32400;SUBMISSION;;PANEL_1X2;XIRECS;8775.0;4
32400;SUBMISSION;;PANEL_2X2;XIRECS;9064.0;4
32400;SUBMISSION;;PANEL_2X4;XIRECS;11042.0;4
32400;SUBMISSION;;PANEL_4X4;XIRECS;10555.0;3
32400;SUBMISSION;;ROBOT_LAUNDRY;XIRECS;9319.0;4
32400;SUBMISSION;;ROBOT_MOPPING;XIRECS;11710.0;4
32400;SUBMISSION;;SLEEP_POD_COTTON;XIRECS;12161.0;3
32400;SUBMISSION;;SLEEP_POD_POLYESTER;XIRECS;12865.0;2
32400;SUBMISSION;;SLEEP_POD_SUEDE;XIRECS;12278.0;4
32400;SUBMISSION;;SNACKPACK_CHOCOLATE;XIRECS;9942.0;4
32400;SUBMISSION;;SNACKPACK_PISTACHIO;XIRECS;9317.0;4
32400;SUBMISSION;;SNACKPACK_RASPBERRY;XIRECS;10256.0;4
32400;SUBMISSION;;SNACKPACK_STRAWBERRY;XIRECS;10699.0;4
32400;SUBMISSION;;SNACKPACK_VANILLA;XIRECS;9916.0;4
32400;SUBMISSION;;TRANSLATOR_ASTRO_BLACK;XIRECS;9200.0;4
32400;SUBMISSION;;TRANSLATOR_ECLIPSE_CHARCOAL;XIRECS;9529.0;3
32400;SUBMISSION;;TRANSLATOR_GRAPHITE_MIST;XIRECS;11135.0;2
32400;SUBMISSION;;TRANSLATOR_SPACE_GRAY;XIRECS;10164.0;4
32400;SUBMISSION;;UV_VISOR_AMBER;XIRECS;7203.0;4
32400;SUBMISSION;;UV_VISOR_MAGENTA;XIRECS;11146.0;4
32400;SUBMISSION;;UV_VISOR_ORANGE;XIRECS;10259.0;2
32400;SUBMISSION;;UV_VISOR_YELLOW;XIRECS;12088.0;3
32400;;;GALAXY_SOUNDS_SOLAR_WINDS;XIRECS;10623.0;4
32400;;;OXYGEN_SHAKE_CHOCOLATE;XIRECS;9137.0;4
32400;;;OXYGEN_SHAKE_MINT;XIRECS;9728.0;4
32400;;;PANEL_1X4;XIRECS;8653.0;4
32400;;;ROBOT_DISHES;XIRECS;10532.0;4
32400;;;ROBOT_IRONING;XIRECS;7657.0;4
32400;;;ROBOT_VACUUMING;XIRECS;8665.0;4
32400;;;SLEEP_POD_LAMB_WOOL;XIRECS;10802.0;4
32400;;;SLEEP_POD_NYLON;XIRECS;9723.0;4
32400;;;TRANSLATOR_VOID_BLUE;XIRECS;10849.0;4
32400;;;UV_VISOR_RED;XIRECS;11186.0;4
32800;;SUBMISSION;TRANSLATOR_SPACE_GRAY;XIRECS;10195.0;4
32900;;SUBMISSION;PANEL_1X2;XIRECS;8760.0;4
32900;;SUBMISSION;PANEL_2X2;XIRECS;9072.0;4
32900;;SUBMISSION;ROBOT_MOPPING;XIRECS;11715.0;4
32900;;SUBMISSION;SNACKPACK_VANILLA;XIRECS;9944.0;4
32900;;SUBMISSION;UV_VISOR_AMBER;XIRECS;7200.0;4
33600;;SUBMISSION;PANEL_4X4;XIRECS;10583.0;4
34200;SUBMISSION;;PANEL_2X2;XIRECS;9055.0;4
35200;;SUBMISSION;GALAXY_SOUNDS_BLACK_HOLES;XIRECS;11887.0;4
35200;;SUBMISSION;ROBOT_VACUUMING;XIRECS;8686.0;4
36400;SUBMISSION;;GALAXY_SOUNDS_BLACK_HOLES;XIRECS;11871.0;3
36400;SUBMISSION;;GALAXY_SOUNDS_DARK_MATTER;XIRECS;10927.0;3
36400;SUBMISSION;;GALAXY_SOUNDS_PLANETARY_RINGS;XIRECS;11396.0;3
36400;SUBMISSION;;OXYGEN_SHAKE_MINT;XIRECS;9679.0;3
36400;SUBMISSION;;OXYGEN_SHAKE_MORNING_BREATH;XIRECS;9660.0;3
36400;SUBMISSION;;PANEL_4X4;XIRECS;10605.0;3
36400;SUBMISSION;;ROBOT_LAUNDRY;XIRECS;9200.0;3
36400;SUBMISSION;;ROBOT_MOPPING;XIRECS;11666.0;3
36400;SUBMISSION;;SLEEP_POD_NYLON;XIRECS;9672.0;3
36400;SUBMISSION;;SNACKPACK_CHOCOLATE;XIRECS;9842.0;3
36400;SUBMISSION;;SNACKPACK_RASPBERRY;XIRECS;10254.0;3
36400;SUBMISSION;;SNACKPACK_STRAWBERRY;XIRECS;10706.0;3
36400;SUBMISSION;;TRANSLATOR_ASTRO_BLACK;XIRECS;9271.0;2
36400;SUBMISSION;;TRANSLATOR_VOID_BLUE;XIRECS;10796.0;2
36400;SUBMISSION;;UV_VISOR_AMBER;XIRECS;7126.0;3
36400;SUBMISSION;;UV_VISOR_YELLOW;XIRECS;12091.0;3
36400;;;GALAXY_SOUNDS_SOLAR_FLAMES;XIRECS;10606.0;3
36400;;;GALAXY_SOUNDS_SOLAR_WINDS;XIRECS;10667.0;3
36400;;;OXYGEN_SHAKE_CHOCOLATE;XIRECS;9125.0;3
36400;;;OXYGEN_SHAKE_EVENING_BREATH;XIRECS;9334.0;3
36400;;;OXYGEN_SHAKE_GARLIC;XIRECS;11715.0;3
36400;;;PANEL_1X2;XIRECS;8753.0;3
36400;;;PANEL_1X4;XIRECS;8589.0;3
36400;;;PANEL_2X2;XIRECS;9054.0;3
36400;;;PANEL_2X4;XIRECS;10924.0;3
36400;;;ROBOT_DISHES;XIRECS;10514.0;3
36400;;;ROBOT_IRONING;XIRECS;7737.0;3
36400;;;ROBOT_VACUUMING;XIRECS;8697.0;3
36400;;;SLEEP_POD_COTTON;XIRECS;12269.0;3
36400;;;SLEEP_POD_LAMB_WOOL;XIRECS;10869.0;3
36400;;;SLEEP_POD_POLYESTER;XIRECS;12818.0;3
36400;;;SLEEP_POD_SUEDE;XIRECS;12291.0;3
36400;;;SNACKPACK_PISTACHIO;XIRECS;9318.0;3
36400;;;SNACKPACK_VANILLA;XIRECS;10020.0;3
36400;;;TRANSLATOR_ECLIPSE_CHARCOAL;XIRECS;9517.0;3
36400;;;TRANSLATOR_GRAPHITE_MIST;XIRECS;11153.0;3
36400;;;TRANSLATOR_SPACE_GRAY;XIRECS;10222.0;3
36400;;;UV_VISOR_MAGENTA;XIRECS;11208.0;3
36400;;;UV_VISOR_ORANGE;XIRECS;10325.0;3
36400;;;UV_VISOR_RED;XIRECS;11286.0;3
36600;;SUBMISSION;GALAXY_SOUNDS_PLANETARY_RINGS;XIRECS;11430.0;4
36700;;SUBMISSION;PANEL_1X4;XIRECS;8630.0;4
36800;SUBMISSION;;MICROCHIP_TRIANGLE;XIRECS;9179.0;4
37300;;SUBMISSION;GALAXY_SOUNDS_DARK_MATTER;XIRECS;10959.0;4
37400;;SUBMISSION;ROBOT_MOPPING;XIRECS;11691.0;4
37500;;SUBMISSION;GALAXY_SOUNDS_BLACK_HOLES;XIRECS;11843.0;2
37500;;SUBMISSION;GALAXY_SOUNDS_DARK_MATTER;XIRECS;10961.0;2
37500;;SUBMISSION;OXYGEN_SHAKE_EVENING_BREATH;XIRECS;9370.0;2
37500;;SUBMISSION;OXYGEN_SHAKE_MORNING_BREATH;XIRECS;9644.0;2
37500;;SUBMISSION;PANEL_1X2;XIRECS;8733.0;2
37500;;SUBMISSION;PANEL_2X4;XIRECS;10955.0;2
37500;;SUBMISSION;SLEEP_POD_COTTON;XIRECS;12291.0;2
37500;;SUBMISSION;SLEEP_POD_POLYESTER;XIRECS;12871.0;2
37500;;SUBMISSION;SNACKPACK_CHOCOLATE;XIRECS;9820.0;2
37500;;SUBMISSION;SNACKPACK_STRAWBERRY;XIRECS;10729.0;2
37500;;SUBMISSION;SNACKPACK_VANILLA;XIRECS;10058.0;2
37500;;SUBMISSION;TRANSLATOR_GRAPHITE_MIST;XIRECS;11179.0;2
37500;;SUBMISSION;UV_VISOR_MAGENTA;XIRECS;11223.0;2
37500;;SUBMISSION;UV_VISOR_ORANGE;XIRECS;10377.0;2
37500;;SUBMISSION;UV_VISOR_YELLOW;XIRECS;12102.0;2
38600;SUBMISSION;;PANEL_1X2;XIRECS;8709.0;4
38600;SUBMISSION;;PANEL_1X4;XIRECS;8609.0;4
38600;SUBMISSION;;SLEEP_POD_LAMB_WOOL;XIRECS;10795.0;4
38600;;SUBMISSION;SLEEP_POD_NYLON;XIRECS;9714.0;4
39100;SUBMISSION;;MICROCHIP_RECTANGLE;XIRECS;7989.0;4
39100;;SUBMISSION;MICROCHIP_SQUARE;XIRECS;15925.0;4
39700;;SUBMISSION;MICROCHIP_RECTANGLE;XIRECS;8064.0;4
39700;;SUBMISSION;PANEL_1X2;XIRECS;8740.0;4
39700;;SUBMISSION;PANEL_2X2;XIRECS;9059.0;4
39800;SUBMISSION;;PEBBLES_L;XIRECS;10801.0;4
39800;SUBMISSION;;PEBBLES_M;XIRECS;11182.0;4
39800;SUBMISSION;;PEBBLES_S;XIRECS;8789.0;4
39800;SUBMISSION;;PEBBLES_XL;XIRECS;12226.0;4
39800;SUBMISSION;;PEBBLES_XS;XIRECS;7000.0;4
40000;;SUBMISSION;PANEL_1X4;XIRECS;8617.0;4
40300;;SUBMISSION;PEBBLES_L;XIRECS;10756.0;2
40300;;SUBMISSION;PEBBLES_M;XIRECS;11160.0;2
40300;;SUBMISSION;PEBBLES_S;XIRECS;8781.0;2
40300;;SUBMISSION;PEBBLES_XL;XIRECS;12288.0;2
40300;;SUBMISSION;PEBBLES_XS;XIRECS;7020.0;2
40600;SUBMISSION;;GALAXY_SOUNDS_DARK_MATTER;XIRECS;10901.0;4
40600;SUBMISSION;;GALAXY_SOUNDS_SOLAR_WINDS;XIRECS;10563.0;4
40600;SUBMISSION;;OXYGEN_SHAKE_EVENING_BREATH;XIRECS;9337.0;4
40600;SUBMISSION;;PANEL_1X2;XIRECS;8715.0;4
40600;SUBMISSION;;PANEL_1X4;XIRECS;8595.0;4
40600;SUBMISSION;;PANEL_2X2;XIRECS;9066.0;4
40600;SUBMISSION;;PANEL_2X4;XIRECS;10954.0;4
40600;SUBMISSION;;ROBOT_VACUUMING;XIRECS;8772.0;4
40600;SUBMISSION;;SLEEP_POD_NYLON;XIRECS;9732.0;4
40600;SUBMISSION;;SLEEP_POD_POLYESTER;XIRECS;12789.0;2
40600;SUBMISSION;;SNACKPACK_CHOCOLATE;XIRECS;9831.0;4
40600;SUBMISSION;;SNACKPACK_VANILLA;XIRECS;10038.0;4
40600;SUBMISSION;;TRANSLATOR_GRAPHITE_MIST;XIRECS;11254.0;2
40600;SUBMISSION;;TRANSLATOR_SPACE_GRAY;XIRECS;10177.0;4
40600;SUBMISSION;;UV_VISOR_MAGENTA;XIRECS;11184.0;4
40600;SUBMISSION;;UV_VISOR_ORANGE;XIRECS;10364.0;2
40600;SUBMISSION;;UV_VISOR_YELLOW;XIRECS;12108.0;3
40600;;;GALAXY_SOUNDS_BLACK_HOLES;XIRECS;11895.0;4
40600;;;GALAXY_SOUNDS_PLANETARY_RINGS;XIRECS;11436.0;4
40600;;;GALAXY_SOUNDS_SOLAR_FLAMES;XIRECS;10531.0;4
40600;;;OXYGEN_SHAKE_CHOCOLATE;XIRECS;9144.0;4
40600;;;OXYGEN_SHAKE_GARLIC;XIRECS;11808.0;4
40600;;;OXYGEN_SHAKE_MINT;XIRECS;9684.0;4
40600;;;OXYGEN_SHAKE_MORNING_BREATH;XIRECS;9636.0;4
40600;;;PANEL_4X4;XIRECS;10618.0;4
40600;;;ROBOT_DISHES;XIRECS;10568.0;4
40600;;;ROBOT_IRONING;XIRECS;7827.0;4
40600;;;ROBOT_LAUNDRY;XIRECS;9171.0;4
40600;;;ROBOT_MOPPING;XIRECS;11734.0;4
40600;;;SLEEP_POD_COTTON;XIRECS;12402.0;4
40600;;;SLEEP_POD_LAMB_WOOL;XIRECS;10747.0;4
40600;;;SLEEP_POD_SUEDE;XIRECS;12221.0;4
40600;;;SNACKPACK_PISTACHIO;XIRECS;9350.0;4
40600;;;SNACKPACK_RASPBERRY;XIRECS;10184.0;4
40600;;;SNACKPACK_STRAWBERRY;XIRECS;10766.0;4
40600;;;TRANSLATOR_ASTRO_BLACK;XIRECS;9308.0;4
40600;;;TRANSLATOR_ECLIPSE_CHARCOAL;XIRECS;9563.0;4
40600;;;TRANSLATOR_VOID_BLUE;XIRECS;10718.0;4
40600;;;UV_VISOR_AMBER;XIRECS;7036.0;4
40600;;;UV_VISOR_RED;XIRECS;11321.0;4
40800;;SUBMISSION;PANEL_1X2;XIRECS;8740.0;4
40800;;SUBMISSION;PANEL_2X2;XIRECS;9081.0;4
41100;;SUBMISSION;PANEL_1X4;XIRECS;8618.0;4
41100;;SUBMISSION;PANEL_2X4;XIRECS;10977.0;4
41500;SUBMISSION;;MICROCHIP_RECTANGLE;XIRECS;7987.0;4
42100;;SUBMISSION;GALAXY_SOUNDS_DARK_MATTER;XIRECS;10905.0;3
42100;;SUBMISSION;OXYGEN_SHAKE_EVENING_BREATH;XIRECS;9330.0;3
42100;;SUBMISSION;OXYGEN_SHAKE_MINT;XIRECS;9767.0;3
42100;;SUBMISSION;OXYGEN_SHAKE_MORNING_BREATH;XIRECS;9675.0;3
42100;;SUBMISSION;PANEL_2X4;XIRECS;11001.0;3
42100;;SUBMISSION;ROBOT_VACUUMING;XIRECS;8778.0;3
42100;;SUBMISSION;SLEEP_POD_POLYESTER;XIRECS;12860.0;3
42100;;SUBMISSION;SNACKPACK_CHOCOLATE;XIRECS;9822.0;3
42100;;SUBMISSION;SNACKPACK_RASPBERRY;XIRECS;10208.0;3
42100;;SUBMISSION;SNACKPACK_VANILLA;XIRECS;10064.0;3
42100;;SUBMISSION;TRANSLATOR_GRAPHITE_MIST;XIRECS;11334.0;3
42100;;SUBMISSION;UV_VISOR_AMBER;XIRECS;7016.0;3
42100;;SUBMISSION;UV_VISOR_MAGENTA;XIRECS;11199.0;3
42100;;SUBMISSION;UV_VISOR_RED;XIRECS;11371.0;3
42100;;SUBMISSION;UV_VISOR_YELLOW;XIRECS;12150.0;3
42200;;SUBMISSION;GALAXY_SOUNDS_BLACK_HOLES;XIRECS;11875.0;4
42200;;SUBMISSION;GALAXY_SOUNDS_DARK_MATTER;XIRECS;10889.0;3
42200;;SUBMISSION;GALAXY_SOUNDS_PLANETARY_RINGS;XIRECS;11393.0;4
42200;;SUBMISSION;GALAXY_SOUNDS_SOLAR_FLAMES;XIRECS;10480.0;4
42200;;SUBMISSION;GALAXY_SOUNDS_SOLAR_WINDS;XIRECS;10530.0;4
42200;;SUBMISSION;OXYGEN_SHAKE_EVENING_BREATH;XIRECS;9324.0;4
42200;;SUBMISSION;OXYGEN_SHAKE_GARLIC;XIRECS;11802.0;4
42200;;SUBMISSION;OXYGEN_SHAKE_MINT;XIRECS;9748.0;2
42200;;SUBMISSION;OXYGEN_SHAKE_MORNING_BREATH;XIRECS;9669.0;3
42200;;SUBMISSION;PANEL_1X2;XIRECS;8732.0;2
42200;;SUBMISSION;PANEL_2X4;XIRECS;10992.0;1
42200;;SUBMISSION;ROBOT_IRONING;XIRECS;7841.0;4
42200;;SUBMISSION;ROBOT_LAUNDRY;XIRECS;9165.0;4
42200;;SUBMISSION;ROBOT_VACUUMING;XIRECS;8768.0;4
42200;;SUBMISSION;SLEEP_POD_COTTON;XIRECS;12460.0;4
42200;;SUBMISSION;SLEEP_POD_LAMB_WOOL;XIRECS;10752.0;4
42200;;SUBMISSION;SLEEP_POD_NYLON;XIRECS;9708.0;4
42200;;SUBMISSION;SLEEP_POD_POLYESTER;XIRECS;12884.0;4
42200;;SUBMISSION;SLEEP_POD_SUEDE;XIRECS;12209.0;4
42200;;SUBMISSION;SNACKPACK_CHOCOLATE;XIRECS;9834.0;4
42200;;SUBMISSION;SNACKPACK_PISTACHIO;XIRECS;9337.0;4
42200;;SUBMISSION;SNACKPACK_RASPBERRY;XIRECS;10208.0;4
42200;;SUBMISSION;SNACKPACK_STRAWBERRY;XIRECS;10756.0;4
42200;;SUBMISSION;SNACKPACK_VANILLA;XIRECS;10055.0;4
42200;;SUBMISSION;TRANSLATOR_ASTRO_BLACK;XIRECS;9377.0;4
42200;;SUBMISSION;TRANSLATOR_ECLIPSE_CHARCOAL;XIRECS;9571.0;4
42200;;SUBMISSION;TRANSLATOR_GRAPHITE_MIST;XIRECS;11343.0;4
42200;;SUBMISSION;TRANSLATOR_SPACE_GRAY;XIRECS;10176.0;4
42200;;SUBMISSION;TRANSLATOR_VOID_BLUE;XIRECS;10738.0;4
42200;;SUBMISSION;UV_VISOR_AMBER;XIRECS;7018.0;3
42200;;SUBMISSION;UV_VISOR_MAGENTA;XIRECS;11190.0;4
42200;;SUBMISSION;UV_VISOR_ORANGE;XIRECS;10304.0;4
42200;;SUBMISSION;UV_VISOR_RED;XIRECS;11366.0;4
42200;;SUBMISSION;UV_VISOR_YELLOW;XIRECS;12168.0;3
42200;;;OXYGEN_SHAKE_CHOCOLATE;XIRECS;9156.0;4
42200;;;PANEL_1X4;XIRECS;8612.0;4
42200;;;PANEL_2X2;XIRECS;9081.0;4
42200;;;PANEL_4X4;XIRECS;10594.0;4
42200;;;ROBOT_DISHES;XIRECS;10520.0;4
42200;;;ROBOT_MOPPING;XIRECS;11714.0;4
42300;SUBMISSION;;GALAXY_SOUNDS_BLACK_HOLES;XIRECS;11856.0;1
42300;SUBMISSION;;GALAXY_SOUNDS_DARK_MATTER;XIRECS;10889.0;1
42300;SUBMISSION;;GALAXY_SOUNDS_PLANETARY_RINGS;XIRECS;11375.0;1
42300;SUBMISSION;;GALAXY_SOUNDS_SOLAR_FLAMES;XIRECS;10481.0;1
42300;SUBMISSION;;GALAXY_SOUNDS_SOLAR_WINDS;XIRECS;10527.0;1
42300;;SUBMISSION;MICROCHIP_TRIANGLE;XIRECS;9189.0;4
42300;SUBMISSION;;OXYGEN_SHAKE_EVENING_BREATH;XIRECS;9314.0;1
42300;SUBMISSION;;OXYGEN_SHAKE_GARLIC;XIRECS;11808.0;1
42300;SUBMISSION;;OXYGEN_SHAKE_MINT;XIRECS;9747.0;1
42300;SUBMISSION;;OXYGEN_SHAKE_MORNING_BREATH;XIRECS;9666.0;1
42300;SUBMISSION;;PANEL_1X2;XIRECS;8730.0;1
42300;SUBMISSION;;PANEL_1X4;XIRECS;8620.0;1
42300;SUBMISSION;;PANEL_2X2;XIRECS;9084.0;1
42300;SUBMISSION;;PANEL_2X4;XIRECS;10974.0;1
42300;SUBMISSION;;PANEL_4X4;XIRECS;10585.0;1
42300;SUBMISSION;;ROBOT_IRONING;XIRECS;7831.0;1
42300;SUBMISSION;;ROBOT_LAUNDRY;XIRECS;9146.0;1
42300;SUBMISSION;;ROBOT_MOPPING;XIRECS;11710.0;1
42300;SUBMISSION;;ROBOT_VACUUMING;XIRECS;8769.0;4
42300;SUBMISSION;;SLEEP_POD_COTTON;XIRECS;12436.0;1
42300;SUBMISSION;;SLEEP_POD_LAMB_WOOL;XIRECS;10757.0;1
42300;SUBMISSION;;SLEEP_POD_NYLON;XIRECS;9717.0;1
42300;SUBMISSION;;SLEEP_POD_POLYESTER;XIRECS;12876.0;1
42300;SUBMISSION;;SLEEP_POD_SUEDE;XIRECS;12200.0;1
42300;SUBMISSION;;SNACKPACK_CHOCOLATE;XIRECS;9830.0;1
42300;SUBMISSION;;SNACKPACK_PISTACHIO;XIRECS;9331.0;1
42300;SUBMISSION;;SNACKPACK_RASPBERRY;XIRECS;10196.0;1
42300;SUBMISSION;;SNACKPACK_STRAWBERRY;XIRECS;10751.0;1
42300;SUBMISSION;;SNACKPACK_VANILLA;XIRECS;10053.0;1
42300;SUBMISSION;;TRANSLATOR_ASTRO_BLACK;XIRECS;9349.0;1
42300;SUBMISSION;;TRANSLATOR_ECLIPSE_CHARCOAL;XIRECS;9558.0;1
42300;SUBMISSION;;TRANSLATOR_GRAPHITE_MIST;XIRECS;11337.0;1
42300;SUBMISSION;;TRANSLATOR_SPACE_GRAY;XIRECS;10172.0;1
42300;SUBMISSION;;TRANSLATOR_VOID_BLUE;XIRECS;10734.0;1
42300;SUBMISSION;;UV_VISOR_AMBER;XIRECS;7023.0;1
42300;SUBMISSION;;UV_VISOR_MAGENTA;XIRECS;11196.0;1
42300;SUBMISSION;;UV_VISOR_ORANGE;XIRECS;10294.0;1
42300;SUBMISSION;;UV_VISOR_RED;XIRECS;11357.0;1
42300;SUBMISSION;;UV_VISOR_YELLOW;XIRECS;12152.0;1
42300;;;OXYGEN_SHAKE_CHOCOLATE;XIRECS;9138.0;1
42300;;;ROBOT_DISHES;XIRECS;10518.0;1
42300;;;ROBOT_VACUUMING;XIRECS;8763.0;1
42900;SUBMISSION;;GALAXY_SOUNDS_BLACK_HOLES;XIRECS;11814.0;3
42900;SUBMISSION;;GALAXY_SOUNDS_DARK_MATTER;XIRECS;10868.0;3
42900;SUBMISSION;;GALAXY_SOUNDS_PLANETARY_RINGS;XIRECS;11368.0;3
42900;SUBMISSION;;GALAXY_SOUNDS_SOLAR_FLAMES;XIRECS;10519.0;3
42900;SUBMISSION;;GALAXY_SOUNDS_SOLAR_WINDS;XIRECS;10541.0;3
42900;SUBMISSION;;OXYGEN_SHAKE_EVENING_BREATH;XIRECS;9346.0;3
42900;SUBMISSION;;OXYGEN_SHAKE_GARLIC;XIRECS;11835.0;3
42900;SUBMISSION;;OXYGEN_SHAKE_MINT;XIRECS;9773.0;3
42900;SUBMISSION;;OXYGEN_SHAKE_MORNING_BREATH;XIRECS;9688.0;3
42900;SUBMISSION;;PANEL_1X2;XIRECS;8743.0;3
42900;SUBMISSION;;PANEL_2X2;XIRECS;9076.0;3
42900;SUBMISSION;;PANEL_2X4;XIRECS;10972.0;3
42900;SUBMISSION;;ROBOT_IRONING;XIRECS;7821.0;3
42900;SUBMISSION;;ROBOT_VACUUMING;XIRECS;8762.0;3
42900;SUBMISSION;;SLEEP_POD_COTTON;XIRECS;12398.0;3
42900;SUBMISSION;;SLEEP_POD_LAMB_WOOL;XIRECS;10725.0;3
42900;SUBMISSION;;SLEEP_POD_NYLON;XIRECS;9707.0;3
42900;SUBMISSION;;SLEEP_POD_POLYESTER;XIRECS;12872.0;3
42900;SUBMISSION;;SLEEP_POD_SUEDE;XIRECS;12172.0;3
42900;SUBMISSION;;SNACKPACK_CHOCOLATE;XIRECS;9810.0;3
42900;SUBMISSION;;SNACKPACK_PISTACHIO;XIRECS;9307.0;3
42900;SUBMISSION;;SNACKPACK_RASPBERRY;XIRECS;10232.0;3
42900;SUBMISSION;;SNACKPACK_STRAWBERRY;XIRECS;10705.0;3
42900;SUBMISSION;;SNACKPACK_VANILLA;XIRECS;10076.0;3
42900;SUBMISSION;;TRANSLATOR_ASTRO_BLACK;XIRECS;9352.0;3
42900;SUBMISSION;;TRANSLATOR_ECLIPSE_CHARCOAL;XIRECS;9546.0;3
42900;SUBMISSION;;TRANSLATOR_GRAPHITE_MIST;XIRECS;11334.0;3
42900;SUBMISSION;;TRANSLATOR_VOID_BLUE;XIRECS;10699.0;3
42900;SUBMISSION;;UV_VISOR_AMBER;XIRECS;7029.0;3
42900;SUBMISSION;;UV_VISOR_MAGENTA;XIRECS;11175.0;3
42900;SUBMISSION;;UV_VISOR_ORANGE;XIRECS;10302.0;3
42900;SUBMISSION;;UV_VISOR_RED;XIRECS;11336.0;3
42900;;;OXYGEN_SHAKE_CHOCOLATE;XIRECS;9117.0;3
42900;;;PANEL_1X4;XIRECS;8637.0;3
42900;;;PANEL_4X4;XIRECS;10596.0;3
42900;;;ROBOT_DISHES;XIRECS;10526.0;3
42900;;;ROBOT_LAUNDRY;XIRECS;9088.0;3
42900;;;ROBOT_MOPPING;XIRECS;11710.0;3
42900;;;TRANSLATOR_SPACE_GRAY;XIRECS;10181.0;3
42900;;;UV_VISOR_YELLOW;XIRECS;12205.0;3
43100;;SUBMISSION;PANEL_2X2;XIRECS;9094.0;4
43700;;SUBMISSION;MICROCHIP_RECTANGLE;XIRECS;7952.0;1
43700;;SUBMISSION;MICROCHIP_SQUARE;XIRECS;15910.0;1
43700;;SUBMISSION;MICROCHIP_TRIANGLE;XIRECS;9225.0;1
43700;;;MICROCHIP_CIRCLE;XIRECS;8615.0;1
43700;;;MICROCHIP_OVAL;XIRECS;7509.0;1
44500;;SUBMISSION;MICROCHIP_CIRCLE;XIRECS;8639.0;3
45000;;SUBMISSION;ROBOT_VACUUMING;XIRECS;8745.0;4
45100;;SUBMISSION;PANEL_4X4;XIRECS;10627.0;4
45300;SUBMISSION;;PEBBLES_M;XIRECS;10944.0;2
45300;SUBMISSION;;PEBBLES_S;XIRECS;8771.0;2
45300;SUBMISSION;;PEBBLES_XL;XIRECS;12458.0;2
45300;SUBMISSION;;PEBBLES_XS;XIRECS;7034.0;2
45300;;;PEBBLES_L;XIRECS;10777.0;2
45700;;SUBMISSION;GALAXY_SOUNDS_DARK_MATTER;XIRECS;10878.0;2
45700;;SUBMISSION;GALAXY_SOUNDS_SOLAR_FLAMES;XIRECS;10599.0;2
45700;;SUBMISSION;GALAXY_SOUNDS_SOLAR_WINDS;XIRECS;10513.0;2
45700;SUBMISSION;;MICROCHIP_CIRCLE;XIRECS;8620.0;3
45700;;SUBMISSION;OXYGEN_SHAKE_EVENING_BREATH;XIRECS;9390.0;2
45700;;SUBMISSION;PANEL_2X4;XIRECS;11029.0;2
45700;;SUBMISSION;SLEEP_POD_SUEDE;XIRECS;12293.0;2
45700;;SUBMISSION;SNACKPACK_CHOCOLATE;XIRECS;9821.0;2
45700;;SUBMISSION;TRANSLATOR_VOID_BLUE;XIRECS;10715.0;2
45700;;SUBMISSION;UV_VISOR_AMBER;XIRECS;7019.0;2
45700;;SUBMISSION;UV_VISOR_ORANGE;XIRECS;10325.0;2
45800;SUBMISSION;;PANEL_1X4;XIRECS;8607.0;4
45800;SUBMISSION;;PANEL_2X2;XIRECS;9120.0;4
46300;;SUBMISSION;MICROCHIP_RECTANGLE;XIRECS;8019.0;3
46700;;SUBMISSION;PANEL_1X4;XIRECS;8615.0;4
46900;;SUBMISSION;PEBBLES_XS;XIRECS;7129.0;4
47100;;SUBMISSION;PEBBLES_L;XIRECS;10840.0;2
47100;;SUBMISSION;PEBBLES_M;XIRECS;10967.0;2
47100;;SUBMISSION;PEBBLES_S;XIRECS;8772.0;2
47100;;SUBMISSION;PEBBLES_XL;XIRECS;12316.0;2
47100;;;PEBBLES_XS;XIRECS;7114.0;2
47200;;SUBMISSION;SLEEP_POD_NYLON;XIRECS;9751.0;4
47500;;SUBMISSION;PANEL_2X2;XIRECS;9143.0;4
47800;SUBMISSION;;ROBOT_VACUUMING;XIRECS;8750.0;4
49800;SUBMISSION;;PEBBLES_XS;XIRECS;7034.0;4
50500;SUBMISSION;;PANEL_2X2;XIRECS;9107.0;4
50800;;SUBMISSION;SLEEP_POD_LAMB_WOOL;XIRECS;10684.0;4
52400;;SUBMISSION;ROBOT_VACUUMING;XIRECS;8701.0;4
52800;;SUBMISSION;OXYGEN_SHAKE_MINT;XIRECS;9723.0;4
52800;;SUBMISSION;OXYGEN_SHAKE_MORNING_BREATH;XIRECS;9706.0;4
52800;;SUBMISSION;PANEL_1X2;XIRECS;8808.0;4
52800;;SUBMISSION;SNACKPACK_STRAWBERRY;XIRECS;10886.0;5
52800;;SUBMISSION;UV_VISOR_ORANGE;XIRECS;10378.0;4
53300;;SUBMISSION;MICROCHIP_CIRCLE;XIRECS;8620.0;3
53300;;;MICROCHIP_OVAL;XIRECS;7473.0;3
53300;;;MICROCHIP_RECTANGLE;XIRECS;7846.0;3
53300;;;MICROCHIP_SQUARE;XIRECS;15647.0;3
53300;;;MICROCHIP_TRIANGLE;XIRECS;9377.0;3
53500;SUBMISSION;;GALAXY_SOUNDS_PLANETARY_RINGS;XIRECS;11107.0;2
53500;SUBMISSION;;GALAXY_SOUNDS_SOLAR_FLAMES;XIRECS;10692.0;2
53500;SUBMISSION;;GALAXY_SOUNDS_SOLAR_WINDS;XIRECS;10524.0;2
53500;SUBMISSION;;OXYGEN_SHAKE_EVENING_BREATH;XIRECS;9380.0;2
53500;SUBMISSION;;OXYGEN_SHAKE_MINT;XIRECS;9702.0;2
53500;SUBMISSION;;OXYGEN_SHAKE_MORNING_BREATH;XIRECS;9715.0;2
53500;SUBMISSION;;PANEL_1X2;XIRECS;8818.0;2
53500;SUBMISSION;;PANEL_2X2;XIRECS;9072.0;2
53500;SUBMISSION;;PANEL_2X4;XIRECS;11012.0;2
53500;SUBMISSION;;ROBOT_LAUNDRY;XIRECS;9048.0;2
53500;SUBMISSION;;ROBOT_VACUUMING;XIRECS;8700.0;2
53500;SUBMISSION;;SLEEP_POD_LAMB_WOOL;XIRECS;10601.0;2
53500;SUBMISSION;;SLEEP_POD_NYLON;XIRECS;9830.0;2
53500;SUBMISSION;;SLEEP_POD_POLYESTER;XIRECS;13031.0;2
53500;SUBMISSION;;SNACKPACK_CHOCOLATE;XIRECS;9692.0;2
53500;SUBMISSION;;SNACKPACK_PISTACHIO;XIRECS;9407.0;2
53500;SUBMISSION;;SNACKPACK_STRAWBERRY;XIRECS;10849.0;2
53500;SUBMISSION;;SNACKPACK_VANILLA;XIRECS;10176.0;2
53500;SUBMISSION;;TRANSLATOR_GRAPHITE_MIST;XIRECS;11470.0;2
53500;SUBMISSION;;UV_VISOR_AMBER;XIRECS;6870.0;2
53500;SUBMISSION;;UV_VISOR_ORANGE;XIRECS;10395.0;2
53500;SUBMISSION;;UV_VISOR_RED;XIRECS;11415.0;2
53500;;;GALAXY_SOUNDS_BLACK_HOLES;XIRECS;11811.0;2
53500;;;GALAXY_SOUNDS_DARK_MATTER;XIRECS;10987.0;2
53500;;;OXYGEN_SHAKE_CHOCOLATE;XIRECS;9090.0;2
53500;;;OXYGEN_SHAKE_GARLIC;XIRECS;11739.0;2
53500;;;PANEL_1X4;XIRECS;8628.0;2
53500;;;PANEL_4X4;XIRECS;10686.0;2
53500;;;ROBOT_DISHES;XIRECS;10359.0;2
53500;;;ROBOT_IRONING;XIRECS;7867.0;2
53500;;;ROBOT_MOPPING;XIRECS;11700.0;2
53500;;;SLEEP_POD_COTTON;XIRECS;12446.0;2
53500;;;SLEEP_POD_SUEDE;XIRECS;12312.0;2
53500;;;SNACKPACK_RASPBERRY;XIRECS;10068.0;2
53500;;;TRANSLATOR_ASTRO_BLACK;XIRECS;9376.0;2
53500;;;TRANSLATOR_ECLIPSE_CHARCOAL;XIRECS;9642.0;2
53500;;;TRANSLATOR_SPACE_GRAY;XIRECS;10017.0;2
53500;;;TRANSLATOR_VOID_BLUE;XIRECS;10718.0;2
53500;;;UV_VISOR_MAGENTA;XIRECS;11228.0;2
53500;;;UV_VISOR_YELLOW;XIRECS;12286.0;2
53700;SUBMISSION;;MICROCHIP_CIRCLE;XIRECS;8602.0;4
53700;SUBMISSION;;MICROCHIP_TRIANGLE;XIRECS;9350.0;4
55800;;SUBMISSION;GALAXY_SOUNDS_SOLAR_WINDS;XIRECS;10562.0;4
56500;;SUBMISSION;PANEL_2X2;XIRECS;9038.0;4
56600;;SUBMISSION;ROBOT_VACUUMING;XIRECS;8754.0;4
57000;SUBMISSION;;MICROCHIP_RECTANGLE;XIRECS;7789.0;4
57800;SUBMISSION;;GALAXY_SOUNDS_DARK_MATTER;XIRECS;10991.0;1
57800;SUBMISSION;;OXYGEN_SHAKE_MINT;XIRECS;9744.0;1
57800;SUBMISSION;;PANEL_1X2;XIRECS;8776.0;1
57800;SUBMISSION;;PANEL_2X2;XIRECS;9016.0;1
57800;SUBMISSION;;PANEL_2X4;XIRECS;10951.0;1
57800;SUBMISSION;;PANEL_4X4;XIRECS;10648.0;1
57800;SUBMISSION;;ROBOT_IRONING;XIRECS;7840.0;1
57800;SUBMISSION;;ROBOT_MOPPING;XIRECS;11636.0;1
57800;SUBMISSION;;ROBOT_VACUUMING;XIRECS;8817.0;1
57800;SUBMISSION;;SLEEP_POD_COTTON;XIRECS;12504.0;1
57800;SUBMISSION;;SLEEP_POD_LAMB_WOOL;XIRECS;10507.0;1
57800;SUBMISSION;;SLEEP_POD_SUEDE;XIRECS;12383.0;1
57800;SUBMISSION;;SNACKPACK_CHOCOLATE;XIRECS;9664.0;1
57800;SUBMISSION;;SNACKPACK_STRAWBERRY;XIRECS;10879.0;1
57800;SUBMISSION;;TRANSLATOR_GRAPHITE_MIST;XIRECS;11397.0;1
57800;SUBMISSION;;TRANSLATOR_VOID_BLUE;XIRECS;10709.0;1
57800;SUBMISSION;;UV_VISOR_MAGENTA;XIRECS;11249.0;1
57800;SUBMISSION;;UV_VISOR_ORANGE;XIRECS;10405.0;1
57800;SUBMISSION;;UV_VISOR_RED;XIRECS;11262.0;1
57800;SUBMISSION;;UV_VISOR_YELLOW;XIRECS;12212.0;1
57800;;;GALAXY_SOUNDS_BLACK_HOLES;XIRECS;11901.0;1
57800;;;GALAXY_SOUNDS_PLANETARY_RINGS;XIRECS;10918.0;1
57800;;;GALAXY_SOUNDS_SOLAR_FLAMES;XIRECS;10663.0;1
57800;;;GALAXY_SOUNDS_SOLAR_WINDS;XIRECS;10557.0;1
57800;;;OXYGEN_SHAKE_CHOCOLATE;XIRECS;9048.0;1
57800;;;OXYGEN_SHAKE_EVENING_BREATH;XIRECS;9354.0;1
57800;;;OXYGEN_SHAKE_GARLIC;XIRECS;11660.0;1
57800;;;OXYGEN_SHAKE_MORNING_BREATH;XIRECS;9766.0;1
57800;;;PANEL_1X4;XIRECS;8649.0;1
57800;;;ROBOT_DISHES;XIRECS;10242.0;1
57800;;;ROBOT_LAUNDRY;XIRECS;9055.0;1
57800;;;SLEEP_POD_NYLON;XIRECS;9936.0;1
57800;;;SLEEP_POD_POLYESTER;XIRECS;13099.0;1
57800;;;SNACKPACK_PISTACHIO;XIRECS;9431.0;1
57800;;;SNACKPACK_RASPBERRY;XIRECS;10042.0;1
57800;;;SNACKPACK_VANILLA;XIRECS;10201.0;1
57800;;;TRANSLATOR_ASTRO_BLACK;XIRECS;9366.0;1
57800;;;TRANSLATOR_ECLIPSE_CHARCOAL;XIRECS;9749.0;1
57800;;;TRANSLATOR_SPACE_GRAY;XIRECS;10117.0;1
57800;;;UV_VISOR_AMBER;XIRECS;6810.0;1
57900;;SUBMISSION;MICROCHIP_CIRCLE;XIRECS;8581.0;3
57900;;SUBMISSION;MICROCHIP_RECTANGLE;XIRECS;7736.0;3
57900;;SUBMISSION;MICROCHIP_SQUARE;XIRECS;15830.0;1
57900;;SUBMISSION;MICROCHIP_TRIANGLE;XIRECS;9520.0;3
57900;;SUBMISSION;PEBBLES_L;XIRECS;10943.0;2
57900;;SUBMISSION;PEBBLES_M;XIRECS;11074.0;2
57900;;SUBMISSION;PEBBLES_S;XIRECS;8784.0;2
57900;;SUBMISSION;PEBBLES_XS;XIRECS;7007.0;4
57900;;;MICROCHIP_OVAL;XIRECS;7409.0;3
57900;;;PEBBLES_XL;XIRECS;12211.0;5
59300;;;PEBBLES_L;XIRECS;10928.0;4
59300;;;PEBBLES_M;XIRECS;11143.0;4
59300;;;PEBBLES_S;XIRECS;8746.0;4
59300;;;PEBBLES_XL;XIRECS;12134.0;4
59300;;;PEBBLES_XS;XIRECS;7082.0;4
59400;SUBMISSION;;PEBBLES_L;XIRECS;10904.0;4
59400;SUBMISSION;;PEBBLES_M;XIRECS;11138.0;4
59400;SUBMISSION;;PEBBLES_S;XIRECS;8746.0;4
59400;SUBMISSION;;PEBBLES_XL;XIRECS;12142.0;3
59400;SUBMISSION;;PEBBLES_XS;XIRECS;7065.0;4
59900;;SUBMISSION;GALAXY_SOUNDS_BLACK_HOLES;XIRECS;11857.0;3
59900;;SUBMISSION;GALAXY_SOUNDS_PLANETARY_RINGS;XIRECS;10988.0;3
59900;;SUBMISSION;GALAXY_SOUNDS_SOLAR_FLAMES;XIRECS;10682.0;3
59900;;SUBMISSION;PANEL_2X4;XIRECS;10945.0;3
59900;;SUBMISSION;SLEEP_POD_LAMB_WOOL;XIRECS;10532.0;3
59900;;SUBMISSION;SNACKPACK_CHOCOLATE;XIRECS;9663.0;3
59900;;SUBMISSION;SNACKPACK_VANILLA;XIRECS;10211.0;3
59900;;SUBMISSION;UV_VISOR_AMBER;XIRECS;6857.0;3
59900;;SUBMISSION;UV_VISOR_MAGENTA;XIRECS;11310.0;3
59900;;SUBMISSION;UV_VISOR_RED;XIRECS;11276.0;3
60200;SUBMISSION;;GALAXY_SOUNDS_BLACK_HOLES;XIRECS;11875.0;3
60200;SUBMISSION;;GALAXY_SOUNDS_PLANETARY_RINGS;XIRECS;10986.0;3
60200;SUBMISSION;;GALAXY_SOUNDS_SOLAR_FLAMES;XIRECS;10700.0;3
60200;SUBMISSION;;GALAXY_SOUNDS_SOLAR_WINDS;XIRECS;10559.0;3
60200;SUBMISSION;;OXYGEN_SHAKE_EVENING_BREATH;XIRECS;9325.0;3
60200;SUBMISSION;;OXYGEN_SHAKE_MINT;XIRECS;9696.0;3
60200;SUBMISSION;;OXYGEN_SHAKE_MORNING_BREATH;XIRECS;9735.0;3
60200;SUBMISSION;;PANEL_1X4;XIRECS;8638.0;3
60200;SUBMISSION;;PANEL_2X2;XIRECS;8966.0;3
60200;SUBMISSION;;PANEL_2X4;XIRECS;10916.0;3
60200;SUBMISSION;;ROBOT_VACUUMING;XIRECS;8879.0;3
60200;SUBMISSION;;SLEEP_POD_COTTON;XIRECS;12493.0;1
60200;SUBMISSION;;SLEEP_POD_LAMB_WOOL;XIRECS;10515.0;3
60200;SUBMISSION;;SNACKPACK_CHOCOLATE;XIRECS;9655.0;3
60200;SUBMISSION;;SNACKPACK_RASPBERRY;XIRECS;10028.0;3
60200;SUBMISSION;;SNACKPACK_STRAWBERRY;XIRECS;10891.0;3
60200;SUBMISSION;;SNACKPACK_VANILLA;XIRECS;10211.0;3
60200;SUBMISSION;;TRANSLATOR_SPACE_GRAY;XIRECS;9992.0;3
60200;SUBMISSION;;TRANSLATOR_VOID_BLUE;XIRECS;10656.0;1
60200;SUBMISSION;;UV_VISOR_AMBER;XIRECS;6844.0;3
60200;SUBMISSION;;UV_VISOR_MAGENTA;XIRECS;11293.0;3
60200;SUBMISSION;;UV_VISOR_ORANGE;XIRECS;10390.0;3
60200;SUBMISSION;;UV_VISOR_RED;XIRECS;11269.0;3
60200;SUBMISSION;;UV_VISOR_YELLOW;XIRECS;12186.0;3
60200;;;GALAXY_SOUNDS_DARK_MATTER;XIRECS;11025.0;3
60200;;;OXYGEN_SHAKE_CHOCOLATE;XIRECS;9050.0;3
60200;;;OXYGEN_SHAKE_GARLIC;XIRECS;11637.0;3
60200;;;PANEL_1X2;XIRECS;8822.0;3
60200;;;PANEL_4X4;XIRECS;10819.0;3
60200;;;ROBOT_DISHES;XIRECS;10190.0;3
60200;;;ROBOT_IRONING;XIRECS;7827.0;3
60200;;;ROBOT_LAUNDRY;XIRECS;9022.0;3
60200;;;ROBOT_MOPPING;XIRECS;11670.0;3
60200;;;SLEEP_POD_NYLON;XIRECS;9950.0;3
60200;;;SLEEP_POD_POLYESTER;XIRECS;13218.0;3
60200;;;SLEEP_POD_SUEDE;XIRECS;12408.0;3
60200;;;SNACKPACK_PISTACHIO;XIRECS;9451.0;3
60200;;;TRANSLATOR_ASTRO_BLACK;XIRECS;9376.0;3
60200;;;TRANSLATOR_ECLIPSE_CHARCOAL;XIRECS;9789.0;3
60200;;;TRANSLATOR_GRAPHITE_MIST;XIRECS;11381.0;3
60500;;SUBMISSION;OXYGEN_SHAKE_EVENING_BREATH;XIRECS;9354.0;4
60900;;;MICROCHIP_CIRCLE;XIRECS;8589.0;2
60900;;;MICROCHIP_OVAL;XIRECS;7314.0;2
60900;;;MICROCHIP_RECTANGLE;XIRECS;7638.0;2
60900;;;MICROCHIP_SQUARE;XIRECS;15875.0;2
60900;;;MICROCHIP_TRIANGLE;XIRECS;9507.0;2
61000;;SUBMISSION;PANEL_2X2;XIRECS;8981.0;4
61600;SUBMISSION;;MICROCHIP_CIRCLE;XIRECS;8560.0;4
61600;;SUBMISSION;ROBOT_MOPPING;XIRECS;11694.0;4
62100;SUBMISSION;;MICROCHIP_TRIANGLE;XIRECS;9446.0;2
62500;;SUBMISSION;MICROCHIP_CIRCLE;XIRECS;8574.0;4
63100;;;MICROCHIP_CIRCLE;XIRECS;8580.0;3
63100;;;MICROCHIP_OVAL;XIRECS;7241.0;3
63100;;;MICROCHIP_RECTANGLE;XIRECS;7636.0;3
63100;;;MICROCHIP_SQUARE;XIRECS;15794.0;3
63100;;;MICROCHIP_TRIANGLE;XIRECS;9466.0;3
63500;SUBMISSION;;GALAXY_SOUNDS_BLACK_HOLES;XIRECS;11787.0;2
63500;SUBMISSION;;GALAXY_SOUNDS_DARK_MATTER;XIRECS;10935.0;2
63500;SUBMISSION;;GALAXY_SOUNDS_SOLAR_WINDS;XIRECS;10519.0;2
63500;SUBMISSION;;OXYGEN_SHAKE_EVENING_BREATH;XIRECS;9365.0;2
63500;SUBMISSION;;PANEL_1X2;XIRECS;8785.0;2
63500;SUBMISSION;;PANEL_1X4;XIRECS;8541.0;2
63500;SUBMISSION;;PANEL_2X2;XIRECS;8954.0;2
63500;SUBMISSION;;PANEL_4X4;XIRECS;10846.0;2
63500;SUBMISSION;;ROBOT_MOPPING;XIRECS;11688.0;2
63500;SUBMISSION;;ROBOT_VACUUMING;XIRECS;8819.0;2
63500;SUBMISSION;;SLEEP_POD_NYLON;XIRECS;9939.0;2
63500;SUBMISSION;;SLEEP_POD_POLYESTER;XIRECS;13134.0;1
63500;SUBMISSION;;SLEEP_POD_SUEDE;XIRECS;12418.0;1
63500;SUBMISSION;;SNACKPACK_VANILLA;XIRECS;10178.0;2
63500;;;GALAXY_SOUNDS_PLANETARY_RINGS;XIRECS;10871.0;2
63500;;;GALAXY_SOUNDS_SOLAR_FLAMES;XIRECS;10701.0;2
63500;;;OXYGEN_SHAKE_CHOCOLATE;XIRECS;9026.0;2
63500;;;OXYGEN_SHAKE_GARLIC;XIRECS;11674.0;2
63500;;;OXYGEN_SHAKE_MINT;XIRECS;9617.0;2
63500;;;OXYGEN_SHAKE_MORNING_BREATH;XIRECS;9696.0;2
63500;;;PANEL_2X4;XIRECS;10968.0;2
63500;;;ROBOT_DISHES;XIRECS;10200.0;2
63500;;;ROBOT_IRONING;XIRECS;7837.0;2
63500;;;ROBOT_LAUNDRY;XIRECS;9059.0;2
63500;;;SLEEP_POD_COTTON;XIRECS;12398.0;2
63500;;;SLEEP_POD_LAMB_WOOL;XIRECS;10544.0;2
63500;;;SNACKPACK_CHOCOLATE;XIRECS;9680.0;2
63500;;;SNACKPACK_PISTACHIO;XIRECS;9428.0;2
63500;;;SNACKPACK_RASPBERRY;XIRECS;10045.0;2
63500;;;SNACKPACK_STRAWBERRY;XIRECS;10866.0;2
63500;;;TRANSLATOR_ASTRO_BLACK;XIRECS;9415.0;2
63500;;;TRANSLATOR_ECLIPSE_CHARCOAL;XIRECS;9822.0;2
63500;;;TRANSLATOR_GRAPHITE_MIST;XIRECS;11432.0;2
63500;;;TRANSLATOR_SPACE_GRAY;XIRECS;9907.0;2
63500;;;TRANSLATOR_VOID_BLUE;XIRECS;10593.0;2
63500;;;UV_VISOR_AMBER;XIRECS;6849.0;2
63500;;;UV_VISOR_MAGENTA;XIRECS;11324.0;2
63500;;;UV_VISOR_ORANGE;XIRECS;10359.0;2
63500;;;UV_VISOR_RED;XIRECS;11336.0;2
63500;;;UV_VISOR_YELLOW;XIRECS;12084.0;2
63700;;SUBMISSION;PEBBLES_XS;XIRECS;7203.0;4
63900;;SUBMISSION;PANEL_2X4;XIRECS;10992.0;4
64000;;SUBMISSION;PANEL_1X4;XIRECS;8534.0;4
64000;;SUBMISSION;ROBOT_IRONING;XIRECS;7867.0;4
64500;SUBMISSION;;MICROCHIP_SQUARE;XIRECS;15688.0;2
64500;;SUBMISSION;ROBOT_VACUUMING;XIRECS;8846.0;4
65000;;SUBMISSION;GALAXY_SOUNDS_BLACK_HOLES;XIRECS;11837.0;4
65000;;SUBMISSION;GALAXY_SOUNDS_DARK_MATTER;XIRECS;10898.0;4
65000;;SUBMISSION;GALAXY_SOUNDS_PLANETARY_RINGS;XIRECS;10804.0;4
65000;;SUBMISSION;GALAXY_SOUNDS_SOLAR_FLAMES;XIRECS;10772.0;4
65000;;SUBMISSION;GALAXY_SOUNDS_SOLAR_WINDS;XIRECS;10508.0;4
65000;;SUBMISSION;OXYGEN_SHAKE_EVENING_BREATH;XIRECS;9396.0;4
65000;;SUBMISSION;OXYGEN_SHAKE_GARLIC;XIRECS;11724.0;4
65000;;SUBMISSION;OXYGEN_SHAKE_MINT;XIRECS;9593.0;4
65000;;SUBMISSION;OXYGEN_SHAKE_MORNING_BREATH;XIRECS;9648.0;4
65000;;SUBMISSION;PANEL_1X2;XIRECS;8823.0;4
65000;;SUBMISSION;PANEL_2X2;XIRECS;8923.0;4
65000;;SUBMISSION;PANEL_4X4;XIRECS;10877.0;4
65000;SUBMISSION;;ROBOT_IRONING;XIRECS;7833.0;4
65000;;SUBMISSION;ROBOT_LAUNDRY;XIRECS;9016.0;4
65000;;SUBMISSION;ROBOT_MOPPING;XIRECS;11679.0;2
65000;;SUBMISSION;SLEEP_POD_COTTON;XIRECS;12417.0;4
65000;;SUBMISSION;SLEEP_POD_LAMB_WOOL;XIRECS;10511.0;4
65000;;SUBMISSION;SLEEP_POD_NYLON;XIRECS;9950.0;4
65000;;SUBMISSION;SLEEP_POD_POLYESTER;XIRECS;13092.0;4
65000;;SUBMISSION;SLEEP_POD_SUEDE;XIRECS;12468.0;4
65000;;SUBMISSION;SNACKPACK_CHOCOLATE;XIRECS;9681.0;4
65000;;SUBMISSION;SNACKPACK_PISTACHIO;XIRECS;9400.0;4
65000;;SUBMISSION;SNACKPACK_RASPBERRY;XIRECS;10125.0;4
65000;;SUBMISSION;SNACKPACK_STRAWBERRY;XIRECS;10808.0;4
65000;;SUBMISSION;SNACKPACK_VANILLA;XIRECS;10188.0;4
65000;;SUBMISSION;TRANSLATOR_ASTRO_BLACK;XIRECS;9448.0;4
65000;;SUBMISSION;TRANSLATOR_ECLIPSE_CHARCOAL;XIRECS;9818.0;4
65000;;SUBMISSION;TRANSLATOR_GRAPHITE_MIST;XIRECS;11414.0;4
65000;;SUBMISSION;TRANSLATOR_SPACE_GRAY;XIRECS;9855.0;4
65000;;SUBMISSION;TRANSLATOR_VOID_BLUE;XIRECS;10600.0;4
65000;;SUBMISSION;UV_VISOR_AMBER;XIRECS;6852.0;4
65000;;SUBMISSION;UV_VISOR_MAGENTA;XIRECS;11269.0;4
65000;;SUBMISSION;UV_VISOR_ORANGE;XIRECS;10461.0;4
65000;;SUBMISSION;UV_VISOR_RED;XIRECS;11397.0;4
65000;;SUBMISSION;UV_VISOR_YELLOW;XIRECS;12065.0;3
65000;;;OXYGEN_SHAKE_CHOCOLATE;XIRECS;9068.0;4
65000;;;PANEL_1X4;XIRECS;8531.0;4
65000;;;PANEL_2X4;XIRECS;10965.0;4
65000;;;ROBOT_DISHES;XIRECS;10193.0;4
65000;;;ROBOT_IRONING;XIRECS;7833.0;2
65000;;;ROBOT_VACUUMING;XIRECS;8875.0;4
65100;SUBMISSION;;PEBBLES_XS;XIRECS;7148.0;4
65300;SUBMISSION;;PANEL_2X2;XIRECS;8930.0;4
65300;SUBMISSION;;UV_VISOR_AMBER;XIRECS;6840.0;4
65600;SUBMISSION;;SLEEP_POD_LAMB_WOOL;XIRECS;10467.0;4
66300;SUBMISSION;;TRANSLATOR_GRAPHITE_MIST;XIRECS;11390.0;2
67500;SUBMISSION;;GALAXY_SOUNDS_SOLAR_FLAMES;XIRECS;10691.0;4
67500;SUBMISSION;;OXYGEN_SHAKE_GARLIC;XIRECS;11698.0;4
67500;SUBMISSION;;ROBOT_MOPPING;XIRECS;11680.0;4
67500;SUBMISSION;;SLEEP_POD_POLYESTER;XIRECS;13052.0;4
67500;SUBMISSION;;UV_VISOR_MAGENTA;XIRECS;11215.0;4
67500;SUBMISSION;;UV_VISOR_ORANGE;XIRECS;10458.0;4
67900;;SUBMISSION;MICROCHIP_RECTANGLE;XIRECS;7669.0;2
67900;;SUBMISSION;MICROCHIP_SQUARE;XIRECS;15918.0;2
67900;;SUBMISSION;MICROCHIP_TRIANGLE;XIRECS;9413.0;2
67900;;;MICROCHIP_CIRCLE;XIRECS;8571.0;2
67900;;;MICROCHIP_OVAL;XIRECS;7230.0;2
68600;SUBMISSION;;MICROCHIP_CIRCLE;XIRECS;8514.0;4
69400;;SUBMISSION;PANEL_2X2;XIRECS;8951.0;4
69600;SUBMISSION;;GALAXY_SOUNDS_DARK_MATTER;XIRECS;10892.0;4
69600;SUBMISSION;;PANEL_1X2;XIRECS;8772.0;4
69600;SUBMISSION;;PANEL_4X4;XIRECS;10929.0;4
69600;;SUBMISSION;ROBOT_MOPPING;XIRECS;11723.0;4
69600;SUBMISSION;;SLEEP_POD_NYLON;XIRECS;9850.0;4
69600;SUBMISSION;;SLEEP_POD_SUEDE;XIRECS;12409.0;4
70400;SUBMISSION;;MICROCHIP_TRIANGLE;XIRECS;9297.0;2
71300;;SUBMISSION;PEBBLES_L;XIRECS;10989.0;4
71300;;SUBMISSION;PEBBLES_M;XIRECS;11188.0;4
71600;SUBMISSION;;ROBOT_VACUUMING;XIRECS;8882.0;4
71700;SUBMISSION;;OXYGEN_SHAKE_MORNING_BREATH;XIRECS;9656.0;4
71700;SUBMISSION;;PANEL_2X2;XIRECS;8949.0;4
71700;SUBMISSION;;PANEL_2X4;XIRECS;10834.0;4
71700;SUBMISSION;;SLEEP_POD_COTTON;XIRECS;12456.0;4
71700;SUBMISSION;;TRANSLATOR_VOID_BLUE;XIRECS;10598.0;4
71700;;SUBMISSION;UV_VISOR_AMBER;XIRECS;6864.0;4
71700;SUBMISSION;;UV_VISOR_RED;XIRECS;11439.0;4
72000;SUBMISSION;;GALAXY_SOUNDS_BLACK_HOLES;XIRECS;11891.0;4
72000;SUBMISSION;;GALAXY_SOUNDS_PLANETARY_RINGS;XIRECS;10874.0;4
72000;SUBMISSION;;GALAXY_SOUNDS_SOLAR_WINDS;XIRECS;10490.0;4
72000;SUBMISSION;;OXYGEN_SHAKE_EVENING_BREATH;XIRECS;9526.0;4
72000;SUBMISSION;;PANEL_2X2;XIRECS;8934.0;4
72000;SUBMISSION;;PANEL_4X4;XIRECS;10811.0;1
72000;SUBMISSION;;ROBOT_MOPPING;XIRECS;11760.0;4
72000;SUBMISSION;;SLEEP_POD_LAMB_WOOL;XIRECS;10268.0;4
72000;SUBMISSION;;SNACKPACK_CHOCOLATE;XIRECS;9764.0;4
72000;SUBMISSION;;SNACKPACK_PISTACHIO;XIRECS;9364.0;4
72000;SUBMISSION;;SNACKPACK_RASPBERRY;XIRECS;10128.0;4
72000;SUBMISSION;;SNACKPACK_STRAWBERRY;XIRECS;10776.0;4
72000;SUBMISSION;;SNACKPACK_VANILLA;XIRECS;10096.0;4
72000;SUBMISSION;;TRANSLATOR_ASTRO_BLACK;XIRECS;9495.0;4
72000;SUBMISSION;;TRANSLATOR_ECLIPSE_CHARCOAL;XIRECS;9844.0;4
72000;SUBMISSION;;TRANSLATOR_GRAPHITE_MIST;XIRECS;11213.0;2
72000;SUBMISSION;;TRANSLATOR_SPACE_GRAY;XIRECS;9801.0;4
72000;SUBMISSION;;UV_VISOR_AMBER;XIRECS;6861.0;4
72000;;;GALAXY_SOUNDS_DARK_MATTER;XIRECS;10871.0;4
72000;;;GALAXY_SOUNDS_SOLAR_FLAMES;XIRECS;10644.0;4
72000;;;OXYGEN_SHAKE_CHOCOLATE;XIRECS;9051.0;4
72000;;;OXYGEN_SHAKE_GARLIC;XIRECS;11713.0;4
72000;;;OXYGEN_SHAKE_MINT;XIRECS;9570.0;4
72000;;;OXYGEN_SHAKE_MORNING_BREATH;XIRECS;9671.0;4
72000;;;PANEL_1X2;XIRECS;8706.0;4
72000;;;PANEL_1X4;XIRECS;8424.0;4
72000;;;PANEL_2X4;XIRECS;10813.0;4
72000;;;ROBOT_DISHES;XIRECS;10308.0;4
72000;;;ROBOT_IRONING;XIRECS;7867.0;4
72000;;;ROBOT_LAUNDRY;XIRECS;9074.0;4
72000;;;ROBOT_VACUUMING;XIRECS;8890.0;4
72000;;;SLEEP_POD_COTTON;XIRECS;12481.0;4
72000;;;SLEEP_POD_NYLON;XIRECS;9822.0;4
72000;;;SLEEP_POD_POLYESTER;XIRECS;12910.0;4
72000;;;SLEEP_POD_SUEDE;XIRECS;12401.0;4
72000;;;TRANSLATOR_VOID_BLUE;XIRECS;10590.0;4
72000;;;UV_VISOR_MAGENTA;XIRECS;11146.0;4
72000;;;UV_VISOR_ORANGE;XIRECS;10633.0;4
72000;;;UV_VISOR_RED;XIRECS;11440.0;4
72000;;;UV_VISOR_YELLOW;XIRECS;12072.0;4
72100;;SUBMISSION;PANEL_2X2;XIRECS;8937.0;4
72100;;SUBMISSION;SLEEP_POD_LAMB_WOOL;XIRECS;10289.0;4
72500;;SUBMISSION;PEBBLES_S;XIRECS;8611.0;4
72500;;SUBMISSION;PEBBLES_XL;XIRECS;12374.0;4
72500;;SUBMISSION;PEBBLES_XS;XIRECS;6987.0;4
72500;;;PEBBLES_L;XIRECS;10906.0;4
72500;;;PEBBLES_M;XIRECS;11135.0;4
72600;;SUBMISSION;PANEL_1X4;XIRECS;8460.0;3
72600;;SUBMISSION;ROBOT_IRONING;XIRECS;7887.0;4
72600;;SUBMISSION;TRANSLATOR_VOID_BLUE;XIRECS;10636.0;4
72600;;SUBMISSION;UV_VISOR_AMBER;XIRECS;6886.0;4
73100;SUBMISSION;;MICROCHIP_RECTANGLE;XIRECS;7664.0;4
73100;SUBMISSION;;MICROCHIP_SQUARE;XIRECS;15856.0;3
73100;SUBMISSION;;MICROCHIP_TRIANGLE;XIRECS;9346.0;2
73100;;;MICROCHIP_CIRCLE;XIRECS;8486.0;3
73100;;;MICROCHIP_OVAL;XIRECS;7150.0;3
73100;;;MICROCHIP_RECTANGLE;XIRECS;7657.0;3
73400;;SUBMISSION;TRANSLATOR_SPACE_GRAY;XIRECS;9807.0;4
73500;SUBMISSION;;ROBOT_IRONING;XIRECS;7853.0;4
73600;;SUBMISSION;GALAXY_SOUNDS_BLACK_HOLES;XIRECS;11961.0;2
73600;;SUBMISSION;GALAXY_SOUNDS_DARK_MATTER;XIRECS;10797.0;2
73600;;SUBMISSION;GALAXY_SOUNDS_PLANETARY_RINGS;XIRECS;10885.0;2
73600;;SUBMISSION;GALAXY_SOUNDS_SOLAR_FLAMES;XIRECS;10722.0;2
73600;;SUBMISSION;GALAXY_SOUNDS_SOLAR_WINDS;XIRECS;10444.0;2
73600;;SUBMISSION;OXYGEN_SHAKE_EVENING_BREATH;XIRECS;9480.0;2
73600;;SUBMISSION;OXYGEN_SHAKE_GARLIC;XIRECS;11701.0;2
73600;;SUBMISSION;OXYGEN_SHAKE_MINT;XIRECS;9625.0;2
73600;;SUBMISSION;OXYGEN_SHAKE_MORNING_BREATH;XIRECS;9616.0;2
73600;;SUBMISSION;PANEL_1X2;XIRECS;8683.0;2
73600;;SUBMISSION;PANEL_2X2;XIRECS;8876.0;2
73600;;SUBMISSION;PANEL_2X4;XIRECS;10831.0;2
73600;;SUBMISSION;PANEL_4X4;XIRECS;10826.0;2
73600;SUBMISSION;;PEBBLES_L;XIRECS;10863.0;4
73600;SUBMISSION;;PEBBLES_XL;XIRECS;12199.0;4
73600;;SUBMISSION;ROBOT_LAUNDRY;XIRECS;9102.0;2
73600;;SUBMISSION;ROBOT_MOPPING;XIRECS;11759.0;2
73600;;SUBMISSION;ROBOT_VACUUMING;XIRECS;8865.0;2
73600;;SUBMISSION;SLEEP_POD_COTTON;XIRECS;12530.0;2
73600;;SUBMISSION;SLEEP_POD_LAMB_WOOL;XIRECS;10329.0;2
73600;;SUBMISSION;SLEEP_POD_NYLON;XIRECS;9834.0;2
73600;;SUBMISSION;SLEEP_POD_POLYESTER;XIRECS;12865.0;2
73600;;SUBMISSION;SLEEP_POD_SUEDE;XIRECS;12472.0;2
73600;;SUBMISSION;SNACKPACK_CHOCOLATE;XIRECS;9732.0;2
73600;;SUBMISSION;SNACKPACK_PISTACHIO;XIRECS;9339.0;2
73600;;SUBMISSION;SNACKPACK_RASPBERRY;XIRECS;10162.0;2
73600;;SUBMISSION;SNACKPACK_STRAWBERRY;XIRECS;10752.0;2
73600;;SUBMISSION;SNACKPACK_VANILLA;XIRECS;10143.0;2
73600;;SUBMISSION;TRANSLATOR_ASTRO_BLACK;XIRECS;9478.0;2
73600;;SUBMISSION;TRANSLATOR_ECLIPSE_CHARCOAL;XIRECS;9818.0;2
73600;;SUBMISSION;TRANSLATOR_GRAPHITE_MIST;XIRECS;11241.0;2
73600;;SUBMISSION;TRANSLATOR_SPACE_GRAY;XIRECS;9803.0;2
73600;;SUBMISSION;TRANSLATOR_VOID_BLUE;XIRECS;10649.0;2
73600;;SUBMISSION;UV_VISOR_MAGENTA;XIRECS;11072.0;2
73600;;SUBMISSION;UV_VISOR_ORANGE;XIRECS;10624.0;2
73600;;SUBMISSION;UV_VISOR_RED;XIRECS;11435.0;2
73600;;SUBMISSION;UV_VISOR_YELLOW;XIRECS;12126.0;2
73600;;;OXYGEN_SHAKE_CHOCOLATE;XIRECS;9083.0;2
73600;;;PANEL_1X4;XIRECS;8477.0;2
73600;;;ROBOT_DISHES;XIRECS;10319.0;2
73600;;;ROBOT_IRONING;XIRECS;7863.0;2
73600;;;UV_VISOR_AMBER;XIRECS;6928.0;2
74600;;SUBMISSION;MICROCHIP_CIRCLE;XIRECS;8507.0;4
75100;SUBMISSION;;TRANSLATOR_SPACE_GRAY;XIRECS;9709.0;4
75300;SUBMISSION;;GALAXY_SOUNDS_DARK_MATTER;XIRECS;10774.0;1
75300;SUBMISSION;;GALAXY_SOUNDS_SOLAR_FLAMES;XIRECS;10627.0;1
75300;SUBMISSION;;OXYGEN_SHAKE_MINT;XIRECS;9591.0;1
75300;SUBMISSION;;PANEL_1X2;XIRECS;8656.0;1
75300;SUBMISSION;;PANEL_1X4;XIRECS;8445.0;1
75300;SUBMISSION;;PANEL_2X2;XIRECS;8876.0;1
75300;SUBMISSION;;PANEL_4X4;XIRECS;10776.0;1
75300;SUBMISSION;;ROBOT_LAUNDRY;XIRECS;9059.0;1
75300;SUBMISSION;;ROBOT_MOPPING;XIRECS;11757.0;1
75300;SUBMISSION;;ROBOT_VACUUMING;XIRECS;8860.0;1
75300;SUBMISSION;;SLEEP_POD_COTTON;XIRECS;12506.0;1
75300;SUBMISSION;;SLEEP_POD_POLYESTER;XIRECS;12766.0;1
75300;SUBMISSION;;SLEEP_POD_SUEDE;XIRECS;12421.0;1
75300;SUBMISSION;;SNACKPACK_PISTACHIO;XIRECS;9302.0;1
75300;SUBMISSION;;SNACKPACK_STRAWBERRY;XIRECS;10735.0;1
75300;SUBMISSION;;SNACKPACK_VANILLA;XIRECS;10099.0;1
75300;SUBMISSION;;TRANSLATOR_ASTRO_BLACK;XIRECS;9418.0;1
75300;SUBMISSION;;TRANSLATOR_ECLIPSE_CHARCOAL;XIRECS;9837.0;1
75300;SUBMISSION;;TRANSLATOR_GRAPHITE_MIST;XIRECS;11227.0;1
75300;SUBMISSION;;TRANSLATOR_VOID_BLUE;XIRECS;10668.0;1
75300;SUBMISSION;;UV_VISOR_AMBER;XIRECS;6944.0;1
75300;SUBMISSION;;UV_VISOR_ORANGE;XIRECS;10608.0;1
75300;SUBMISSION;;UV_VISOR_RED;XIRECS;11422.0;1
75300;SUBMISSION;;UV_VISOR_YELLOW;XIRECS;12093.0;1
75300;;;GALAXY_SOUNDS_BLACK_HOLES;XIRECS;11933.0;1
75300;;;GALAXY_SOUNDS_PLANETARY_RINGS;XIRECS;10925.0;1
75300;;;GALAXY_SOUNDS_SOLAR_WINDS;XIRECS;10471.0;1
75300;;;OXYGEN_SHAKE_CHOCOLATE;XIRECS;9071.0;1
75300;;;OXYGEN_SHAKE_EVENING_BREATH;XIRECS;9534.0;1
75300;;;OXYGEN_SHAKE_GARLIC;XIRECS;11855.0;1
75300;;;OXYGEN_SHAKE_MORNING_BREATH;XIRECS;9632.0;1
75300;;;PANEL_2X4;XIRECS;10823.0;1
75300;;;ROBOT_DISHES;XIRECS;10387.0;1
75300;;;ROBOT_IRONING;XIRECS;7847.0;1
75300;;;SLEEP_POD_LAMB_WOOL;XIRECS;10310.0;1
75300;;;SLEEP_POD_NYLON;XIRECS;9842.0;1
75300;;;SNACKPACK_CHOCOLATE;XIRECS;9758.0;1
75300;;;SNACKPACK_RASPBERRY;XIRECS;10175.0;1
75300;;;TRANSLATOR_SPACE_GRAY;XIRECS;9707.0;1
75300;;;UV_VISOR_MAGENTA;XIRECS;11167.0;1
76000;SUBMISSION;;PANEL_1X4;XIRECS;8432.0;2
76000;SUBMISSION;;TRANSLATOR_VOID_BLUE;XIRECS;10654.0;2
76500;;SUBMISSION;ROBOT_IRONING;XIRECS;7887.0;4
76600;;SUBMISSION;GALAXY_SOUNDS_SOLAR_WINDS;XIRECS;10497.0;4
76600;;SUBMISSION;SNACKPACK_STRAWBERRY;XIRECS;10794.0;4
76600;;SUBMISSION;SNACKPACK_VANILLA;XIRECS;10109.0;4
76600;;SUBMISSION;TRANSLATOR_GRAPHITE_MIST;XIRECS;11261.0;4
77100;;SUBMISSION;MICROCHIP_TRIANGLE;XIRECS;9434.0;4
77600;SUBMISSION;;TRANSLATOR_VOID_BLUE;XIRECS;10639.0;3
79200;SUBMISSION;;ROBOT_IRONING;XIRECS;7883.0;4
79300;;SUBMISSION;GALAXY_SOUNDS_BLACK_HOLES;XIRECS;11902.0;4
79300;;SUBMISSION;GALAXY_SOUNDS_DARK_MATTER;XIRECS;10934.0;4
79300;SUBMISSION;;MICROCHIP_CIRCLE;XIRECS;8498.0;3
79300;SUBMISSION;;MICROCHIP_OVAL;XIRECS;7131.0;3
79300;SUBMISSION;;MICROCHIP_TRIANGLE;XIRECS;9432.0;3
79300;;SUBMISSION;PANEL_1X2;XIRECS;8691.0;4
79300;;SUBMISSION;SNACKPACK_CHOCOLATE;XIRECS;9778.0;4
79300;;SUBMISSION;SNACKPACK_VANILLA;XIRECS;10109.0;4
79300;;SUBMISSION;TRANSLATOR_VOID_BLUE;XIRECS;10692.0;4
79300;;SUBMISSION;UV_VISOR_ORANGE;XIRECS;10690.0;4
79300;;SUBMISSION;UV_VISOR_RED;XIRECS;11511.0;4
79300;;;MICROCHIP_RECTANGLE;XIRECS;7590.0;3
79300;;;MICROCHIP_SQUARE;XIRECS;16126.0;3
79600;;SUBMISSION;SLEEP_POD_COTTON;XIRECS;12598.0;4
80000;SUBMISSION;;PEBBLES_XS;XIRECS;6781.0;4
80500;SUBMISSION;;TRANSLATOR_GRAPHITE_MIST;XIRECS;11264.0;4
81000;SUBMISSION;;PEBBLES_M;XIRECS;11148.0;3
81000;SUBMISSION;;PEBBLES_S;XIRECS;8631.0;3
81000;SUBMISSION;;PEBBLES_XS;XIRECS;6714.0;3
81000;;;PEBBLES_L;XIRECS;10935.0;3
81000;;;PEBBLES_XL;XIRECS;12550.0;3
81500;;SUBMISSION;MICROCHIP_OVAL;XIRECS;7134.0;3
81500;;SUBMISSION;MICROCHIP_SQUARE;XIRECS;16053.0;3
81500;;SUBMISSION;MICROCHIP_TRIANGLE;XIRECS;9434.0;3
81500;;;MICROCHIP_CIRCLE;XIRECS;8416.0;3
81500;;;MICROCHIP_RECTANGLE;XIRECS;7547.0;3
83000;;SUBMISSION;PEBBLES_XS;XIRECS;6747.0;4
83000;;SUBMISSION;SNACKPACK_CHOCOLATE;XIRECS;9840.0;4
83400;SUBMISSION;;GALAXY_SOUNDS_BLACK_HOLES;XIRECS;11902.0;3
83400;SUBMISSION;;GALAXY_SOUNDS_DARK_MATTER;XIRECS;10911.0;3
83400;SUBMISSION;;GALAXY_SOUNDS_PLANETARY_RINGS;XIRECS;10780.0;3
83400;SUBMISSION;;GALAXY_SOUNDS_SOLAR_FLAMES;XIRECS;10732.0;1
83400;SUBMISSION;;GALAXY_SOUNDS_SOLAR_WINDS;XIRECS;10591.0;3
83400;SUBMISSION;;OXYGEN_SHAKE_GARLIC;XIRECS;11925.0;2
83400;SUBMISSION;;OXYGEN_SHAKE_MINT;XIRECS;9629.0;3
83400;SUBMISSION;;OXYGEN_SHAKE_MORNING_BREATH;XIRECS;9449.0;3
83400;SUBMISSION;;PANEL_1X2;XIRECS;8623.0;3
83400;SUBMISSION;;PANEL_4X4;XIRECS;10801.0;1
83400;SUBMISSION;;ROBOT_IRONING;XIRECS;7908.0;1
83400;SUBMISSION;;ROBOT_LAUNDRY;XIRECS;8933.0;3
83400;SUBMISSION;;ROBOT_VACUUMING;XIRECS;8750.0;1
83400;SUBMISSION;;SLEEP_POD_COTTON;XIRECS;12836.0;3
83400;SUBMISSION;;SNACKPACK_CHOCOLATE;XIRECS;9826.0;3
83400;SUBMISSION;;SNACKPACK_STRAWBERRY;XIRECS;10796.0;3
83400;SUBMISSION;;SNACKPACK_VANILLA;XIRECS;10067.0;3
83400;SUBMISSION;;TRANSLATOR_ASTRO_BLACK;XIRECS;9434.0;1
83400;SUBMISSION;;TRANSLATOR_ECLIPSE_CHARCOAL;XIRECS;9824.0;1
83400;SUBMISSION;;TRANSLATOR_VOID_BLUE;XIRECS;10617.0;3
83400;SUBMISSION;;UV_VISOR_AMBER;XIRECS;6963.0;3
83400;SUBMISSION;;UV_VISOR_MAGENTA;XIRECS;11051.0;3
83400;SUBMISSION;;UV_VISOR_ORANGE;XIRECS;10754.0;3
83400;SUBMISSION;;UV_VISOR_RED;XIRECS;11513.0;3
83400;;;OXYGEN_SHAKE_CHOCOLATE;XIRECS;9070.0;3
83400;;;OXYGEN_SHAKE_EVENING_BREATH;XIRECS;9494.0;3
83400;;;PANEL_1X4;XIRECS;8435.0;3
83400;;;PANEL_2X2;XIRECS;8806.0;3
83400;;;PANEL_2X4;XIRECS;10858.0;3
83400;;;ROBOT_DISHES;XIRECS;10297.0;3
83400;;;ROBOT_MOPPING;XIRECS;11878.0;3
83400;;;SLEEP_POD_LAMB_WOOL;XIRECS;10357.0;3
83400;;;SLEEP_POD_NYLON;XIRECS;9863.0;3
83400;;;SLEEP_POD_POLYESTER;XIRECS;12845.0;3
83400;;;SLEEP_POD_SUEDE;XIRECS;12303.0;3
83400;;;SNACKPACK_PISTACHIO;XIRECS;9342.0;3
83400;;;SNACKPACK_RASPBERRY;XIRECS;10127.0;3
83400;;;TRANSLATOR_GRAPHITE_MIST;XIRECS;11291.0;3
83400;;;TRANSLATOR_SPACE_GRAY;XIRECS;9670.0;3
83400;;;UV_VISOR_YELLOW;XIRECS;12113.0;3
84600;;SUBMISSION;PANEL_1X4;XIRECS;8445.0;3
85300;;SUBMISSION;ROBOT_VACUUMING;XIRECS;8745.0;4
85400;SUBMISSION;;PEBBLES_L;XIRECS;10984.0;3
85400;SUBMISSION;;PEBBLES_M;XIRECS;10948.0;3
85400;SUBMISSION;;PEBBLES_S;XIRECS;8680.0;3
85400;SUBMISSION;;PEBBLES_XS;XIRECS;6675.0;3
85400;SUBMISSION;;ROBOT_VACUUMING;XIRECS;8734.0;4
85400;;;PEBBLES_XL;XIRECS;12689.0;3
86000;SUBMISSION;;GALAXY_SOUNDS_DARK_MATTER;XIRECS;10840.0;3
86000;SUBMISSION;;OXYGEN_SHAKE_EVENING_BREATH;XIRECS;9485.0;3
86000;SUBMISSION;;OXYGEN_SHAKE_MINT;XIRECS;9581.0;3
86000;SUBMISSION;;PANEL_1X2;XIRECS;8588.0;3
86000;SUBMISSION;;PANEL_1X4;XIRECS;8424.0;3
86000;SUBMISSION;;PANEL_2X2;XIRECS;8819.0;3
86000;SUBMISSION;;ROBOT_LAUNDRY;XIRECS;8862.0;3
86000;SUBMISSION;;SLEEP_POD_COTTON;XIRECS;12860.0;2
86000;SUBMISSION;;SLEEP_POD_POLYESTER;XIRECS;12795.0;1
86000;SUBMISSION;;SNACKPACK_CHOCOLATE;XIRECS;9841.0;3
86000;SUBMISSION;;SNACKPACK_PISTACHIO;XIRECS;9302.0;3
86000;SUBMISSION;;SNACKPACK_STRAWBERRY;XIRECS;10729.0;3
86000;SUBMISSION;;SNACKPACK_VANILLA;XIRECS;10047.0;3
86000;SUBMISSION;;TRANSLATOR_GRAPHITE_MIST;XIRECS;11301.0;1
86000;SUBMISSION;;UV_VISOR_ORANGE;XIRECS;10761.0;2
86000;SUBMISSION;;UV_VISOR_YELLOW;XIRECS;12017.0;3
86000;;;GALAXY_SOUNDS_BLACK_HOLES;XIRECS;11947.0;3
86000;;;GALAXY_SOUNDS_PLANETARY_RINGS;XIRECS;10714.0;3
86000;;;GALAXY_SOUNDS_SOLAR_FLAMES;XIRECS;10736.0;3
86000;;;GALAXY_SOUNDS_SOLAR_WINDS;XIRECS;10612.0;3
86000;;;OXYGEN_SHAKE_CHOCOLATE;XIRECS;9101.0;3
86000;;;OXYGEN_SHAKE_GARLIC;XIRECS;11948.0;3
86000;;;OXYGEN_SHAKE_MORNING_BREATH;XIRECS;9468.0;3
86000;;;PANEL_2X4;XIRECS;10964.0;3
86000;;;PANEL_4X4;XIRECS;10818.0;3
86000;;;ROBOT_DISHES;XIRECS;10341.0;3
86000;;;ROBOT_IRONING;XIRECS;7887.0;3
86000;;;ROBOT_MOPPING;XIRECS;11903.0;3
86000;;;ROBOT_VACUUMING;XIRECS;8747.0;3
86000;;;SLEEP_POD_LAMB_WOOL;XIRECS;10370.0;3
86000;;;SLEEP_POD_NYLON;XIRECS;9916.0;3
86000;;;SLEEP_POD_SUEDE;XIRECS;12326.0;3
86000;;;SNACKPACK_RASPBERRY;XIRECS;10177.0;3
86000;;;TRANSLATOR_ASTRO_BLACK;XIRECS;9412.0;3
86000;;;TRANSLATOR_ECLIPSE_CHARCOAL;XIRECS;9828.0;3
86000;;;TRANSLATOR_SPACE_GRAY;XIRECS;9686.0;3
86000;;;TRANSLATOR_VOID_BLUE;XIRECS;10695.0;3
86000;;;UV_VISOR_AMBER;XIRECS;6973.0;3
86000;;;UV_VISOR_MAGENTA;XIRECS;11023.0;3
86000;;;UV_VISOR_RED;XIRECS;11527.0;3
86100;;SUBMISSION;PANEL_2X2;XIRECS;8827.0;4
86200;;SUBMISSION;PANEL_4X4;XIRECS;10841.0;4
86200;;SUBMISSION;ROBOT_VACUUMING;XIRECS;8759.0;4
86800;;SUBMISSION;MICROCHIP_RECTANGLE;XIRECS;7586.0;4
87300;;SUBMISSION;MICROCHIP_CIRCLE;XIRECS;8423.0;1
87300;;SUBMISSION;MICROCHIP_OVAL;XIRECS;7044.0;1
87300;;SUBMISSION;MICROCHIP_TRIANGLE;XIRECS;9506.0;1
87300;;;MICROCHIP_RECTANGLE;XIRECS;7573.0;1
87300;;;MICROCHIP_SQUARE;XIRECS;15772.0;1
87400;;SUBMISSION;OXYGEN_SHAKE_MORNING_BREATH;XIRECS;9509.0;4
87400;;SUBMISSION;PEBBLES_XS;XIRECS;6721.0;4
87500;;SUBMISSION;PEBBLES_M;XIRECS;11014.0;4
87500;;SUBMISSION;PEBBLES_S;XIRECS;8632.0;4
87700;;SUBMISSION;PANEL_1X2;XIRECS;8600.0;4
88200;SUBMISSION;;MICROCHIP_TRIANGLE;XIRECS;9466.0;4
88600;;SUBMISSION;GALAXY_SOUNDS_BLACK_HOLES;XIRECS;12012.0;4
88600;;SUBMISSION;GALAXY_SOUNDS_DARK_MATTER;XIRECS;10788.0;4
88600;;SUBMISSION;GALAXY_SOUNDS_PLANETARY_RINGS;XIRECS;10744.0;4
88600;;SUBMISSION;OXYGEN_SHAKE_MINT;XIRECS;9547.0;4
88600;;SUBMISSION;SLEEP_POD_COTTON;XIRECS;12880.0;4
88600;;SUBMISSION;SNACKPACK_PISTACHIO;XIRECS;9348.0;4
88600;;SUBMISSION;TRANSLATOR_GRAPHITE_MIST;XIRECS;11351.0;4
88600;;SUBMISSION;UV_VISOR_MAGENTA;XIRECS;10975.0;4
88600;;SUBMISSION;UV_VISOR_YELLOW;XIRECS;12094.0;3
88900;SUBMISSION;;PEBBLES_M;XIRECS;11034.0;2
88900;SUBMISSION;;PEBBLES_S;XIRECS;8617.0;2
88900;SUBMISSION;;PEBBLES_XS;XIRECS;6690.0;2
88900;;;PEBBLES_L;XIRECS;10905.0;2
88900;;;PEBBLES_XL;XIRECS;12726.0;2
89800;SUBMISSION;;ROBOT_VACUUMING;XIRECS;8751.0;4
90400;;SUBMISSION;ROBOT_VACUUMING;XIRECS;8785.0;4
90500;;SUBMISSION;PEBBLES_L;XIRECS;10966.0;4
90500;;SUBMISSION;PEBBLES_XS;XIRECS;6709.0;4
90500;;SUBMISSION;ROBOT_IRONING;XIRECS;7897.0;4
91100;SUBMISSION;;MICROCHIP_CIRCLE;XIRECS;8445.0;2
91100;SUBMISSION;;MICROCHIP_OVAL;XIRECS;7078.0;2
91100;SUBMISSION;;MICROCHIP_RECTANGLE;XIRECS;7612.0;2
91100;SUBMISSION;;MICROCHIP_SQUARE;XIRECS;15532.0;2
91100;SUBMISSION;;MICROCHIP_TRIANGLE;XIRECS;9477.0;1
91100;SUBMISSION;;ROBOT_VACUUMING;XIRECS;8754.0;4
91600;;SUBMISSION;OXYGEN_SHAKE_EVENING_BREATH;XIRECS;9434.0;4
91700;;SUBMISSION;ROBOT_VACUUMING;XIRECS;8776.0;4
92100;;SUBMISSION;GALAXY_SOUNDS_PLANETARY_RINGS;XIRECS;10734.0;3
92100;;SUBMISSION;GALAXY_SOUNDS_SOLAR_FLAMES;XIRECS;10819.0;4
92100;;SUBMISSION;GALAXY_SOUNDS_SOLAR_WINDS;XIRECS;10779.0;4
92100;;SUBMISSION;OXYGEN_SHAKE_EVENING_BREATH;XIRECS;9423.0;2
92100;;SUBMISSION;OXYGEN_SHAKE_GARLIC;XIRECS;12039.0;4
92100;;SUBMISSION;OXYGEN_SHAKE_MINT;XIRECS;9496.0;3
92100;;SUBMISSION;OXYGEN_SHAKE_MORNING_BREATH;XIRECS;9495.0;2
92100;;SUBMISSION;PANEL_2X2;XIRECS;8808.0;2
92100;;SUBMISSION;PANEL_2X4;XIRECS;11004.0;3
92100;;SUBMISSION;PANEL_4X4;XIRECS;11032.0;4
92100;;SUBMISSION;ROBOT_LAUNDRY;XIRECS;8892.0;4
92100;;SUBMISSION;ROBOT_MOPPING;XIRECS;11938.0;3
92100;;SUBMISSION;SLEEP_POD_LAMB_WOOL;XIRECS;10391.0;2
92100;;SUBMISSION;SLEEP_POD_NYLON;XIRECS;9872.0;4
92100;;SUBMISSION;SLEEP_POD_POLYESTER;XIRECS;12804.0;4
92100;;SUBMISSION;SLEEP_POD_SUEDE;XIRECS;12448.0;4
92100;;SUBMISSION;SNACKPACK_CHOCOLATE;XIRECS;9876.0;4
92100;;SUBMISSION;SNACKPACK_PISTACHIO;XIRECS;9372.0;4
92100;;SUBMISSION;SNACKPACK_RASPBERRY;XIRECS;10081.0;4
92100;;SUBMISSION;SNACKPACK_STRAWBERRY;XIRECS;10829.0;4
92100;;SUBMISSION;SNACKPACK_VANILLA;XIRECS;10019.0;4
92100;;SUBMISSION;TRANSLATOR_ASTRO_BLACK;XIRECS;9489.0;4
92100;;SUBMISSION;TRANSLATOR_ECLIPSE_CHARCOAL;XIRECS;9889.0;4
92100;;SUBMISSION;TRANSLATOR_SPACE_GRAY;XIRECS;9566.0;4
92100;;SUBMISSION;TRANSLATOR_VOID_BLUE;XIRECS;10676.0;4
92100;;SUBMISSION;UV_VISOR_AMBER;XIRECS;6943.0;4
92100;;SUBMISSION;UV_VISOR_ORANGE;XIRECS;10784.0;4
92100;;SUBMISSION;UV_VISOR_RED;XIRECS;11584.0;4
92100;;SUBMISSION;UV_VISOR_YELLOW;XIRECS;12033.0;3
92100;;;GALAXY_SOUNDS_BLACK_HOLES;XIRECS;11970.0;4
92100;;;GALAXY_SOUNDS_DARK_MATTER;XIRECS;10643.0;4
92100;;;OXYGEN_SHAKE_CHOCOLATE;XIRECS;9119.0;4
92100;;;PANEL_1X2;XIRECS;8588.0;4
92100;;;PANEL_1X4;XIRECS;8314.0;4
92100;;;ROBOT_DISHES;XIRECS;10220.0;4
92100;;;ROBOT_IRONING;XIRECS;7883.0;4
92100;;;ROBOT_VACUUMING;XIRECS;8775.0;4
92100;;;SLEEP_POD_COTTON;XIRECS;12711.0;4
92100;;;TRANSLATOR_GRAPHITE_MIST;XIRECS;11374.0;4
92100;;;UV_VISOR_MAGENTA;XIRECS;10931.0;4
92200;SUBMISSION;;SLEEP_POD_NYLON;XIRECS;9864.0;4
92300;SUBMISSION;;ROBOT_IRONING;XIRECS;7863.0;4
92300;SUBMISSION;;ROBOT_MOPPING;XIRECS;11904.0;4
92400;SUBMISSION;;GALAXY_SOUNDS_BLACK_HOLES;XIRECS;11960.0;3
92400;SUBMISSION;;GALAXY_SOUNDS_DARK_MATTER;XIRECS;10621.0;3
92400;SUBMISSION;;GALAXY_SOUNDS_PLANETARY_RINGS;XIRECS;10723.0;3
92400;SUBMISSION;;GALAXY_SOUNDS_SOLAR_FLAMES;XIRECS;10815.0;3
92400;SUBMISSION;;GALAXY_SOUNDS_SOLAR_WINDS;XIRECS;10793.0;3
92400;SUBMISSION;;OXYGEN_SHAKE_EVENING_BREATH;XIRECS;9402.0;3
92400;SUBMISSION;;OXYGEN_SHAKE_GARLIC;XIRECS;12009.0;3
92400;SUBMISSION;;OXYGEN_SHAKE_MINT;XIRECS;9482.0;3
92400;SUBMISSION;;OXYGEN_SHAKE_MORNING_BREATH;XIRECS;9486.0;3
92400;SUBMISSION;;PANEL_1X2;XIRECS;8587.0;3
92400;SUBMISSION;;PANEL_1X4;XIRECS;8303.0;3
92400;SUBMISSION;;PANEL_2X2;XIRECS;8791.0;3
92400;SUBMISSION;;PANEL_2X4;XIRECS;11002.0;3
92400;SUBMISSION;;PANEL_4X4;XIRECS;11036.0;3
92400;SUBMISSION;;ROBOT_MOPPING;XIRECS;11910.0;3
92400;SUBMISSION;;SLEEP_POD_COTTON;XIRECS;12724.0;3
92400;SUBMISSION;;SLEEP_POD_LAMB_WOOL;XIRECS;10403.0;3
92400;SUBMISSION;;SLEEP_POD_NYLON;XIRECS;9869.0;2
92400;SUBMISSION;;SLEEP_POD_POLYESTER;XIRECS;12829.0;3
92400;SUBMISSION;;SLEEP_POD_SUEDE;XIRECS;12459.0;3
92400;SUBMISSION;;SNACKPACK_CHOCOLATE;XIRECS;9884.0;3
92400;SUBMISSION;;SNACKPACK_PISTACHIO;XIRECS;9371.0;3
92400;SUBMISSION;;SNACKPACK_RASPBERRY;XIRECS;10064.0;3
92400;SUBMISSION;;SNACKPACK_VANILLA;XIRECS;10006.0;3
92400;SUBMISSION;;TRANSLATOR_ASTRO_BLACK;XIRECS;9480.0;3
92400;SUBMISSION;;TRANSLATOR_ECLIPSE_CHARCOAL;XIRECS;9904.0;3
92400;SUBMISSION;;TRANSLATOR_GRAPHITE_MIST;XIRECS;11347.0;3
92400;SUBMISSION;;TRANSLATOR_SPACE_GRAY;XIRECS;9567.0;3
92400;SUBMISSION;;TRANSLATOR_VOID_BLUE;XIRECS;10672.0;3
92400;SUBMISSION;;UV_VISOR_AMBER;XIRECS;6946.0;3
92400;SUBMISSION;;UV_VISOR_MAGENTA;XIRECS;10941.0;3
92400;SUBMISSION;;UV_VISOR_ORANGE;XIRECS;10802.0;3
92400;SUBMISSION;;UV_VISOR_RED;XIRECS;11560.0;3
92400;SUBMISSION;;UV_VISOR_YELLOW;XIRECS;12036.0;3
92400;;;OXYGEN_SHAKE_CHOCOLATE;XIRECS;9115.0;3
92400;;;ROBOT_DISHES;XIRECS;10240.0;3
92400;;;ROBOT_IRONING;XIRECS;7857.0;3
92400;;;ROBOT_LAUNDRY;XIRECS;8868.0;3
92400;;;ROBOT_VACUUMING;XIRECS;8787.0;3
92400;;;SNACKPACK_STRAWBERRY;XIRECS;10831.0;3
92600;;SUBMISSION;PEBBLES_L;XIRECS;11077.0;3
92600;;SUBMISSION;PEBBLES_M;XIRECS;10758.0;4
92600;;SUBMISSION;PEBBLES_S;XIRECS;8528.0;4
92600;;SUBMISSION;PEBBLES_XL;XIRECS;12927.0;4
92600;;;PEBBLES_XS;XIRECS;6721.0;5
93100;SUBMISSION;;GALAXY_SOUNDS_PLANETARY_RINGS;XIRECS;10678.0;2
93100;SUBMISSION;;OXYGEN_SHAKE_EVENING_BREATH;XIRECS;9388.0;2
93100;SUBMISSION;;OXYGEN_SHAKE_MINT;XIRECS;9434.0;2
93100;SUBMISSION;;OXYGEN_SHAKE_MORNING_BREATH;XIRECS;9453.0;2
93100;SUBMISSION;;PANEL_1X2;XIRECS;8540.0;2
93100;SUBMISSION;;PANEL_2X2;XIRECS;8757.0;2
93100;SUBMISSION;;PANEL_4X4;XIRECS;11013.0;2
93100;SUBMISSION;;ROBOT_VACUUMING;XIRECS;8776.0;2
93100;SUBMISSION;;SLEEP_POD_COTTON;XIRECS;12732.0;1
93100;SUBMISSION;;SLEEP_POD_LAMB_WOOL;XIRECS;10368.0;2
93100;SUBMISSION;;SLEEP_POD_SUEDE;XIRECS;12433.0;2
93100;SUBMISSION;;SNACKPACK_PISTACHIO;XIRECS;9377.0;2
93100;SUBMISSION;;SNACKPACK_RASPBERRY;XIRECS;10048.0;2
93100;SUBMISSION;;SNACKPACK_VANILLA;XIRECS;9999.0;2
93100;SUBMISSION;;TRANSLATOR_ASTRO_BLACK;XIRECS;9483.0;1
93100;SUBMISSION;;TRANSLATOR_ECLIPSE_CHARCOAL;XIRECS;9913.0;1
93100;SUBMISSION;;TRANSLATOR_GRAPHITE_MIST;XIRECS;11357.0;1
93100;SUBMISSION;;TRANSLATOR_SPACE_GRAY;XIRECS;9564.0;2
93100;SUBMISSION;;UV_VISOR_AMBER;XIRECS;6913.0;2
93100;SUBMISSION;;UV_VISOR_RED;XIRECS;11542.0;2
93100;SUBMISSION;;UV_VISOR_YELLOW;XIRECS;11996.0;2
93100;;;GALAXY_SOUNDS_BLACK_HOLES;XIRECS;11968.0;2
93100;;;GALAXY_SOUNDS_DARK_MATTER;XIRECS;10609.0;2
93100;;;GALAXY_SOUNDS_SOLAR_FLAMES;XIRECS;10863.0;2
93100;;;GALAXY_SOUNDS_SOLAR_WINDS;XIRECS;10816.0;2
93100;;;OXYGEN_SHAKE_CHOCOLATE;XIRECS;9117.0;2
93100;;;OXYGEN_SHAKE_GARLIC;XIRECS;12082.0;2
93100;;;PANEL_1X4;XIRECS;8293.0;2
93100;;;PANEL_2X4;XIRECS;11003.0;2
93100;;;ROBOT_DISHES;XIRECS;10256.0;2
93100;;;ROBOT_IRONING;XIRECS;7887.0;2
93100;;;ROBOT_LAUNDRY;XIRECS;8868.0;2
93100;;;ROBOT_MOPPING;XIRECS;11898.0;2
93100;;;SLEEP_POD_NYLON;XIRECS;9867.0;2
93100;;;SLEEP_POD_POLYESTER;XIRECS;12859.0;2
93100;;;SNACKPACK_CHOCOLATE;XIRECS;9884.0;2
93100;;;SNACKPACK_STRAWBERRY;XIRECS;10843.0;2
93100;;;TRANSLATOR_VOID_BLUE;XIRECS;10703.0;2
93100;;;UV_VISOR_MAGENTA;XIRECS;10986.0;2
93100;;;UV_VISOR_ORANGE;XIRECS;10785.0;2
93400;;SUBMISSION;PANEL_1X4;XIRECS;8296.0;4
93400;;SUBMISSION;ROBOT_MOPPING;XIRECS;11920.0;4
93900;;SUBMISSION;MICROCHIP_TRIANGLE;XIRECS;9515.0;4
94300;;SUBMISSION;MICROCHIP_CIRCLE;XIRECS;8382.0;3
94300;;SUBMISSION;MICROCHIP_OVAL;XIRECS;7125.0;3
94300;;SUBMISSION;MICROCHIP_SQUARE;XIRECS;15370.0;2
94300;;;MICROCHIP_RECTANGLE;XIRECS;7604.0;3
94300;;;MICROCHIP_TRIANGLE;XIRECS;9503.0;3
94500;;SUBMISSION;ROBOT_VACUUMING;XIRECS;8803.0;4
94600;SUBMISSION;;GALAXY_SOUNDS_BLACK_HOLES;XIRECS;11949.0;4
94600;SUBMISSION;;GALAXY_SOUNDS_SOLAR_FLAMES;XIRECS;10841.0;1
94600;SUBMISSION;;OXYGEN_SHAKE_EVENING_BREATH;XIRECS;9327.0;4
94600;SUBMISSION;;OXYGEN_SHAKE_MORNING_BREATH;XIRECS;9410.0;4
94600;SUBMISSION;;PANEL_1X4;XIRECS;8313.0;4
94600;SUBMISSION;;PANEL_4X4;XIRECS;10996.0;3
94600;SUBMISSION;;ROBOT_LAUNDRY;XIRECS;8852.0;4
94600;SUBMISSION;;ROBOT_MOPPING;XIRECS;11872.0;4
94600;SUBMISSION;;ROBOT_VACUUMING;XIRECS;8799.0;4
94600;SUBMISSION;;SNACKPACK_CHOCOLATE;XIRECS;9870.0;4
94600;SUBMISSION;;SNACKPACK_PISTACHIO;XIRECS;9368.0;4
94600;SUBMISSION;;SNACKPACK_RASPBERRY;XIRECS;10060.0;3
94600;SUBMISSION;;UV_VISOR_RED;XIRECS;11539.0;1
94600;;;GALAXY_SOUNDS_DARK_MATTER;XIRECS;10552.0;4
94600;;;GALAXY_SOUNDS_PLANETARY_RINGS;XIRECS;10699.0;4
94600;;;GALAXY_SOUNDS_SOLAR_WINDS;XIRECS;10807.0;4
94600;;;OXYGEN_SHAKE_CHOCOLATE;XIRECS;9158.0;4
94600;;;OXYGEN_SHAKE_GARLIC;XIRECS;12136.0;4
94600;;;OXYGEN_SHAKE_MINT;XIRECS;9441.0;4
94600;;;PANEL_1X2;XIRECS;8505.0;4
94600;;;PANEL_2X2;XIRECS;8759.0;4
94600;;;PANEL_2X4;XIRECS;11011.0;4
94600;;;ROBOT_DISHES;XIRECS;10308.0;4
94600;;;ROBOT_IRONING;XIRECS;7847.0;4
94600;;;SLEEP_POD_COTTON;XIRECS;12727.0;4
94600;;;SLEEP_POD_LAMB_WOOL;XIRECS;10371.0;4
94600;;;SLEEP_POD_NYLON;XIRECS;9840.0;4
94600;;;SLEEP_POD_POLYESTER;XIRECS;12867.0;4
94600;;;SLEEP_POD_SUEDE;XIRECS;12445.0;4
94600;;;SNACKPACK_STRAWBERRY;XIRECS;10831.0;4
94600;;;SNACKPACK_VANILLA;XIRECS;10015.0;4
94600;;;TRANSLATOR_ASTRO_BLACK;XIRECS;9486.0;4
94600;;;TRANSLATOR_ECLIPSE_CHARCOAL;XIRECS;9930.0;4
94600;;;TRANSLATOR_GRAPHITE_MIST;XIRECS;11397.0;4
94600;;;TRANSLATOR_SPACE_GRAY;XIRECS;9560.0;4
94600;;;TRANSLATOR_VOID_BLUE;XIRECS;10794.0;4
94600;;;UV_VISOR_AMBER;XIRECS;6922.0;4
94600;;;UV_VISOR_MAGENTA;XIRECS;11059.0;4
94600;;;UV_VISOR_ORANGE;XIRECS;10794.0;4
94600;;;UV_VISOR_YELLOW;XIRECS;12092.0;4
94700;;SUBMISSION;PANEL_1X4;XIRECS;8310.0;4
94800;;SUBMISSION;OXYGEN_SHAKE_MORNING_BREATH;XIRECS;9425.0;4
94900;;SUBMISSION;UV_VISOR_AMBER;XIRECS;6941.0;4
95000;SUBMISSION;;MICROCHIP_OVAL;XIRECS;7087.0;4
95000;;SUBMISSION;PANEL_2X2;XIRECS;8780.0;4
95300;SUBMISSION;;PEBBLES_L;XIRECS;11006.0;2
95300;SUBMISSION;;PEBBLES_M;XIRECS;10804.0;2
95300;SUBMISSION;;PEBBLES_S;XIRECS;8482.0;2
95300;SUBMISSION;;PEBBLES_XL;XIRECS;12978.0;2
95300;SUBMISSION;;PEBBLES_XS;XIRECS;6723.0;2
95300;;SUBMISSION;ROBOT_IRONING;XIRECS;7887.0;4
95400;;SUBMISSION;OXYGEN_SHAKE_EVENING_BREATH;XIRECS;9344.0;4
95800;;SUBMISSION;ROBOT_MOPPING;XIRECS;11871.0;4
95800;;SUBMISSION;SNACKPACK_CHOCOLATE;XIRECS;9898.0;4
96000;SUBMISSION;;MICROCHIP_TRIANGLE;XIRECS;9504.0;4
96100;SUBMISSION;;MICROCHIP_RECTANGLE;XIRECS;7576.0;2
96100;SUBMISSION;;MICROCHIP_SQUARE;XIRECS;15367.0;2
96100;;;MICROCHIP_CIRCLE;XIRECS;8360.0;2
96100;;;MICROCHIP_OVAL;XIRECS;7045.0;2
96100;;;MICROCHIP_TRIANGLE;XIRECS;9499.0;2
96600;;SUBMISSION;TRANSLATOR_GRAPHITE_MIST;XIRECS;11398.0;4
96700;;SUBMISSION;MICROCHIP_RECTANGLE;XIRECS;7608.0;4
97400;;SUBMISSION;MICROCHIP_SQUARE;XIRECS;15460.0;1
97400;;SUBMISSION;MICROCHIP_TRIANGLE;XIRECS;9451.0;1
97400;;;MICROCHIP_CIRCLE;XIRECS;8357.0;1
97400;;;MICROCHIP_OVAL;XIRECS;7041.0;1
97400;;;MICROCHIP_RECTANGLE;XIRECS;7614.0;1
99200;;SUBMISSION;GALAXY_SOUNDS_BLACK_HOLES;XIRECS;12032.0;4
99200;SUBMISSION;;UV_VISOR_AMBER;XIRECS;6950.0;4
99300;SUBMISSION;;MICROCHIP_RECTANGLE;XIRECS;7580.0;4
99400;;SUBMISSION;GALAXY_SOUNDS_BLACK_HOLES;XIRECS;12041.0;3
99400;;SUBMISSION;GALAXY_SOUNDS_DARK_MATTER;XIRECS;10475.0;3
99400;;SUBMISSION;GALAXY_SOUNDS_PLANETARY_RINGS;XIRECS;10649.0;3
99400;;SUBMISSION;GALAXY_SOUNDS_SOLAR_FLAMES;XIRECS;10783.0;3
99400;;SUBMISSION;GALAXY_SOUNDS_SOLAR_WINDS;XIRECS;10776.0;3
99400;;SUBMISSION;OXYGEN_SHAKE_EVENING_BREATH;XIRECS;9341.0;3
99400;;SUBMISSION;OXYGEN_SHAKE_GARLIC;XIRECS;12143.0;3
99400;;SUBMISSION;OXYGEN_SHAKE_MINT;XIRECS;9432.0;3
99400;;SUBMISSION;OXYGEN_SHAKE_MORNING_BREATH;XIRECS;9325.0;3
99400;;SUBMISSION;PANEL_1X2;XIRECS;8479.0;3
99400;;SUBMISSION;PANEL_1X4;XIRECS;8358.0;2
99400;;SUBMISSION;PANEL_2X2;XIRECS;8813.0;1
99400;;SUBMISSION;PANEL_2X4;XIRECS;11103.0;3
99400;;SUBMISSION;PANEL_4X4;XIRECS;11070.0;3
99400;;SUBMISSION;ROBOT_LAUNDRY;XIRECS;8920.0;3
99400;;SUBMISSION;ROBOT_VACUUMING;XIRECS;8804.0;3
99400;;SUBMISSION;SLEEP_POD_COTTON;XIRECS;12881.0;3
99400;;SUBMISSION;SLEEP_POD_LAMB_WOOL;XIRECS;10197.0;3
99400;;SUBMISSION;SLEEP_POD_NYLON;XIRECS;9887.0;3
99400;;SUBMISSION;SLEEP_POD_POLYESTER;XIRECS;12975.0;3
99400;;SUBMISSION;SLEEP_POD_SUEDE;XIRECS;12300.0;3
99400;;SUBMISSION;SNACKPACK_CHOCOLATE;XIRECS;9938.0;3
99400;;SUBMISSION;SNACKPACK_PISTACHIO;XIRECS;9342.0;3
99400;;SUBMISSION;SNACKPACK_RASPBERRY;XIRECS;10133.0;3
99400;;SUBMISSION;SNACKPACK_STRAWBERRY;XIRECS;10777.0;3
99400;;SUBMISSION;SNACKPACK_VANILLA;XIRECS;9967.0;3
99400;;SUBMISSION;TRANSLATOR_ASTRO_BLACK;XIRECS;9511.0;3
99400;;SUBMISSION;TRANSLATOR_ECLIPSE_CHARCOAL;XIRECS;9992.0;3
99400;;SUBMISSION;TRANSLATOR_GRAPHITE_MIST;XIRECS;11525.0;3
99400;;SUBMISSION;TRANSLATOR_SPACE_GRAY;XIRECS;9462.0;3
99400;;SUBMISSION;TRANSLATOR_VOID_BLUE;XIRECS;10865.0;3
99400;;SUBMISSION;UV_VISOR_AMBER;XIRECS;6947.0;3
99400;;SUBMISSION;UV_VISOR_MAGENTA;XIRECS;11204.0;3
99400;;SUBMISSION;UV_VISOR_ORANGE;XIRECS;10725.0;3
99400;;SUBMISSION;UV_VISOR_RED;XIRECS;11601.0;3
99400;;SUBMISSION;UV_VISOR_YELLOW;XIRECS;12012.0;3
99400;;;OXYGEN_SHAKE_CHOCOLATE;XIRECS;9286.0;3
99400;;;ROBOT_DISHES;XIRECS;10176.0;3
99400;;;ROBOT_IRONING;XIRECS;8003.0;3
99400;;;ROBOT_MOPPING;XIRECS;11831.0;3
99500;SUBMISSION;;ROBOT_VACUUMING;XIRECS;8802.0;4
