timestamp,buyer,seller,symbol,currency,price,quantity
0,SUBMISSION,,HYDROGEL_PACK,XIREC,9966.0,13
0,SUBMISSION,,HYDROGEL_PACK,XIREC,9968.0,6
100,SUBMISSION,,HYDROGEL_PACK,XIREC,9969.0,15
100,SUBMISSION,,HYDROGEL_PACK,XIREC,9971.0,14
200,SUBMISSION,,HYDROGEL_PACK,XIREC,9969.0,14
200,SUBMISSION,,HYDROGEL_PACK,XIREC,9972.0,21
300,SUBMISSION,,HYDROGEL_PACK,XIREC,9968.0,15
300,SUBMISSION,,HYDROGEL_PACK,XIREC,9971.0,23
400,SUBMISSION,,HYDROGEL_PACK,XIREC,9969.0,10
400,SUBMISSION,,HYDROGEL_PACK,XIREC,9972.0,19
1000,SUBMISSION,,HYDROGEL_PACK,XIREC,9967.0,2
4500,Mark 01,Mark 22,VEV_5400,XIREC,18.0,2
4500,Mark 01,Mark 22,VEV_5500,XIREC,8.0,2
4500,Mark 01,Mark 22,VEV_6000,XIREC,0.0,2
4500,Mark 01,Mark 22,VEV_6500,XIREC,0.0,2
5100,Mark 38,Mark 22,HYDROGEL_PACK,XIREC,9960.0,4
5300,Mark 38,Mark 14,VEV_4000,XIREC,1264.0,2
6100,Mark 55,SUBMISSION,VELVETFRUIT_EXTRACT,XIREC,5254.0,3
6200,Mark 38,Mark 14,HYDROGEL_PACK,XIREC,9955.0,5
9400,SUBMISSION,,VELVETFRUIT_EXTRACT,XIREC,5244.0,14
9400,SUBMISSION,Mark 49,VELVETFRUIT_EXTRACT,XIREC,5244.0,8
9600,Mark 01,Mark 22,VEV_5400,XIREC,16.0,4
9600,Mark 01,Mark 22,VEV_5500,XIREC,7.0,4
9600,Mark 01,Mark 22,VEV_6000,XIREC,0.0,4
9600,Mark 01,Mark 22,VEV_6500,XIREC,0.0,4
10300,SUBMISSION,,VELVETFRUIT_EXTRACT,XIREC,5242.0,13
10400,SUBMISSION,,VELVETFRUIT_EXTRACT,XIREC,5240.0,4
10400,SUBMISSION,,VELVETFRUIT_EXTRACT,XIREC,5240.0,8
10400,SUBMISSION,Mark 49,VELVETFRUIT_EXTRACT,XIREC,5240.0,12
11500,SUBMISSION,,VELVETFRUIT_EXTRACT,XIREC,5244.0,1
11600,SUBMISSION,,VELVETFRUIT_EXTRACT,XIREC,5244.0,1
11700,SUBMISSION,,VELVETFRUIT_EXTRACT,XIREC,5244.0,2
11800,SUBMISSION,,VELVETFRUIT_EXTRACT,XIREC,5244.0,1
11800,Mark 01,Mark 22,VEV_5500,XIREC,7.0,4
11800,Mark 01,Mark 22,VEV_6000,XIREC,0.0,4
11800,Mark 01,Mark 22,VEV_6500,XIREC,0.0,4
12100,SUBMISSION,,VELVETFRUIT_EXTRACT,XIREC,5244.0,1
12200,SUBMISSION,,VELVETFRUIT_EXTRACT,XIREC,5244.0,1
12300,SUBMISSION,,VELVETFRUIT_EXTRACT,XIREC,5244.0,1
12400,SUBMISSION,,VELVETFRUIT_EXTRACT,XIREC,5244.0,1
12500,SUBMISSION,,VELVETFRUIT_EXTRACT,XIREC,5243.0,3
12600,SUBMISSION,,VELVETFRUIT_EXTRACT,XIREC,5244.0,1
12700,SUBMISSION,,VELVETFRUIT_EXTRACT,XIREC,5243.0,3
12800,SUBMISSION,,VELVETFRUIT_EXTRACT,XIREC,5241.0,7
12900,SUBMISSION,,VELVETFRUIT_EXTRACT,XIREC,5242.0,5
13000,SUBMISSION,,VELVETFRUIT_EXTRACT,XIREC,5243.0,3
13100,SUBMISSION,,VELVETFRUIT_EXTRACT,XIREC,5242.0,6
13200,SUBMISSION,,VELVETFRUIT_EXTRACT,XIREC,5242.0,5
13300,SUBMISSION,,VELVETFRUIT_EXTRACT,XIREC,5241.0,7
13400,SUBMISSION,,VELVETFRUIT_EXTRACT,XIREC,5241.0,6
13600,SUBMISSION,,VELVETFRUIT_EXTRACT,XIREC,5239.0,5
14200,SUBMISSION,,VELVETFRUIT_EXTRACT,XIREC,5238.0,3
14300,Mark 55,Mark 01,VELVETFRUIT_EXTRACT,XIREC,5238.0,6
14400,SUBMISSION,,VELVETFRUIT_EXTRACT,XIREC,5236.0,7
14800,SUBMISSION,Mark 55,VELVETFRUIT_EXTRACT,XIREC,5233.0,6
14800,SUBMISSION,,VEV_4000,XIREC,1234.0,4
14800,SUBMISSION,,VEV_4500,XIREC,734.0,4
14800,SUBMISSION,,VEV_5000,XIREC,241.0,4
14800,Mark 01,Mark 22,VEV_5300,XIREC,42.0,4
14800,Mark 01,Mark 22,VEV_5400,XIREC,14.0,4
14800,Mark 01,Mark 22,VEV_5500,XIREC,6.0,4
14800,Mark 01,Mark 22,VEV_6000,XIREC,0.0,4
14800,Mark 01,Mark 22,VEV_6500,XIREC,0.0,4
15000,Mark 38,Mark 14,HYDROGEL_PACK,XIREC,9966.0,4
16700,SUBMISSION,,VEV_4000,XIREC,1231.0,2
16700,SUBMISSION,,VEV_4500,XIREC,731.0,2
16700,SUBMISSION,,VEV_5000,XIREC,239.0,2
16700,Mark 14,Mark 38,VEV_4000,XIREC,1221.0,2
16700,Mark 01,Mark 22,VEV_5300,XIREC,41.0,2
16700,Mark 01,Mark 22,VEV_5400,XIREC,14.0,2
16700,Mark 01,Mark 22,VEV_5500,XIREC,6.0,2
16700,Mark 01,Mark 22,VEV_6000,XIREC,0.0,2
16700,Mark 01,Mark 22,VEV_6500,XIREC,0.0,2
16900,SUBMISSION,,VELVETFRUIT_EXTRACT,XIREC,5232.0,1
17100,SUBMISSION,,VELVETFRUIT_EXTRACT,XIREC,5230.0,1
17300,Mark 14,Mark 38,VEV_4000,XIREC,1221.0,1
17400,Mark 67,Mark 22,VELVETFRUIT_EXTRACT,XIREC,5230.0,8
17800,SUBMISSION,,VELVETFRUIT_EXTRACT,XIREC,5233.0,1
17900,Mark 38,SUBMISSION,VEV_4000,XIREC,1242.0,1
18100,SUBMISSION,,VELVETFRUIT_EXTRACT,XIREC,5234.0,1
18300,SUBMISSION,,VELVETFRUIT_EXTRACT,XIREC,5233.0,2
18400,SUBMISSION,,VELVETFRUIT_EXTRACT,XIREC,5232.0,3
18500,SUBMISSION,,VELVETFRUIT_EXTRACT,XIREC,5231.0,3
18700,SUBMISSION,,VELVETFRUIT_EXTRACT,XIREC,5228.0,3
19300,SUBMISSION,Mark 55,VELVETFRUIT_EXTRACT,XIREC,5227.0,5
20200,SUBMISSION,Mark 55,VELVETFRUIT_EXTRACT,XIREC,5225.0,5
22800,SUBMISSION,Mark 38,HYDROGEL_PACK,XIREC,9947.0,6
24100,SUBMISSION,,VELVETFRUIT_EXTRACT,XIREC,5233.0,11
25700,Mark 38,SUBMISSION,VEV_4000,XIREC,1240.0,3
29300,SUBMISSION,Mark 55,VELVETFRUIT_EXTRACT,XIREC,5238.0,4
30800,SUBMISSION,Mark 38,HYDROGEL_PACK,XIREC,9941.0,2
31400,Mark 38,Mark 14,HYDROGEL_PACK,XIREC,9953.0,3
31700,Mark 55,Mark 01,VELVETFRUIT_EXTRACT,XIREC,5237.0,4
32000,SUBMISSION,Mark 38,HYDROGEL_PACK,XIREC,9939.0,5
32600,Mark 55,Mark 01,VELVETFRUIT_EXTRACT,XIREC,5240.0,5
32800,Mark 67,Mark 22,VELVETFRUIT_EXTRACT,XIREC,5238.0,7
33600,SUBMISSION,Mark 38,HYDROGEL_PACK,XIREC,9949.0,6
36200,Mark 38,SUBMISSION,VEV_4000,XIREC,1243.0,2
36200,Mark 38,Mark 14,VEV_4000,XIREC,1244.0,1
36500,SUBMISSION,Mark 55,VELVETFRUIT_EXTRACT,XIREC,5233.0,7
37400,SUBMISSION,Mark 38,HYDROGEL_PACK,XIREC,9937.0,4
38500,SUBMISSION,,VEV_4000,XIREC,1231.0,5
38500,SUBMISSION,,VEV_4500,XIREC,731.0,5
38500,SUBMISSION,,VEV_5000,XIREC,239.0,3
38500,Mark 01,Mark 22,VEV_5500,XIREC,6.0,5
38500,Mark 01,Mark 22,VEV_6000,XIREC,0.0,5
38500,Mark 01,Mark 22,VEV_6500,XIREC,0.0,5
38700,SUBMISSION,Mark 55,VELVETFRUIT_EXTRACT,XIREC,5229.0,6
38700,Mark 01,Mark 55,VELVETFRUIT_EXTRACT,XIREC,5228.0,2
39400,SUBMISSION,,VELVETFRUIT_EXTRACT,XIREC,5233.0,4
39400,Mark 22,Mark 49,VELVETFRUIT_EXTRACT,XIREC,5234.0,5
39400,Mark 67,Mark 49,VELVETFRUIT_EXTRACT,XIREC,5233.0,9
39800,SUBMISSION,Mark 55,VELVETFRUIT_EXTRACT,XIREC,5233.0,3
39800,Mark 01,Mark 55,VELVETFRUIT_EXTRACT,XIREC,5232.0,1
40400,SUBMISSION,,VEV_4000,XIREC,1233.0,4
40400,SUBMISSION,,VEV_4500,XIREC,733.0,4
40400,SUBMISSION,,VEV_5000,XIREC,240.0,2
40400,Mark 01,Mark 22,VEV_5300,XIREC,41.0,4
40400,Mark 01,Mark 22,VEV_5400,XIREC,14.0,4
40400,Mark 01,Mark 22,VEV_5500,XIREC,6.0,4
40400,Mark 01,Mark 22,VEV_6000,XIREC,0.0,4
40400,Mark 01,Mark 22,VEV_6500,XIREC,0.0,4
40900,SUBMISSION,,VEV_5000,XIREC,242.0,6
40900,Mark 38,Mark 14,HYDROGEL_PACK,XIREC,9951.0,5
41300,Mark 38,Mark 14,HYDROGEL_PACK,XIREC,9953.0,5
43400,SUBMISSION,,VEV_4000,XIREC,1231.0,5
43400,SUBMISSION,,VEV_4500,XIREC,731.0,5
43400,SUBMISSION,,VEV_5000,XIREC,238.0,2
43400,Mark 01,Mark 22,VEV_5400,XIREC,13.0,5
43400,Mark 01,Mark 22,VEV_5500,XIREC,6.0,5
43400,Mark 01,Mark 22,VEV_6000,XIREC,0.0,5
43400,Mark 01,Mark 22,VEV_6500,XIREC,0.0,5
43600,SUBMISSION,Mark 55,VELVETFRUIT_EXTRACT,XIREC,5230.0,2
43600,Mark 01,Mark 55,VELVETFRUIT_EXTRACT,XIREC,5229.0,2
43900,SUBMISSION,Mark 38,HYDROGEL_PACK,XIREC,9953.0,6
45200,SUBMISSION,Mark 38,HYDROGEL_PACK,XIREC,9962.0,2
45400,Mark 67,Mark 22,VELVETFRUIT_EXTRACT,XIREC,5241.0,8
47700,SUBMISSION,Mark 55,VELVETFRUIT_EXTRACT,XIREC,5244.0,1
47700,Mark 01,Mark 55,VELVETFRUIT_EXTRACT,XIREC,5243.0,3
48300,SUBMISSION,Mark 38,HYDROGEL_PACK,XIREC,9961.0,3
48900,SUBMISSION,Mark 55,VELVETFRUIT_EXTRACT,XIREC,5242.0,1
48900,Mark 01,Mark 55,VELVETFRUIT_EXTRACT,XIREC,5241.0,5
49800,SUBMISSION,Mark 55,VELVETFRUIT_EXTRACT,XIREC,5245.0,1
49800,Mark 01,Mark 55,VELVETFRUIT_EXTRACT,XIREC,5244.0,2
50200,Mark 14,Mark 38,VEV_4000,XIREC,1236.0,2
50300,Mark 38,SUBMISSION,VEV_4000,XIREC,1256.0,3
50700,Mark 01,Mark 22,VEV_5400,XIREC,16.0,5
50700,Mark 01,Mark 22,VEV_5500,XIREC,7.0,5
50700,Mark 01,Mark 22,VEV_6000,XIREC,0.0,5
50700,Mark 01,Mark 22,VEV_6500,XIREC,0.0,5
51700,SUBMISSION,Mark 55,VELVETFRUIT_EXTRACT,XIREC,5244.0,1
51700,Mark 14,Mark 55,VELVETFRUIT_EXTRACT,XIREC,5243.0,3
52400,SUBMISSION,Mark 38,HYDROGEL_PACK,XIREC,9962.0,4
52400,Mark 14,Mark 38,HYDROGEL_PACK,XIREC,9961.0,1
52800,Mark 01,Mark 22,VEV_5400,XIREC,16.0,3
52800,Mark 01,Mark 22,VEV_5500,XIREC,7.0,3
52800,Mark 01,Mark 22,VEV_6000,XIREC,0.0,3
52800,Mark 01,Mark 22,VEV_6500,XIREC,0.0,3
53000,SUBMISSION,Mark 38,HYDROGEL_PACK,XIREC,9962.0,3
53000,Mark 14,Mark 38,HYDROGEL_PACK,XIREC,9961.0,1
53400,Mark 14,Mark 22,VEV_5500,XIREC,7.0,2
53400,Mark 01,Mark 22,VEV_6000,XIREC,0.0,2
53400,Mark 01,Mark 22,VEV_6500,XIREC,0.0,2
53800,Mark 38,SUBMISSION,VEV_4000,XIREC,1254.0,2
54400,Mark 14,Mark 38,VEV_4000,XIREC,1234.0,3
57600,Mark 38,SUBMISSION,VEV_4000,XIREC,1256.0,3
59300,SUBMISSION,Mark 38,HYDROGEL_PACK,XIREC,9950.0,2
59300,Mark 14,Mark 38,HYDROGEL_PACK,XIREC,9949.0,2
59600,Mark 14,Mark 55,VELVETFRUIT_EXTRACT,XIREC,5244.0,4
60300,Mark 14,Mark 55,VELVETFRUIT_EXTRACT,XIREC,5245.0,5
61100,Mark 38,Mark 14,HYDROGEL_PACK,XIREC,9961.0,2
61400,Mark 38,Mark 14,HYDROGEL_PACK,XIREC,9962.0,2
62100,Mark 14,Mark 55,VELVETFRUIT_EXTRACT,XIREC,5243.0,6
62600,Mark 38,SUBMISSION,VEV_4000,XIREC,1253.0,1
63100,Mark 38,SUBMISSION,VEV_4000,XIREC,1251.0,3
63200,Mark 38,Mark 14,HYDROGEL_PACK,XIREC,9950.0,5
63200,Mark 14,Mark 55,VELVETFRUIT_EXTRACT,XIREC,5240.0,8
64200,Mark 55,Mark 14,VELVETFRUIT_EXTRACT,XIREC,5245.0,6
64300,SUBMISSION,Mark 38,HYDROGEL_PACK,XIREC,9934.0,2
64300,Mark 14,Mark 38,HYDROGEL_PACK,XIREC,9933.0,2
65400,SUBMISSION,Mark 38,HYDROGEL_PACK,XIREC,9931.0,1
65400,Mark 14,Mark 38,HYDROGEL_PACK,XIREC,9930.0,3
65700,Mark 14,Mark 55,VELVETFRUIT_EXTRACT,XIREC,5240.0,8
65900,SUBMISSION,Mark 38,HYDROGEL_PACK,XIREC,9936.0,1
65900,Mark 14,Mark 38,HYDROGEL_PACK,XIREC,9935.0,1
67700,Mark 55,Mark 14,VELVETFRUIT_EXTRACT,XIREC,5250.0,4
68000,Mark 38,SUBMISSION,VEV_4000,XIREC,1257.0,2
69500,Mark 14,Mark 38,HYDROGEL_PACK,XIREC,9952.0,2
70500,Mark 14,Mark 38,VEV_4000,XIREC,1232.0,1
73400,SUBMISSION,,VELVETFRUIT_EXTRACT,XIREC,5236.0,1
73400,Mark 22,Mark 49,VELVETFRUIT_EXTRACT,XIREC,5237.0,8
73400,Mark 55,Mark 49,VELVETFRUIT_EXTRACT,XIREC,5236.0,6
73500,Mark 14,Mark 38,HYDROGEL_PACK,XIREC,9966.0,3
74100,SUBMISSION,,VEV_4000,XIREC,1235.0,3
74100,SUBMISSION,,VEV_4500,XIREC,735.0,3
74100,SUBMISSION,,VEV_5000,XIREC,242.0,3
74100,Mark 01,Mark 22,VEV_5300,XIREC,42.0,3
74100,Mark 01,Mark 22,VEV_5400,XIREC,14.0,3
74100,Mark 01,Mark 22,VEV_5500,XIREC,6.0,3
74100,Mark 01,Mark 22,VEV_6000,XIREC,0.0,3
74100,Mark 01,Mark 22,VEV_6500,XIREC,0.0,3
74300,Mark 55,Mark 14,VELVETFRUIT_EXTRACT,XIREC,5238.0,6
74400,Mark 14,Mark 55,VELVETFRUIT_EXTRACT,XIREC,5235.0,4
76600,Mark 38,Mark 14,HYDROGEL_PACK,XIREC,9995.0,3
77300,Mark 55,Mark 14,VELVETFRUIT_EXTRACT,XIREC,5241.0,8
78300,Mark 14,Mark 38,VEV_4000,XIREC,1229.0,3
78400,Mark 67,Mark 22,VELVETFRUIT_EXTRACT,XIREC,5238.0,7
78500,Mark 38,Mark 14,HYDROGEL_PACK,XIREC,10000.0,4
79000,Mark 14,Mark 38,HYDROGEL_PACK,XIREC,9982.0,3
79800,Mark 38,Mark 14,HYDROGEL_PACK,XIREC,9994.0,6
80700,SUBMISSION,,VEV_5000,XIREC,246.0,6
81300,Mark 14,Mark 38,HYDROGEL_PACK,XIREC,9970.0,6
81500,SUBMISSION,,VEV_5000,XIREC,248.0,14
81700,Mark 38,Mark 14,HYDROGEL_PACK,XIREC,9980.0,3
81900,Mark 38,Mark 14,HYDROGEL_PACK,XIREC,9978.0,2
82300,Mark 38,Mark 14,HYDROGEL_PACK,XIREC,9977.0,3
82300,Mark 01,Mark 55,VELVETFRUIT_EXTRACT,XIREC,5235.0,3
83200,Mark 55,Mark 01,VELVETFRUIT_EXTRACT,XIREC,5237.0,7
83400,SUBMISSION,,VEV_5000,XIREC,244.0,8
84300,Mark 38,SUBMISSION,VEV_4000,XIREC,1242.0,1
84600,Mark 67,Mark 22,VELVETFRUIT_EXTRACT,XIREC,5233.0,8
85300,SUBMISSION,,VEV_4000,XIREC,1234.0,2
85300,SUBMISSION,,VEV_4500,XIREC,734.0,2
85300,SUBMISSION,,VEV_5000,XIREC,241.0,2
85300,Mark 14,Mark 22,VEV_5300,XIREC,42.0,2
85300,Mark 01,Mark 22,VEV_5400,XIREC,14.0,2
85300,Mark 01,Mark 22,VEV_5500,XIREC,6.0,2
85300,Mark 01,Mark 22,VEV_6000,XIREC,0.0,2
85300,Mark 01,Mark 22,VEV_6500,XIREC,0.0,2
86100,SUBMISSION,,VEV_4000,XIREC,1236.0,5
86100,SUBMISSION,,VEV_4500,XIREC,736.0,5
86100,SUBMISSION,,VEV_5000,XIREC,243.0,5
86100,Mark 01,Mark 22,VEV_5400,XIREC,14.0,5
86100,Mark 01,Mark 22,VEV_5500,XIREC,6.0,5
86100,Mark 01,Mark 22,VEV_6000,XIREC,0.0,5
86100,Mark 01,Mark 22,VEV_6500,XIREC,0.0,5
87900,Mark 14,Mark 55,VELVETFRUIT_EXTRACT,XIREC,5239.0,3
88500,Mark 67,Mark 22,VELVETFRUIT_EXTRACT,XIREC,5242.0,6
89300,Mark 14,Mark 38,VEV_4000,XIREC,1232.0,3
89800,Mark 01,Mark 22,VEV_5300,XIREC,45.0,4
89800,Mark 01,Mark 22,VEV_5400,XIREC,15.0,4
89800,Mark 01,Mark 22,VEV_6000,XIREC,0.0,4
89800,Mark 01,Mark 22,VEV_6500,XIREC,0.0,4
91100,Mark 55,Mark 14,VELVETFRUIT_EXTRACT,XIREC,5244.0,6
92000,Mark 55,Mark 14,VELVETFRUIT_EXTRACT,XIREC,5243.0,8
92100,Mark 14,Mark 38,HYDROGEL_PACK,XIREC,9955.0,4
92500,Mark 14,Mark 38,HYDROGEL_PACK,XIREC,9956.0,2
93700,Mark 55,Mark 01,VELVETFRUIT_EXTRACT,XIREC,5246.0,6
93800,Mark 55,Mark 01,VELVETFRUIT_EXTRACT,XIREC,5246.0,7
94400,Mark 38,Mark 14,HYDROGEL_PACK,XIREC,9974.0,4
97100,Mark 14,Mark 38,HYDROGEL_PACK,XIREC,9950.0,2
98600,Mark 38,Mark 14,HYDROGEL_PACK,XIREC,9962.0,2
99000,Mark 38,Mark 14,HYDROGEL_PACK,XIREC,9961.0,3
100500,Mark 55,Mark 14,VELVETFRUIT_EXTRACT,XIREC,5248.0,4
101400,Mark 14,Mark 38,HYDROGEL_PACK,XIREC,9936.0,5
101500,Mark 14,Mark 38,HYDROGEL_PACK,XIREC,9935.0,6
102500,Mark 14,Mark 38,VEV_4000,XIREC,1235.0,1
102800,Mark 14,Mark 38,VEV_4000,XIREC,1236.0,1
103100,Mark 38,Mark 14,HYDROGEL_PACK,XIREC,9952.0,4
103500,Mark 14,Mark 38,HYDROGEL_PACK,XIREC,9940.0,3
104400,Mark 55,SUBMISSION,VELVETFRUIT_EXTRACT,XIREC,5252.0,6
105100,,SUBMISSION,VELVETFRUIT_EXTRACT,XIREC,5251.0,16
105100,,SUBMISSION,VELVETFRUIT_EXTRACT,XIREC,5250.0,38
105700,,SUBMISSION,VELVETFRUIT_EXTRACT,XIREC,5255.0,1
105800,,SUBMISSION,VELVETFRUIT_EXTRACT,XIREC,5256.0,3
106000,,SUBMISSION,VELVETFRUIT_EXTRACT,XIREC,5256.0,4
106200,,SUBMISSION,VELVETFRUIT_EXTRACT,XIREC,5256.0,3
106300,,SUBMISSION,VELVETFRUIT_EXTRACT,XIREC,5257.0,6
106400,,SUBMISSION,VELVETFRUIT_EXTRACT,XIREC,5256.0,4
106500,,SUBMISSION,VELVETFRUIT_EXTRACT,XIREC,5257.0,6
106600,,SUBMISSION,VELVETFRUIT_EXTRACT,XIREC,5259.0,9
106700,,SUBMISSION,VELVETFRUIT_EXTRACT,XIREC,5257.0,6
106800,,SUBMISSION,VELVETFRUIT_EXTRACT,XIREC,5257.0,6
107000,,SUBMISSION,VELVETFRUIT_EXTRACT,XIREC,5257.0,6
107100,,SUBMISSION,VELVETFRUIT_EXTRACT,XIREC,5257.0,7
107100,Mark 14,Mark 38,HYDROGEL_PACK,XIREC,9952.0,5
107200,,SUBMISSION,VELVETFRUIT_EXTRACT,XIREC,5260.0,14
107300,,SUBMISSION,VELVETFRUIT_EXTRACT,XIREC,5260.0,14
107400,,SUBMISSION,VELVETFRUIT_EXTRACT,XIREC,5262.0,5
107400,,SUBMISSION,VELVETFRUIT_EXTRACT,XIREC,5260.0,12
107500,,SUBMISSION,VELVETFRUIT_EXTRACT,XIREC,5260.0,14
107600,,SUBMISSION,VELVETFRUIT_EXTRACT,XIREC,5259.0,11
107700,,SUBMISSION,VELVETFRUIT_EXTRACT,XIREC,5260.0,14
107800,,SUBMISSION,VELVETFRUIT_EXTRACT,XIREC,5261.0,15
107800,,SUBMISSION,VELVETFRUIT_EXTRACT,XIREC,5260.0,2
107900,,SUBMISSION,VELVETFRUIT_EXTRACT,XIREC,5261.0,18
107900,Mark 55,SUBMISSION,VELVETFRUIT_EXTRACT,XIREC,5266.0,3
108000,,SUBMISSION,VELVETFRUIT_EXTRACT,XIREC,5260.0,14
108100,,SUBMISSION,VELVETFRUIT_EXTRACT,XIREC,5259.0,11
108200,,SUBMISSION,VELVETFRUIT_EXTRACT,XIREC,5261.0,17
108300,,SUBMISSION,VELVETFRUIT_EXTRACT,XIREC,5259.0,12
108400,,SUBMISSION,VELVETFRUIT_EXTRACT,XIREC,5261.0,18
108500,,SUBMISSION,VELVETFRUIT_EXTRACT,XIREC,5262.0,11
108500,,SUBMISSION,VEV_5000,XIREC,266.0,8
108600,,SUBMISSION,VEV_5000,XIREC,266.0,8
108600,,SUBMISSION,VEV_5000,XIREC,265.0,11
108700,,SUBMISSION,VEV_5000,XIREC,266.0,7
108700,,SUBMISSION,VEV_5000,XIREC,265.0,12
108800,,SUBMISSION,VELVETFRUIT_EXTRACT,XIREC,5264.0,8
108800,,SUBMISSION,VEV_5000,XIREC,268.0,12
108800,,SUBMISSION,VEV_5000,XIREC,267.0,5
108900,,SUBMISSION,VEV_5000,XIREC,268.0,8
108900,,SUBMISSION,VEV_5000,XIREC,267.0,12
108900,,SUBMISSION,VEV_5100,XIREC,179.0,5
109000,,SUBMISSION,VELVETFRUIT_EXTRACT,XIREC,5264.0,19
109000,,SUBMISSION,VEV_5000,XIREC,268.0,11
109000,,SUBMISSION,VEV_5000,XIREC,267.0,8
109000,Mark 67,Mark 49,VELVETFRUIT_EXTRACT,XIREC,5265.0,12
109100,,SUBMISSION,VEV_5000,XIREC,268.0,22
109100,,SUBMISSION,VEV_5100,XIREC,180.0,2
109100,Mark 14,Mark 38,HYDROGEL_PACK,XIREC,9957.0,2
109200,,SUBMISSION,VEV_5000,XIREC,267.0,12
109200,,SUBMISSION,VEV_5000,XIREC,266.0,9
109300,,SUBMISSION,VEV_5000,XIREC,268.0,23
109300,,SUBMISSION,VEV_5100,XIREC,180.0,2
109400,,SUBMISSION,VEV_5000,XIREC,270.0,6
109400,,SUBMISSION,VEV_5000,XIREC,269.0,15
109400,,SUBMISSION,VEV_5100,XIREC,181.0,8
109500,,SUBMISSION,VEV_5000,XIREC,270.0,12
109500,,SUBMISSION,VEV_5000,XIREC,269.0,17
109600,,SUBMISSION,VEV_5000,XIREC,271.0,30
109600,,SUBMISSION,VEV_5100,XIREC,182.0,4
109700,,SUBMISSION,VEV_5000,XIREC,272.0,12
109700,,SUBMISSION,VEV_5000,XIREC,271.0,22
109800,,SUBMISSION,VEV_5100,XIREC,183.0,23
109800,,SUBMISSION,VEV_5200,XIREC,110.0,8
109800,,SUBMISSION,VEV_5200,XIREC,109.0,4
109900,,SUBMISSION,VEV_5100,XIREC,182.0,32
109900,,SUBMISSION,VEV_5200,XIREC,109.0,1
110000,,SUBMISSION,VEV_5100,XIREC,182.0,22
110000,,SUBMISSION,VEV_5200,XIREC,109.0,9
110100,,SUBMISSION,VEV_5100,XIREC,180.0,24
110100,Mark 01,Mark 55,VELVETFRUIT_EXTRACT,XIREC,5265.0,4
110200,,SUBMISSION,VEV_5100,XIREC,180.0,10
110200,,SUBMISSION,VEV_5100,XIREC,179.0,15
110300,,SUBMISSION,VEV_5100,XIREC,180.0,14
110300,,SUBMISSION,VEV_5200,XIREC,107.0,11
110400,,SUBMISSION,VEV_5200,XIREC,108.0,7
110400,,SUBMISSION,VEV_5200,XIREC,107.0,14
110400,,SUBMISSION,VEV_5300,XIREC,54.0,5
110500,,SUBMISSION,VEV_5200,XIREC,107.0,24
110600,,SUBMISSION,VEV_5200,XIREC,107.0,10
110600,,SUBMISSION,VEV_5200,XIREC,106.0,12
110700,,SUBMISSION,VEV_5200,XIREC,107.0,8
110700,,SUBMISSION,VEV_5200,XIREC,106.0,9
110700,,SUBMISSION,VEV_5300,XIREC,54.0,5
110800,,SUBMISSION,VEV_5300,XIREC,54.0,20
110900,,SUBMISSION,VEV_5300,XIREC,53.0,21
111000,,SUBMISSION,VEV_5300,XIREC,53.0,16
111100,,SUBMISSION,VEV_5300,XIREC,53.0,16
111200,,SUBMISSION,VEV_5300,XIREC,54.0,3
111200,,SUBMISSION,VEV_5300,XIREC,54.0,3
112000,Mark 14,Mark 55,VELVETFRUIT_EXTRACT,XIREC,5260.0,3
112700,Mark 14,Mark 38,HYDROGEL_PACK,XIREC,9948.0,2
113900,Mark 38,Mark 14,HYDROGEL_PACK,XIREC,9956.0,2
115500,Mark 14,Mark 38,HYDROGEL_PACK,XIREC,9937.0,3
118800,Mark 14,Mark 55,VELVETFRUIT_EXTRACT,XIREC,5257.0,3
119400,Mark 38,Mark 14,HYDROGEL_PACK,XIREC,9962.0,3
120300,Mark 01,Mark 22,VEV_5400,XIREC,18.0,4
120300,Mark 01,Mark 22,VEV_5500,XIREC,8.0,4
120300,Mark 01,Mark 22,VEV_6000,XIREC,0.0,4
120300,Mark 01,Mark 22,VEV_6500,XIREC,0.0,4
120700,Mark 38,Mark 14,HYDROGEL_PACK,XIREC,9958.0,2
123300,Mark 01,Mark 55,VELVETFRUIT_EXTRACT,XIREC,5262.0,7
125100,,SUBMISSION,VEV_4000,XIREC,1264.0,5
125100,,SUBMISSION,VEV_4500,XIREC,764.0,5
125600,Mark 55,SUBMISSION,VELVETFRUIT_EXTRACT,XIREC,5264.0,3
126000,Mark 38,Mark 14,HYDROGEL_PACK,XIREC,9953.0,4
127200,Mark 01,Mark 22,VEV_5500,XIREC,8.0,3
127200,Mark 01,Mark 22,VEV_6000,XIREC,0.0,3
127200,Mark 01,Mark 22,VEV_6500,XIREC,0.0,3
129100,Mark 38,SUBMISSION,VEV_4000,XIREC,1274.0,3
129500,Mark 38,Mark 14,HYDROGEL_PACK,XIREC,9967.0,6
129800,Mark 14,Mark 38,HYDROGEL_PACK,XIREC,9951.0,4
130800,Mark 14,Mark 38,HYDROGEL_PACK,XIREC,9946.0,5
131300,Mark 49,Mark 55,VELVETFRUIT_EXTRACT,XIREC,5265.0,5
131800,Mark 01,Mark 55,VELVETFRUIT_EXTRACT,XIREC,5261.0,5
132600,Mark 67,SUBMISSION,VELVETFRUIT_EXTRACT,XIREC,5262.0,10
133100,Mark 14,Mark 38,VEV_4000,XIREC,1253.0,3
133700,Mark 14,Mark 38,HYDROGEL_PACK,XIREC,9948.0,4
134000,Mark 14,Mark 55,VELVETFRUIT_EXTRACT,XIREC,5264.0,8
134500,Mark 14,Mark 38,HYDROGEL_PACK,XIREC,9944.0,6
135200,Mark 55,SUBMISSION,VELVETFRUIT_EXTRACT,XIREC,5263.0,8
135200,,SUBMISSION,VEV_5100,XIREC,174.0,1
135500,Mark 14,Mark 55,VELVETFRUIT_EXTRACT,XIREC,5257.0,7
135800,,SUBMISSION,VEV_5100,XIREC,175.0,1
135900,,SUBMISSION,VEV_5100,XIREC,176.0,1
135900,Mark 01,Mark 22,VEV_5300,XIREC,52.0,3
135900,Mark 01,Mark 22,VEV_5400,XIREC,19.0,3
135900,Mark 01,Mark 22,VEV_5500,XIREC,8.0,3
135900,Mark 01,Mark 22,VEV_6000,XIREC,0.0,3
135900,Mark 01,Mark 22,VEV_6500,XIREC,0.0,3
137000,Mark 14,Mark 38,VEV_4000,XIREC,1252.0,3
137300,Mark 14,Mark 38,VEV_4000,XIREC,1251.0,3
137600,Mark 38,SUBMISSION,VEV_4000,XIREC,1268.0,1
137600,Mark 38,Mark 14,VEV_4000,XIREC,1269.0,2
137800,Mark 14,Mark 38,HYDROGEL_PACK,XIREC,9942.0,3
138000,Mark 01,Mark 55,VELVETFRUIT_EXTRACT,XIREC,5254.0,7
138100,Mark 38,Mark 14,HYDROGEL_PACK,XIREC,9959.0,2
139700,Mark 67,SUBMISSION,VELVETFRUIT_EXTRACT,XIREC,5256.0,6
139700,Mark 67,Mark 22,VELVETFRUIT_EXTRACT,XIREC,5257.0,2
140000,Mark 55,SUBMISSION,VELVETFRUIT_EXTRACT,XIREC,5260.0,4
140000,Mark 55,Mark 14,VELVETFRUIT_EXTRACT,XIREC,5261.0,1
140100,Mark 55,SUBMISSION,VELVETFRUIT_EXTRACT,XIREC,5259.0,3
140100,Mark 55,Mark 14,VELVETFRUIT_EXTRACT,XIREC,5260.0,1
141000,Mark 55,SUBMISSION,VELVETFRUIT_EXTRACT,XIREC,5259.0,3
141000,Mark 55,Mark 14,VELVETFRUIT_EXTRACT,XIREC,5260.0,1
142000,Mark 55,SUBMISSION,VELVETFRUIT_EXTRACT,XIREC,5261.0,2
142000,Mark 55,Mark 14,VELVETFRUIT_EXTRACT,XIREC,5262.0,4
144500,Mark 01,Mark 55,VELVETFRUIT_EXTRACT,XIREC,5258.0,5
145500,Mark 01,Mark 22,VEV_5400,XIREC,19.0,2
145500,Mark 01,Mark 22,VEV_5500,XIREC,8.0,2
145500,Mark 01,Mark 22,VEV_6000,XIREC,0.0,2
145500,Mark 01,Mark 22,VEV_6500,XIREC,0.0,2
145600,Mark 38,Mark 14,HYDROGEL_PACK,XIREC,9962.0,5
146500,Mark 38,Mark 14,HYDROGEL_PACK,XIREC,9963.0,6
146700,Mark 14,Mark 55,VELVETFRUIT_EXTRACT,XIREC,5260.0,7
147900,Mark 14,Mark 38,VEV_4000,XIREC,1256.0,1
148000,Mark 38,Mark 14,HYDROGEL_PACK,XIREC,9972.0,3
148300,Mark 22,Mark 55,VELVETFRUIT_EXTRACT,XIREC,5265.0,4
148800,,SUBMISSION,VELVETFRUIT_EXTRACT,XIREC,5262.0,2
150600,Mark 01,Mark 22,VEV_5300,XIREC,53.0,2
150600,Mark 01,Mark 22,VEV_5400,XIREC,20.0,2
150600,Mark 01,Mark 22,VEV_5500,XIREC,8.0,2
150600,Mark 01,Mark 22,VEV_6000,XIREC,0.0,2
150600,Mark 01,Mark 22,VEV_6500,XIREC,0.0,2
150700,Mark 55,SUBMISSION,VELVETFRUIT_EXTRACT,XIREC,5267.0,1
150700,Mark 55,Mark 01,VELVETFRUIT_EXTRACT,XIREC,5268.0,6
151100,Mark 14,Mark 38,HYDROGEL_PACK,XIREC,9945.0,4
151200,Mark 14,Mark 38,HYDROGEL_PACK,XIREC,9944.0,6
151400,Mark 01,Mark 55,VELVETFRUIT_EXTRACT,XIREC,5261.0,7
152700,Mark 14,Mark 38,HYDROGEL_PACK,XIREC,9944.0,5
153000,Mark 01,Mark 22,VEV_5400,XIREC,18.0,4
153000,Mark 01,Mark 22,VEV_5500,XIREC,7.0,4
153000,Mark 01,Mark 22,VEV_6000,XIREC,0.0,4
153000,Mark 01,Mark 22,VEV_6500,XIREC,0.0,4
154100,Mark 14,Mark 38,VEV_4000,XIREC,1242.0,3
155500,SUBMISSION,,VELVETFRUIT_EXTRACT,XIREC,5251.0,22
155500,SUBMISSION,,VELVETFRUIT_EXTRACT,XIREC,5252.0,48
155900,Mark 38,Mark 14,HYDROGEL_PACK,XIREC,9966.0,4
156200,Mark 14,Mark 38,VEV_4000,XIREC,1237.0,1
156400,Mark 14,Mark 38,HYDROGEL_PACK,XIREC,9949.0,6
159900,Mark 14,Mark 38,HYDROGEL_PACK,XIREC,9961.0,3
160600,,SUBMISSION,VELVETFRUIT_EXTRACT,XIREC,5252.0,11
161200,Mark 14,Mark 38,HYDROGEL_PACK,XIREC,9956.0,6
163300,Mark 67,SUBMISSION,VELVETFRUIT_EXTRACT,XIREC,5253.0,9
163300,Mark 67,Mark 22,VELVETFRUIT_EXTRACT,XIREC,5254.0,1
164000,Mark 14,Mark 55,VELVETFRUIT_EXTRACT,XIREC,5251.0,5
164300,Mark 38,Mark 14,HYDROGEL_PACK,XIREC,9973.0,5
165500,SUBMISSION,Mark 55,VELVETFRUIT_EXTRACT,XIREC,5250.0,4
167300,Mark 14,Mark 38,HYDROGEL_PACK,XIREC,9957.0,3
167600,SUBMISSION,Mark 55,VELVETFRUIT_EXTRACT,XIREC,5250.0,6
167600,Mark 14,Mark 38,VEV_4000,XIREC,1242.0,2
168400,SUBMISSION,Mark 55,VELVETFRUIT_EXTRACT,XIREC,5249.0,3
168500,Mark 38,Mark 14,VEV_4000,XIREC,1261.0,2
168700,Mark 38,Mark 14,VEV_4000,XIREC,1260.0,1
170400,Mark 01,Mark 22,VEV_5400,XIREC,17.0,5
170400,Mark 01,Mark 22,VEV_5500,XIREC,7.0,5
170400,Mark 01,Mark 22,VEV_6000,XIREC,0.0,5
170400,Mark 01,Mark 22,VEV_6500,XIREC,0.0,5
170500,Mark 14,Mark 22,VEV_5300,XIREC,46.0,3
170500,Mark 01,Mark 22,VEV_5500,XIREC,7.0,3
170500,Mark 01,Mark 22,VEV_6000,XIREC,0.0,3
170500,Mark 01,Mark 22,VEV_6500,XIREC,0.0,3
170900,Mark 38,Mark 14,VEV_4000,XIREC,1260.0,3
171400,Mark 38,Mark 14,HYDROGEL_PACK,XIREC,9992.0,6
171700,SUBMISSION,Mark 55,VELVETFRUIT_EXTRACT,XIREC,5249.0,7
172400,Mark 14,Mark 38,VEV_4000,XIREC,1238.0,1
172500,Mark 01,Mark 22,VEV_5300,XIREC,46.0,5
172500,Mark 01,Mark 22,VEV_5400,XIREC,17.0,5
172500,Mark 01,Mark 22,VEV_5500,XIREC,7.0,5
172500,Mark 01,Mark 22,VEV_6000,XIREC,0.0,5
172500,Mark 01,Mark 22,VEV_6500,XIREC,0.0,5
174200,Mark 38,Mark 14,HYDROGEL_PACK,XIREC,9988.0,5
174400,SUBMISSION,,VELVETFRUIT_EXTRACT,XIREC,5247.0,6
174400,Mark 38,Mark 14,HYDROGEL_PACK,XIREC,9991.0,6
174500,SUBMISSION,,VELVETFRUIT_EXTRACT,XIREC,5247.0,7
174700,SUBMISSION,,VELVETFRUIT_EXTRACT,XIREC,5248.0,2
175700,SUBMISSION,,VELVETFRUIT_EXTRACT,XIREC,5248.0,2
175800,SUBMISSION,,VELVETFRUIT_EXTRACT,XIREC,5247.0,6
175900,SUBMISSION,,VELVETFRUIT_EXTRACT,XIREC,5248.0,2
177300,SUBMISSION,,VELVETFRUIT_EXTRACT,XIREC,5249.0,1
177600,SUBMISSION,,VELVETFRUIT_EXTRACT,XIREC,5248.0,3
177700,SUBMISSION,,VELVETFRUIT_EXTRACT,XIREC,5247.0,7
177800,SUBMISSION,,VELVETFRUIT_EXTRACT,XIREC,5249.0,1
177900,SUBMISSION,,VELVETFRUIT_EXTRACT,XIREC,5247.0,1
178000,Mark 14,Mark 38,HYDROGEL_PACK,XIREC,9988.0,3
179200,SUBMISSION,,VELVETFRUIT_EXTRACT,XIREC,5248.0,4
179200,SUBMISSION,Mark 55,VELVETFRUIT_EXTRACT,XIREC,5244.0,4
179400,SUBMISSION,,VELVETFRUIT_EXTRACT,XIREC,5247.0,8
179500,SUBMISSION,,VELVETFRUIT_EXTRACT,XIREC,5246.0,12
179600,SUBMISSION,,VELVETFRUIT_EXTRACT,XIREC,5247.0,8
179800,SUBMISSION,,VELVETFRUIT_EXTRACT,XIREC,5247.0,8
179900,SUBMISSION,,VELVETFRUIT_EXTRACT,XIREC,5248.0,4
180000,SUBMISSION,,VELVETFRUIT_EXTRACT,XIREC,5248.0,6
180100,SUBMISSION,,VELVETFRUIT_EXTRACT,XIREC,5248.0,4
180100,Mark 55,Mark 01,VELVETFRUIT_EXTRACT,XIREC,5248.0,3
180900,SUBMISSION,,VELVETFRUIT_EXTRACT,XIREC,5247.0,2
181300,,SUBMISSION,HYDROGEL_PACK,XIREC,10000.0,13
181600,SUBMISSION,,VELVETFRUIT_EXTRACT,XIREC,5248.0,5
181700,SUBMISSION,,VELVETFRUIT_EXTRACT,XIREC,5248.0,5
181800,SUBMISSION,,VELVETFRUIT_EXTRACT,XIREC,5247.0,9
181900,SUBMISSION,,VELVETFRUIT_EXTRACT,XIREC,5246.0,13
182000,SUBMISSION,,VELVETFRUIT_EXTRACT,XIREC,5245.0,17
182100,SUBMISSION,,VELVETFRUIT_EXTRACT,XIREC,5246.0,13
182100,Mark 14,Mark 38,HYDROGEL_PACK,XIREC,10012.0,3
182200,SUBMISSION,,VELVETFRUIT_EXTRACT,XIREC,5246.0,13
182300,SUBMISSION,,VELVETFRUIT_EXTRACT,XIREC,5246.0,13
182400,SUBMISSION,,VELVETFRUIT_EXTRACT,XIREC,5247.0,9
182500,SUBMISSION,,VELVETFRUIT_EXTRACT,XIREC,5248.0,5
182700,SUBMISSION,,VELVETFRUIT_EXTRACT,XIREC,5248.0,5
182800,SUBMISSION,,VELVETFRUIT_EXTRACT,XIREC,5246.0,8
182800,SUBMISSION,,VELVETFRUIT_EXTRACT,XIREC,5249.0,1
182800,Mark 14,Mark 38,HYDROGEL_PACK,XIREC,10010.0,5
183000,SUBMISSION,,VELVETFRUIT_EXTRACT,XIREC,5248.0,1
183100,SUBMISSION,,VELVETFRUIT_EXTRACT,XIREC,5248.0,1
183200,SUBMISSION,,VELVETFRUIT_EXTRACT,XIREC,5249.0,1
183300,SUBMISSION,,VELVETFRUIT_EXTRACT,XIREC,5249.0,1
183400,SUBMISSION,,VELVETFRUIT_EXTRACT,XIREC,5248.0,5
183500,SUBMISSION,,VELVETFRUIT_EXTRACT,XIREC,5248.0,5
183600,SUBMISSION,,VELVETFRUIT_EXTRACT,XIREC,5248.0,4
183600,SUBMISSION,,VEV_5000,XIREC,254.0,1
183800,SUBMISSION,,VELVETFRUIT_EXTRACT,XIREC,5248.0,4
183900,SUBMISSION,,VELVETFRUIT_EXTRACT,XIREC,5247.0,3
184000,SUBMISSION,,VELVETFRUIT_EXTRACT,XIREC,5245.0,12
184100,SUBMISSION,,VELVETFRUIT_EXTRACT,XIREC,5244.0,5
184100,SUBMISSION,,VEV_5000,XIREC,250.0,6
184200,SUBMISSION,,VELVETFRUIT_EXTRACT,XIREC,5243.0,6
184200,Mark 38,Mark 14,VEV_4000,XIREC,1251.0,3
184500,SUBMISSION,,VEV_5000,XIREC,250.0,8
184800,SUBMISSION,,VELVETFRUIT_EXTRACT,XIREC,5240.0,6
184800,SUBMISSION,,VELVETFRUIT_EXTRACT,XIREC,5243.0,1
184900,SUBMISSION,,VEV_5000,XIREC,248.0,6
185000,SUBMISSION,,VEV_5000,XIREC,250.0,11
185100,SUBMISSION,,VEV_5000,XIREC,248.0,6
185200,SUBMISSION,,VEV_5000,XIREC,249.0,11
185200,SUBMISSION,,VEV_5000,XIREC,250.0,9
185300,SUBMISSION,,VELVETFRUIT_EXTRACT,XIREC,5241.0,2
185400,,SUBMISSION,HYDROGEL_PACK,XIREC,10017.0,2
185400,SUBMISSION,,VELVETFRUIT_EXTRACT,XIREC,5239.0,5
185500,,SUBMISSION,HYDROGEL_PACK,XIREC,10018.0,3
185600,,SUBMISSION,HYDROGEL_PACK,XIREC,10023.0,8
185700,,SUBMISSION,HYDROGEL_PACK,XIREC,10023.0,8
185800,,SUBMISSION,HYDROGEL_PACK,XIREC,10024.0,9
185800,Mark 38,SUBMISSION,HYDROGEL_PACK,XIREC,10039.0,4
185900,,SUBMISSION,HYDROGEL_PACK,XIREC,10024.0,9
186000,,SUBMISSION,HYDROGEL_PACK,XIREC,10023.0,8
186000,SUBMISSION,,VEV_5000,XIREC,245.0,9
186000,SUBMISSION,,VEV_5000,XIREC,246.0,15
186100,,SUBMISSION,HYDROGEL_PACK,XIREC,10022.0,7
186200,,SUBMISSION,HYDROGEL_PACK,XIREC,10017.0,2
186400,,SUBMISSION,HYDROGEL_PACK,XIREC,10017.0,2
186500,,SUBMISSION,HYDROGEL_PACK,XIREC,10021.0,6
186600,,SUBMISSION,HYDROGEL_PACK,XIREC,10020.0,5
186700,,SUBMISSION,HYDROGEL_PACK,XIREC,10022.0,7
186800,,SUBMISSION,HYDROGEL_PACK,XIREC,10020.0,5
186800,SUBMISSION,,VEV_5000,XIREC,246.0,20
186900,,SUBMISSION,HYDROGEL_PACK,XIREC,10020.0,5
187000,,SUBMISSION,HYDROGEL_PACK,XIREC,10022.0,7
187100,,SUBMISSION,HYDROGEL_PACK,XIREC,10021.0,6
187200,,SUBMISSION,HYDROGEL_PACK,XIREC,10022.0,7
187300,,SUBMISSION,HYDROGEL_PACK,XIREC,10022.0,7
187400,,SUBMISSION,HYDROGEL_PACK,XIREC,10019.0,4
187400,Mark 55,Mark 01,VELVETFRUIT_EXTRACT,XIREC,5235.0,8
187500,,SUBMISSION,HYDROGEL_PACK,XIREC,10018.0,3
187500,SUBMISSION,,VELVETFRUIT_EXTRACT,XIREC,5234.0,2
187600,,SUBMISSION,HYDROGEL_PACK,XIREC,10016.0,1
187600,Mark 55,Mark 01,VELVETFRUIT_EXTRACT,XIREC,5235.0,5
187700,,SUBMISSION,HYDROGEL_PACK,XIREC,10017.0,2
187800,,SUBMISSION,HYDROGEL_PACK,XIREC,10018.0,3
187900,,SUBMISSION,HYDROGEL_PACK,XIREC,10017.0,2
188000,,SUBMISSION,HYDROGEL_PACK,XIREC,10018.0,3
188100,,SUBMISSION,HYDROGEL_PACK,XIREC,10021.0,6
188200,,SUBMISSION,HYDROGEL_PACK,XIREC,10022.0,8
188300,,SUBMISSION,HYDROGEL_PACK,XIREC,10020.0,6
188400,,SUBMISSION,HYDROGEL_PACK,XIREC,10021.0,6
188400,Mark 14,Mark 38,HYDROGEL_PACK,XIREC,10021.0,4
188500,,SUBMISSION,HYDROGEL_PACK,XIREC,10021.0,6
188600,,SUBMISSION,HYDROGEL_PACK,XIREC,10022.0,7
188700,,SUBMISSION,HYDROGEL_PACK,XIREC,10023.0,8
188800,,SUBMISSION,HYDROGEL_PACK,XIREC,10021.0,6
188800,SUBMISSION,Mark 55,VELVETFRUIT_EXTRACT,XIREC,5233.0,6
188800,SUBMISSION,,VEV_5000,XIREC,242.0,11
188900,,SUBMISSION,HYDROGEL_PACK,XIREC,10018.0,3
189000,,SUBMISSION,HYDROGEL_PACK,XIREC,10019.0,4
189100,,SUBMISSION,HYDROGEL_PACK,XIREC,10020.0,5
189200,,SUBMISSION,HYDROGEL_PACK,XIREC,10022.0,7
189300,,SUBMISSION,HYDROGEL_PACK,XIREC,10025.0,10
189400,,SUBMISSION,HYDROGEL_PACK,XIREC,10026.0,11
189500,,SUBMISSION,HYDROGEL_PACK,XIREC,10023.0,9
189600,,SUBMISSION,HYDROGEL_PACK,XIREC,10026.0,10
189600,,SUBMISSION,HYDROGEL_PACK,XIREC,10023.0,1
189700,,SUBMISSION,HYDROGEL_PACK,XIREC,10022.0,7
189800,,SUBMISSION,HYDROGEL_PACK,XIREC,10022.0,7
189900,,SUBMISSION,HYDROGEL_PACK,XIREC,10022.0,7
189900,SUBMISSION,,VEV_5000,XIREC,248.0,6
190000,,SUBMISSION,HYDROGEL_PACK,XIREC,10019.0,4
190100,,SUBMISSION,HYDROGEL_PACK,XIREC,10018.0,3
190100,SUBMISSION,,VEV_4000,XIREC,1238.0,3
190100,SUBMISSION,,VEV_4500,XIREC,738.0,3
190100,SUBMISSION,,VEV_5000,XIREC,244.0,3
190100,Mark 01,Mark 22,VEV_5300,XIREC,42.0,3
190100,Mark 01,Mark 22,VEV_5400,XIREC,15.0,3
190100,Mark 01,Mark 22,VEV_5500,XIREC,6.0,3
190100,Mark 01,Mark 22,VEV_6000,XIREC,0.0,3
190100,Mark 01,Mark 22,VEV_6500,XIREC,0.0,3
190200,,SUBMISSION,HYDROGEL_PACK,XIREC,10019.0,4
190200,SUBMISSION,,VEV_5000,XIREC,246.0,9
190300,,SUBMISSION,HYDROGEL_PACK,XIREC,10018.0,3
190400,,SUBMISSION,HYDROGEL_PACK,XIREC,10018.0,3
190500,,SUBMISSION,HYDROGEL_PACK,XIREC,10018.0,3
190600,SUBMISSION,Mark 55,VELVETFRUIT_EXTRACT,XIREC,5235.0,6
190700,,SUBMISSION,HYDROGEL_PACK,XIREC,10019.0,2
190700,Mark 55,Mark 14,VELVETFRUIT_EXTRACT,XIREC,5239.0,3
190800,,SUBMISSION,HYDROGEL_PACK,XIREC,10020.0,1
191000,,SUBMISSION,HYDROGEL_PACK,XIREC,10026.0,4
191100,SUBMISSION,Mark 55,VELVETFRUIT_EXTRACT,XIREC,5238.0,8
191900,SUBMISSION,,VEV_5000,XIREC,248.0,10
192600,SUBMISSION,Mark 55,VELVETFRUIT_EXTRACT,XIREC,5232.0,3
192800,Mark 14,Mark 38,HYDROGEL_PACK,XIREC,10007.0,5
193400,Mark 38,SUBMISSION,HYDROGEL_PACK,XIREC,10025.0,4
193600,SUBMISSION,,VEV_5000,XIREC,246.0,16
194200,Mark 38,SUBMISSION,VEV_4000,XIREC,1246.0,2
194400,SUBMISSION,Mark 55,VELVETFRUIT_EXTRACT,XIREC,5235.0,5
195200,Mark 55,Mark 14,VELVETFRUIT_EXTRACT,XIREC,5236.0,3
195600,SUBMISSION,,VEV_4000,XIREC,1235.0,3
195600,SUBMISSION,,VEV_4500,XIREC,735.0,3
195600,SUBMISSION,,VEV_5000,XIREC,241.0,3
195600,Mark 01,Mark 22,VEV_5300,XIREC,41.0,3
195600,Mark 01,Mark 22,VEV_5400,XIREC,14.0,3
195600,Mark 01,Mark 22,VEV_5500,XIREC,6.0,3
195600,Mark 01,Mark 22,VEV_6000,XIREC,0.0,3
195600,Mark 01,Mark 22,VEV_6500,XIREC,0.0,3
196100,Mark 55,Mark 14,VELVETFRUIT_EXTRACT,XIREC,5236.0,5
196700,Mark 14,Mark 38,VEV_4000,XIREC,1225.0,1
197000,SUBMISSION,,VELVETFRUIT_EXTRACT,XIREC,5235.0,6
197300,SUBMISSION,,VEV_5000,XIREC,246.0,8
197600,SUBMISSION,,VELVETFRUIT_EXTRACT,XIREC,5237.0,4
197600,Mark 67,Mark 49,VELVETFRUIT_EXTRACT,XIREC,5237.0,9
197800,SUBMISSION,,VEV_5000,XIREC,248.0,8
198200,SUBMISSION,,VEV_5000,XIREC,248.0,8
198800,SUBMISSION,,VEV_5000,XIREC,250.0,7
198900,Mark 55,Mark 14,VELVETFRUIT_EXTRACT,XIREC,5243.0,5
199100,SUBMISSION,,VEV_5000,XIREC,250.0,6
199200,Mark 55,Mark 14,VELVETFRUIT_EXTRACT,XIREC,5243.0,5
199400,Mark 38,SUBMISSION,HYDROGEL_PACK,XIREC,10028.0,3
199700,SUBMISSION,,VEV_5000,XIREC,248.0,10
202300,Mark 38,SUBMISSION,VEV_4000,XIREC,1251.0,3
202700,Mark 38,SUBMISSION,HYDROGEL_PACK,XIREC,10032.0,5
203200,Mark 14,Mark 38,HYDROGEL_PACK,XIREC,10014.0,6
203400,SUBMISSION,,VEV_5000,XIREC,250.0,6
203600,SUBMISSION,,VEV_5000,XIREC,249.0,7
203700,Mark 55,Mark 14,VELVETFRUIT_EXTRACT,XIREC,5241.0,3
205400,SUBMISSION,,VELVETFRUIT_EXTRACT,XIREC,5243.0,3
206200,Mark 14,Mark 22,VEV_5400,XIREC,16.0,3
206200,Mark 01,Mark 22,VEV_6000,XIREC,0.0,3
206200,Mark 01,Mark 22,VEV_6500,XIREC,0.0,3
206600,Mark 38,SUBMISSION,VEV_4000,XIREC,1254.0,1
206800,SUBMISSION,Mark 55,VELVETFRUIT_EXTRACT,XIREC,5242.0,2
206800,Mark 01,Mark 55,VELVETFRUIT_EXTRACT,XIREC,5241.0,4
207600,Mark 55,Mark 01,VELVETFRUIT_EXTRACT,XIREC,5251.0,4
209900,,SUBMISSION,VELVETFRUIT_EXTRACT,XIREC,5249.0,22
210300,SUBMISSION,Mark 55,VELVETFRUIT_EXTRACT,XIREC,5250.0,4
210300,Mark 14,Mark 55,VELVETFRUIT_EXTRACT,XIREC,5250.0,1
210600,SUBMISSION,Mark 38,HYDROGEL_PACK,XIREC,9991.0,5
211100,SUBMISSION,Mark 38,HYDROGEL_PACK,XIREC,9997.0,6
212900,,SUBMISSION,VELVETFRUIT_EXTRACT,XIREC,5256.0,4
213200,,SUBMISSION,VELVETFRUIT_EXTRACT,XIREC,5256.0,3
213700,Mark 55,SUBMISSION,VELVETFRUIT_EXTRACT,XIREC,5258.0,5
213800,SUBMISSION,,HYDROGEL_PACK,XIREC,9996.0,1
214200,SUBMISSION,,HYDROGEL_PACK,XIREC,9996.0,1
214300,SUBMISSION,,HYDROGEL_PACK,XIREC,9995.0,3
214400,SUBMISSION,,HYDROGEL_PACK,XIREC,9994.0,4
214400,SUBMISSION,Mark 55,VELVETFRUIT_EXTRACT,XIREC,5250.0,3
214500,SUBMISSION,,HYDROGEL_PACK,XIREC,9991.0,8
214600,SUBMISSION,,HYDROGEL_PACK,XIREC,9989.0,12
214700,SUBMISSION,,HYDROGEL_PACK,XIREC,9992.0,8
214800,SUBMISSION,,HYDROGEL_PACK,XIREC,9991.0,9
214900,SUBMISSION,,HYDROGEL_PACK,XIREC,9990.0,11
215000,SUBMISSION,,HYDROGEL_PACK,XIREC,9992.0,8
215000,SUBMISSION,Mark 55,VELVETFRUIT_EXTRACT,XIREC,5250.0,4
215100,SUBMISSION,,HYDROGEL_PACK,XIREC,9994.0,4
215200,SUBMISSION,,HYDROGEL_PACK,XIREC,9994.0,4
215300,SUBMISSION,,HYDROGEL_PACK,XIREC,9994.0,4
215400,SUBMISSION,,HYDROGEL_PACK,XIREC,9992.0,8
215500,SUBMISSION,,HYDROGEL_PACK,XIREC,9994.0,4
215600,SUBMISSION,,HYDROGEL_PACK,XIREC,9995.0,3
215700,SUBMISSION,,HYDROGEL_PACK,XIREC,9995.0,3
215800,SUBMISSION,,HYDROGEL_PACK,XIREC,9995.0,3
216000,Mark 38,Mark 14,VEV_4000,XIREC,1263.0,1
217100,Mark 55,SUBMISSION,VELVETFRUIT_EXTRACT,XIREC,5256.0,4
217500,Mark 38,SUBMISSION,HYDROGEL_PACK,XIREC,10010.0,4
217800,Mark 38,Mark 14,VEV_4000,XIREC,1263.0,1
218500,Mark 38,SUBMISSION,HYDROGEL_PACK,XIREC,10016.0,5
218900,Mark 38,SUBMISSION,HYDROGEL_PACK,XIREC,10013.0,3
218900,SUBMISSION,Mark 55,VELVETFRUIT_EXTRACT,XIREC,5250.0,5
218900,Mark 14,Mark 55,VELVETFRUIT_EXTRACT,XIREC,5249.0,3
221000,SUBMISSION,,VEV_5000,XIREC,252.0,6
221100,SUBMISSION,,VEV_5000,XIREC,252.0,6
221200,Mark 38,SUBMISSION,HYDROGEL_PACK,XIREC,10010.0,5
221700,SUBMISSION,,VEV_5000,XIREC,251.0,7
221800,SUBMISSION,Mark 55,VELVETFRUIT_EXTRACT,XIREC,5242.0,7
221800,SUBMISSION,,VEV_5000,XIREC,252.0,7
222000,SUBMISSION,,VEV_5000,XIREC,251.0,7
222900,Mark 14,Mark 38,VEV_4000,XIREC,1236.0,3
223300,Mark 38,Mark 14,VEV_4000,XIREC,1257.0,2
223500,SUBMISSION,,HYDROGEL_PACK,XIREC,9998.0,2
223600,SUBMISSION,,HYDROGEL_PACK,XIREC,9994.0,9
223700,SUBMISSION,,HYDROGEL_PACK,XIREC,9992.0,13
223800,SUBMISSION,,HYDROGEL_PACK,XIREC,9994.0,9
223900,SUBMISSION,,HYDROGEL_PACK,XIREC,9996.0,6
224000,SUBMISSION,,HYDROGEL_PACK,XIREC,9997.0,4
224100,SUBMISSION,,HYDROGEL_PACK,XIREC,9994.0,9
224100,Mark 38,Mark 14,VEV_4000,XIREC,1258.0,2
224200,SUBMISSION,,HYDROGEL_PACK,XIREC,9996.0,6
224300,SUBMISSION,,HYDROGEL_PACK,XIREC,9994.0,10
224400,SUBMISSION,,HYDROGEL_PACK,XIREC,9994.0,10
224500,SUBMISSION,,HYDROGEL_PACK,XIREC,9994.0,9
224600,SUBMISSION,,HYDROGEL_PACK,XIREC,9993.0,10
224600,SUBMISSION,,HYDROGEL_PACK,XIREC,9996.0,1
224700,SUBMISSION,,HYDROGEL_PACK,XIREC,9993.0,10
224700,SUBMISSION,,HYDROGEL_PACK,XIREC,9995.0,1
224800,SUBMISSION,,HYDROGEL_PACK,XIREC,9992.0,12
224800,SUBMISSION,,HYDROGEL_PACK,XIREC,9995.0,1
224900,SUBMISSION,,HYDROGEL_PACK,XIREC,9990.0,15
224900,SUBMISSION,,HYDROGEL_PACK,XIREC,9992.0,2
225000,SUBMISSION,,HYDROGEL_PACK,XIREC,9989.0,11
225000,SUBMISSION,,HYDROGEL_PACK,XIREC,9992.0,3
225100,Mark 55,SUBMISSION,VELVETFRUIT_EXTRACT,XIREC,5253.0,5
225500,SUBMISSION,,HYDROGEL_PACK,XIREC,9988.0,2
225800,SUBMISSION,,HYDROGEL_PACK,XIREC,9987.0,2
226100,SUBMISSION,Mark 38,HYDROGEL_PACK,XIREC,9975.0,5
229100,Mark 38,Mark 14,VEV_4000,XIREC,1258.0,1
229900,SUBMISSION,,VEV_5000,XIREC,254.0,3
230000,SUBMISSION,,VEV_5000,XIREC,254.0,3
230000,Mark 38,Mark 14,HYDROGEL_PACK,XIREC,9998.0,4
230100,SUBMISSION,,VEV_5000,XIREC,254.0,3
230400,SUBMISSION,,VEV_5000,XIREC,254.0,3
230700,SUBMISSION,,VEV_5000,XIREC,252.0,6
230800,Mark 38,SUBMISSION,HYDROGEL_PACK,XIREC,10006.0,3
231000,SUBMISSION,,VEV_5000,XIREC,252.0,11
231100,SUBMISSION,,VEV_5000,XIREC,252.0,7
231400,SUBMISSION,,VEV_5000,XIREC,252.0,11
231700,SUBMISSION,,VEV_5000,XIREC,252.0,11
232000,SUBMISSION,,VEV_5000,XIREC,252.0,11
232700,SUBMISSION,,VEV_5000,XIREC,253.0,3
232900,SUBMISSION,,VEV_5000,XIREC,252.0,7
233200,SUBMISSION,,VEV_5000,XIREC,252.0,8
233400,SUBMISSION,,VEV_5000,XIREC,252.0,8
233600,SUBMISSION,,VEV_5000,XIREC,252.0,10
234300,SUBMISSION,,VEV_5000,XIREC,254.0,3
235000,,SUBMISSION,HYDROGEL_PACK,XIREC,10006.0,3
235100,,SUBMISSION,HYDROGEL_PACK,XIREC,10005.0,1
235300,SUBMISSION,,VEV_4000,XIREC,1245.0,3
235300,Mark 01,Mark 22,VEV_5400,XIREC,16.0,3
235300,Mark 01,Mark 22,VEV_5500,XIREC,7.0,3
235300,Mark 01,Mark 22,VEV_6000,XIREC,0.0,3
235300,Mark 01,Mark 22,VEV_6500,XIREC,0.0,3
235600,SUBMISSION,,VEV_5000,XIREC,254.0,3
235900,SUBMISSION,Mark 38,HYDROGEL_PACK,XIREC,9999.0,3
236400,,SUBMISSION,HYDROGEL_PACK,XIREC,10005.0,2
236600,,SUBMISSION,HYDROGEL_PACK,XIREC,10008.0,8
236700,,SUBMISSION,HYDROGEL_PACK,XIREC,10010.0,11
236700,,SUBMISSION,HYDROGEL_PACK,XIREC,10008.0,1
236800,,SUBMISSION,HYDROGEL_PACK,XIREC,10007.0,6
236800,SUBMISSION,,VEV_5000,XIREC,254.0,3
236900,,SUBMISSION,HYDROGEL_PACK,XIREC,10006.0,4
237000,,SUBMISSION,HYDROGEL_PACK,XIREC,10009.0,10
237100,,SUBMISSION,HYDROGEL_PACK,XIREC,10011.0,11
237100,,SUBMISSION,HYDROGEL_PACK,XIREC,10008.0,3
237200,,SUBMISSION,HYDROGEL_PACK,XIREC,10011.0,12
237200,,SUBMISSION,HYDROGEL_PACK,XIREC,10009.0,2
237300,,SUBMISSION,HYDROGEL_PACK,XIREC,10011.0,10
237300,,SUBMISSION,HYDROGEL_PACK,XIREC,10008.0,4
237400,,SUBMISSION,HYDROGEL_PACK,XIREC,10009.0,10
237500,,SUBMISSION,HYDROGEL_PACK,XIREC,10010.0,10
237500,,SUBMISSION,HYDROGEL_PACK,XIREC,10008.0,2
237600,,SUBMISSION,HYDROGEL_PACK,XIREC,10012.0,13
237600,,SUBMISSION,HYDROGEL_PACK,XIREC,10010.0,3
237700,,SUBMISSION,HYDROGEL_PACK,XIREC,10010.0,12
237800,,SUBMISSION,HYDROGEL_PACK,XIREC,10011.0,14
237900,,SUBMISSION,HYDROGEL_PACK,XIREC,10011.0,10
237900,,SUBMISSION,HYDROGEL_PACK,XIREC,10008.0,4
237900,Mark 55,SUBMISSION,VELVETFRUIT_EXTRACT,XIREC,5253.0,6
238000,,SUBMISSION,HYDROGEL_PACK,XIREC,10011.0,14
238100,,SUBMISSION,HYDROGEL_PACK,XIREC,10010.0,12
238200,,SUBMISSION,HYDROGEL_PACK,XIREC,10009.0,10
238200,Mark 38,SUBMISSION,HYDROGEL_PACK,XIREC,10024.0,2
238300,,SUBMISSION,HYDROGEL_PACK,XIREC,10009.0,10
238400,,SUBMISSION,HYDROGEL_PACK,XIREC,10007.0,6
238500,,SUBMISSION,HYDROGEL_PACK,XIREC,10008.0,8
238600,,SUBMISSION,HYDROGEL_PACK,XIREC,10007.0,6
238600,SUBMISSION,,VELVETFRUIT_EXTRACT,XIREC,5249.0,5
238700,,SUBMISSION,HYDROGEL_PACK,XIREC,10009.0,10
239400,Mark 14,Mark 55,VELVETFRUIT_EXTRACT,XIREC,5251.0,6
239500,,SUBMISSION,HYDROGEL_PACK,XIREC,10010.0,3
239600,Mark 55,SUBMISSION,VELVETFRUIT_EXTRACT,XIREC,5254.0,5
239600,Mark 14,Mark 38,HYDROGEL_PACK,XIREC,10006.0,4
239700,Mark 38,SUBMISSION,HYDROGEL_PACK,XIREC,10020.0,6
239800,,SUBMISSION,VELVETFRUIT_EXTRACT,XIREC,5253.0,1
239900,,SUBMISSION,VELVETFRUIT_EXTRACT,XIREC,5253.0,1
240200,,SUBMISSION,VELVETFRUIT_EXTRACT,XIREC,5253.0,1
240200,Mark 55,SUBMISSION,VELVETFRUIT_EXTRACT,XIREC,5257.0,3
240500,,SUBMISSION,HYDROGEL_PACK,XIREC,10014.0,4
240600,,SUBMISSION,VELVETFRUIT_EXTRACT,XIREC,5254.0,5
240600,Mark 14,Mark 38,HYDROGEL_PACK,XIREC,10013.0,3
240700,,SUBMISSION,HYDROGEL_PACK,XIREC,10015.0,3
240700,,SUBMISSION,VELVETFRUIT_EXTRACT,XIREC,5255.0,10
240800,,SUBMISSION,HYDROGEL_PACK,XIREC,10015.0,1
240800,,SUBMISSION,VELVETFRUIT_EXTRACT,XIREC,5254.0,7
240900,,SUBMISSION,VELVETFRUIT_EXTRACT,XIREC,5254.0,7
241000,,SUBMISSION,VELVETFRUIT_EXTRACT,XIREC,5255.0,10
241100,,SUBMISSION,VELVETFRUIT_EXTRACT,XIREC,5257.0,16
241100,,SUBMISSION,VELVETFRUIT_EXTRACT,XIREC,5256.0,2
241200,,SUBMISSION,VELVETFRUIT_EXTRACT,XIREC,5256.0,14
241300,,SUBMISSION,VELVETFRUIT_EXTRACT,XIREC,5256.0,14
241400,,SUBMISSION,VELVETFRUIT_EXTRACT,XIREC,5256.0,14
241500,,SUBMISSION,VELVETFRUIT_EXTRACT,XIREC,5255.0,12
241600,,SUBMISSION,VELVETFRUIT_EXTRACT,XIREC,5257.0,18
241700,,SUBMISSION,VELVETFRUIT_EXTRACT,XIREC,5258.0,19
241700,,SUBMISSION,VELVETFRUIT_EXTRACT,XIREC,5257.0,3
241800,,SUBMISSION,VELVETFRUIT_EXTRACT,XIREC,5256.0,14
241900,,SUBMISSION,VELVETFRUIT_EXTRACT,XIREC,5258.0,22
241900,Mark 14,Mark 38,HYDROGEL_PACK,XIREC,10005.0,2
242000,,SUBMISSION,VELVETFRUIT_EXTRACT,XIREC,5258.0,24
242100,,SUBMISSION,VELVETFRUIT_EXTRACT,XIREC,5259.0,20
242100,,SUBMISSION,VELVETFRUIT_EXTRACT,XIREC,5258.0,6
242200,,SUBMISSION,VELVETFRUIT_EXTRACT,XIREC,5259.0,26
242300,,SUBMISSION,VELVETFRUIT_EXTRACT,XIREC,5258.0,21
242400,,SUBMISSION,VELVETFRUIT_EXTRACT,XIREC,5257.0,3
242400,,SUBMISSION,VEV_5000,XIREC,261.0,11
242400,,SUBMISSION,VEV_5000,XIREC,260.0,3
242500,,SUBMISSION,VEV_5000,XIREC,260.0,7
242500,,SUBMISSION,VEV_5000,XIREC,259.0,6
242600,,SUBMISSION,VEV_5000,XIREC,260.0,10
242600,,SUBMISSION,VEV_5000,XIREC,259.0,3
242700,,SUBMISSION,VEV_5000,XIREC,259.0,6
242800,,SUBMISSION,VEV_5000,XIREC,258.0,4
242900,Mark 67,SUBMISSION,VELVETFRUIT_EXTRACT,XIREC,5253.0,5
243800,,SUBMISSION,VEV_5000,XIREC,259.0,5
243900,,SUBMISSION,VEV_5000,XIREC,258.0,5
244000,,SUBMISSION,VEV_5000,XIREC,258.0,5
244100,,SUBMISSION,VEV_5000,XIREC,257.0,1
244300,,SUBMISSION,VEV_5000,XIREC,258.0,5
244500,,SUBMISSION,VEV_5000,XIREC,257.0,1
244600,,SUBMISSION,VEV_5000,XIREC,258.0,5
244700,,SUBMISSION,VEV_5000,XIREC,258.0,5
244800,,SUBMISSION,VEV_5000,XIREC,258.0,5
244900,,SUBMISSION,VEV_5000,XIREC,258.0,5
245000,,SUBMISSION,VEV_5000,XIREC,258.0,5
245600,Mark 55,SUBMISSION,VELVETFRUIT_EXTRACT,XIREC,5255.0,6
246000,,SUBMISSION,VEV_5000,XIREC,257.0,5
246100,,SUBMISSION,VEV_5000,XIREC,258.0,3
246200,,SUBMISSION,VEV_5000,XIREC,258.0,3
246300,,SUBMISSION,VEV_5000,XIREC,257.0,1
246500,,SUBMISSION,VEV_5000,XIREC,257.0,1
247100,,SUBMISSION,VEV_5000,XIREC,258.0,6
247200,,SUBMISSION,VEV_5000,XIREC,260.0,6
247200,,SUBMISSION,VEV_5000,XIREC,259.0,9
247300,,SUBMISSION,VEV_5000,XIREC,260.0,8
247300,,SUBMISSION,VEV_5000,XIREC,259.0,4
247400,,SUBMISSION,VEV_5000,XIREC,259.0,10
247500,,SUBMISSION,VEV_5000,XIREC,258.0,6
247600,,SUBMISSION,VEV_5000,XIREC,258.0,6
247700,,SUBMISSION,VEV_5000,XIREC,259.0,6
247700,,SUBMISSION,VEV_5000,XIREC,258.0,4
247800,,SUBMISSION,VEV_4000,XIREC,1257.0,2
247800,,SUBMISSION,VEV_4500,XIREC,757.0,2
247800,,SUBMISSION,VEV_5000,XIREC,261.0,2
247800,,SUBMISSION,VEV_5000,XIREC,259.0,2
247900,,SUBMISSION,VEV_5000,XIREC,259.0,8
248000,,SUBMISSION,VEV_5000,XIREC,259.0,10
248100,,SUBMISSION,VEV_5000,XIREC,259.0,9
248100,,SUBMISSION,VEV_5000,XIREC,258.0,1
248200,Mark 38,SUBMISSION,HYDROGEL_PACK,XIREC,10024.0,5
248200,,SUBMISSION,VEV_5000,XIREC,260.0,15
248300,,SUBMISSION,VEV_5000,XIREC,261.0,9
248300,,SUBMISSION,VEV_5000,XIREC,260.0,10
248300,Mark 01,Mark 55,VELVETFRUIT_EXTRACT,XIREC,5257.0,5
248400,,SUBMISSION,VELVETFRUIT_EXTRACT,XIREC,5258.0,2
248400,,SUBMISSION,VEV_5000,XIREC,262.0,24
248500,,SUBMISSION,VELVETFRUIT_EXTRACT,XIREC,5260.0,9
248500,,SUBMISSION,VEV_5000,XIREC,264.0,7
248500,,SUBMISSION,VEV_5000,XIREC,263.0,17
248600,,SUBMISSION,VELVETFRUIT_EXTRACT,XIREC,5261.0,5
248600,,SUBMISSION,VEV_5000,XIREC,265.0,6
248600,,SUBMISSION,VEV_5000,XIREC,264.0,18
248600,,SUBMISSION,VEV_5100,XIREC,177.0,1
248600,,SUBMISSION,VEV_5100,XIREC,177.0,1
248600,,SUBMISSION,VEV_5300,XIREC,53.0,1
248600,,SUBMISSION,VEV_5300,XIREC,53.0,1
248700,,SUBMISSION,VEV_5000,XIREC,265.0,7
248700,,SUBMISSION,VEV_5000,XIREC,264.0,12
248800,,SUBMISSION,VEV_5000,XIREC,264.0,22
248900,,SUBMISSION,VEV_5000,XIREC,265.0,10
248900,,SUBMISSION,VEV_5000,XIREC,264.0,13
249800,,SUBMISSION,VEV_4000,XIREC,1266.0,3
249800,,SUBMISSION,VEV_4500,XIREC,766.0,3
250500,Mark 01,Mark 55,VELVETFRUIT_EXTRACT,XIREC,5260.0,4
250600,SUBMISSION,Mark 38,VEV_4000,XIREC,1253.0,2
251200,Mark 01,Mark 55,VELVETFRUIT_EXTRACT,XIREC,5262.0,8
251600,Mark 38,Mark 14,VEV_4000,XIREC,1275.0,3
251900,Mark 67,SUBMISSION,VELVETFRUIT_EXTRACT,XIREC,5262.0,14
252400,Mark 55,SUBMISSION,VELVETFRUIT_EXTRACT,XIREC,5266.0,6
252500,SUBMISSION,Mark 38,HYDROGEL_PACK,XIREC,9989.0,3
252500,Mark 01,Mark 22,VEV_5300,XIREC,53.0,2
252500,Mark 01,Mark 22,VEV_5400,XIREC,19.0,2
252500,Mark 01,Mark 22,VEV_5500,XIREC,8.0,2
252500,Mark 01,Mark 22,VEV_6000,XIREC,0.0,2
252500,Mark 01,Mark 22,VEV_6500,XIREC,0.0,2
253100,SUBMISSION,,HYDROGEL_PACK,XIREC,10001.0,1
253900,SUBMISSION,,HYDROGEL_PACK,XIREC,10001.0,1
253900,Mark 55,SUBMISSION,VELVETFRUIT_EXTRACT,XIREC,5265.0,3
254200,SUBMISSION,,HYDROGEL_PACK,XIREC,10001.0,2
254300,SUBMISSION,,HYDROGEL_PACK,XIREC,10001.0,2
254400,SUBMISSION,,HYDROGEL_PACK,XIREC,9998.0,9
254500,SUBMISSION,,HYDROGEL_PACK,XIREC,10000.0,4
254600,SUBMISSION,,HYDROGEL_PACK,XIREC,9999.0,7
254700,SUBMISSION,,HYDROGEL_PACK,XIREC,9997.0,3
254700,Mark 38,Mark 14,HYDROGEL_PACK,XIREC,9997.0,5
254800,SUBMISSION,,HYDROGEL_PACK,XIREC,9997.0,11
254800,SUBMISSION,,HYDROGEL_PACK,XIREC,9999.0,1
254900,SUBMISSION,,HYDROGEL_PACK,XIREC,9997.0,12
255000,SUBMISSION,,HYDROGEL_PACK,XIREC,9996.0,13
255000,SUBMISSION,,HYDROGEL_PACK,XIREC,9998.0,1
255000,SUBMISSION,Mark 38,HYDROGEL_PACK,XIREC,9981.0,4
255100,SUBMISSION,,HYDROGEL_PACK,XIREC,9995.0,11
255100,SUBMISSION,,HYDROGEL_PACK,XIREC,9998.0,5
255200,SUBMISSION,,HYDROGEL_PACK,XIREC,9993.0,12
255200,SUBMISSION,,HYDROGEL_PACK,XIREC,9996.0,10
255300,SUBMISSION,,HYDROGEL_PACK,XIREC,9989.0,13
255300,SUBMISSION,,HYDROGEL_PACK,XIREC,9991.0,19
255300,SUBMISSION,Mark 38,HYDROGEL_PACK,XIREC,9974.0,2
255400,SUBMISSION,,HYDROGEL_PACK,XIREC,9989.0,14
255400,SUBMISSION,,HYDROGEL_PACK,XIREC,9991.0,18
255400,SUBMISSION,Mark 38,HYDROGEL_PACK,XIREC,9974.0,3
255500,SUBMISSION,,HYDROGEL_PACK,XIREC,9986.0,13
255500,SUBMISSION,,HYDROGEL_PACK,XIREC,9989.0,23
255600,SUBMISSION,,HYDROGEL_PACK,XIREC,9985.0,14
255600,SUBMISSION,,HYDROGEL_PACK,XIREC,9988.0,21
255700,SUBMISSION,,HYDROGEL_PACK,XIREC,9987.0,12
255700,SUBMISSION,,HYDROGEL_PACK,XIREC,9989.0,14
255800,SUBMISSION,,HYDROGEL_PACK,XIREC,9983.0,6
257600,,SUBMISSION,VEV_4000,XIREC,1263.0,3
257600,,SUBMISSION,VEV_4500,XIREC,763.0,3
258400,Mark 67,SUBMISSION,VELVETFRUIT_EXTRACT,XIREC,5256.0,6
258400,Mark 67,Mark 22,VELVETFRUIT_EXTRACT,XIREC,5257.0,2
262200,SUBMISSION,Mark 55,VELVETFRUIT_EXTRACT,XIREC,5250.0,4
262300,Mark 38,SUBMISSION,HYDROGEL_PACK,XIREC,10004.0,4
262800,Mark 38,SUBMISSION,HYDROGEL_PACK,XIREC,10007.0,2
263100,Mark 38,Mark 14,VEV_4000,XIREC,1268.0,3
263900,Mark 55,SUBMISSION,VELVETFRUIT_EXTRACT,XIREC,5256.0,5
263900,Mark 55,Mark 14,VELVETFRUIT_EXTRACT,XIREC,5257.0,2
265400,Mark 67,Mark 49,VELVETFRUIT_EXTRACT,XIREC,5250.0,9
265600,SUBMISSION,Mark 55,VELVETFRUIT_EXTRACT,XIREC,5249.0,5
265700,SUBMISSION,,VELVETFRUIT_EXTRACT,XIREC,5247.0,14
265800,Mark 55,SUBMISSION,VELVETFRUIT_EXTRACT,XIREC,5252.0,6
265800,Mark 55,Mark 14,VELVETFRUIT_EXTRACT,XIREC,5252.0,1
265900,SUBMISSION,Mark 38,VEV_4000,XIREC,1241.0,1
266300,Mark 38,Mark 14,HYDROGEL_PACK,XIREC,9999.0,4
266500,Mark 55,SUBMISSION,VELVETFRUIT_EXTRACT,XIREC,5252.0,5
266600,Mark 38,Mark 14,HYDROGEL_PACK,XIREC,9997.0,4
267400,Mark 55,SUBMISSION,VELVETFRUIT_EXTRACT,XIREC,5252.0,3
268300,Mark 38,Mark 14,VEV_4000,XIREC,1257.0,2
268700,Mark 55,Mark 14,VELVETFRUIT_EXTRACT,XIREC,5251.0,5
269300,SUBMISSION,Mark 38,HYDROGEL_PACK,XIREC,9974.0,3
269300,SUBMISSION,Mark 55,VELVETFRUIT_EXTRACT,XIREC,5248.0,5
271600,SUBMISSION,Mark 38,VEV_4000,XIREC,1249.0,1
272600,Mark 67,SUBMISSION,VELVETFRUIT_EXTRACT,XIREC,5260.0,7
274600,Mark 38,Mark 14,HYDROGEL_PACK,XIREC,9989.0,2
274900,,SUBMISSION,VELVETFRUIT_EXTRACT,XIREC,5255.0,5
275300,Mark 55,SUBMISSION,VELVETFRUIT_EXTRACT,XIREC,5258.0,4
275300,Mark 55,Mark 01,VELVETFRUIT_EXTRACT,XIREC,5259.0,4
275700,Mark 38,Mark 14,HYDROGEL_PACK,XIREC,9996.0,2
276500,Mark 55,SUBMISSION,VELVETFRUIT_EXTRACT,XIREC,5254.0,2
276500,Mark 55,Mark 14,VELVETFRUIT_EXTRACT,XIREC,5255.0,5
277400,Mark 55,SUBMISSION,VELVETFRUIT_EXTRACT,XIREC,5253.0,2
277400,Mark 55,Mark 14,VELVETFRUIT_EXTRACT,XIREC,5254.0,2
278300,Mark 55,SUBMISSION,VELVETFRUIT_EXTRACT,XIREC,5257.0,2
278300,Mark 55,Mark 14,VELVETFRUIT_EXTRACT,XIREC,5258.0,3
279600,Mark 55,SUBMISSION,VELVETFRUIT_EXTRACT,XIREC,5259.0,2
279600,Mark 55,Mark 01,VELVETFRUIT_EXTRACT,XIREC,5260.0,2
280000,SUBMISSION,,HYDROGEL_PACK,XIREC,9967.0,3
280500,Mark 38,Mark 14,HYDROGEL_PACK,XIREC,9973.0,2
281100,SUBMISSION,Mark 38,HYDROGEL_PACK,XIREC,9953.0,3
281400,SUBMISSION,,VELVETFRUIT_EXTRACT,XIREC,5253.0,15
281400,,SUBMISSION,VELVETFRUIT_EXTRACT,XIREC,5252.0,3
281400,Mark 67,Mark 49,VELVETFRUIT_EXTRACT,XIREC,5253.0,15
281500,Mark 38,Mark 14,VEV_4000,XIREC,1267.0,1
282000,,SUBMISSION,VELVETFRUIT_EXTRACT,XIREC,5255.0,4
282200,Mark 38,Mark 14,HYDROGEL_PACK,XIREC,9979.0,2
282200,Mark 14,Mark 55,VELVETFRUIT_EXTRACT,XIREC,5260.0,7
283400,Mark 55,SUBMISSION,VELVETFRUIT_EXTRACT,XIREC,5258.0,3
283400,Mark 55,Mark 14,VELVETFRUIT_EXTRACT,XIREC,5259.0,4
285400,SUBMISSION,Mark 38,HYDROGEL_PACK,XIREC,9966.0,5
286000,,SUBMISSION,VEV_4000,XIREC,1262.0,5
286000,,SUBMISSION,VEV_4500,XIREC,762.0,5
286300,Mark 55,SUBMISSION,VELVETFRUIT_EXTRACT,XIREC,5265.0,3
286300,Mark 55,Mark 01,VELVETFRUIT_EXTRACT,XIREC,5266.0,3
286600,Mark 38,Mark 14,VEV_4000,XIREC,1277.0,2
288800,Mark 38,Mark 14,VEV_4000,XIREC,1278.0,1
289100,Mark 55,SUBMISSION,VELVETFRUIT_EXTRACT,XIREC,5270.0,2
289100,Mark 55,Mark 14,VELVETFRUIT_EXTRACT,XIREC,5271.0,3
289200,,SUBMISSION,VELVETFRUIT_EXTRACT,XIREC,5265.0,2
289200,Mark 67,Mark 49,VELVETFRUIT_EXTRACT,XIREC,5266.0,11
290900,Mark 38,Mark 14,HYDROGEL_PACK,XIREC,9965.0,3
291400,Mark 55,SUBMISSION,VELVETFRUIT_EXTRACT,XIREC,5273.0,1
291400,Mark 55,Mark 49,VELVETFRUIT_EXTRACT,XIREC,5274.0,4
291800,Mark 67,SUBMISSION,VELVETFRUIT_EXTRACT,XIREC,5269.0,1
291800,Mark 67,Mark 22,VELVETFRUIT_EXTRACT,XIREC,5270.0,4
292000,,SUBMISSION,VEV_4000,XIREC,1272.0,3
292000,,SUBMISSION,VEV_4500,XIREC,772.0,3
292400,Mark 55,Mark 01,VELVETFRUIT_EXTRACT,XIREC,5275.0,8
292800,SUBMISSION,Mark 38,HYDROGEL_PACK,XIREC,9952.0,6
295000,Mark 38,Mark 14,HYDROGEL_PACK,XIREC,9959.0,5
295600,,SUBMISSION,VEV_4000,XIREC,1274.0,4
295600,,SUBMISSION,VEV_4500,XIREC,774.0,4
296900,Mark 01,Mark 55,VELVETFRUIT_EXTRACT,XIREC,5270.0,5
297100,Mark 38,Mark 14,HYDROGEL_PACK,XIREC,9958.0,3
297400,Mark 55,Mark 14,VELVETFRUIT_EXTRACT,XIREC,5275.0,4
297500,SUBMISSION,Mark 38,VEV_4000,XIREC,1263.0,1
301100,Mark 38,Mark 14,HYDROGEL_PACK,XIREC,9966.0,3
301300,Mark 38,Mark 14,HYDROGEL_PACK,XIREC,9967.0,2
302400,SUBMISSION,Mark 38,HYDROGEL_PACK,XIREC,9937.0,6
304000,Mark 01,Mark 22,VEV_5400,XIREC,19.0,3
304000,Mark 01,Mark 22,VEV_5500,XIREC,8.0,3
304000,Mark 01,Mark 22,VEV_6000,XIREC,0.0,3
304000,Mark 01,Mark 22,VEV_6500,XIREC,0.0,3
304200,SUBMISSION,Mark 38,HYDROGEL_PACK,XIREC,9945.0,2
304800,,SUBMISSION,VEV_4000,XIREC,1267.0,5
304800,,SUBMISSION,VEV_4500,XIREC,767.0,5
306500,Mark 38,Mark 14,HYDROGEL_PACK,XIREC,9967.0,5
307100,Mark 38,Mark 14,VEV_4000,XIREC,1279.0,1
307500,Mark 55,Mark 01,VELVETFRUIT_EXTRACT,XIREC,5275.0,8
308000,SUBMISSION,Mark 38,HYDROGEL_PACK,XIREC,9944.0,3
308100,SUBMISSION,Mark 38,HYDROGEL_PACK,XIREC,9946.0,4
308100,Mark 67,Mark 22,VELVETFRUIT_EXTRACT,XIREC,5271.0,6
309500,Mark 55,Mark 01,VELVETFRUIT_EXTRACT,XIREC,5268.0,4
310100,Mark 14,Mark 22,VEV_5400,XIREC,20.0,5
310100,Mark 01,Mark 22,VEV_5500,XIREC,8.0,5
310100,Mark 01,Mark 22,VEV_6000,XIREC,0.0,5
310100,Mark 01,Mark 22,VEV_6500,XIREC,0.0,5
310500,Mark 67,Mark 49,VELVETFRUIT_EXTRACT,XIREC,5266.0,11
310600,Mark 14,Mark 55,VELVETFRUIT_EXTRACT,XIREC,5264.0,3
313000,Mark 55,Mark 01,VELVETFRUIT_EXTRACT,XIREC,5267.0,5
314500,Mark 14,Mark 55,VELVETFRUIT_EXTRACT,XIREC,5251.0,4
314800,SUBMISSION,,VELVETFRUIT_EXTRACT,XIREC,5253.0,54
316200,Mark 38,Mark 14,HYDROGEL_PACK,XIREC,9939.0,5
317100,SUBMISSION,Mark 38,HYDROGEL_PACK,XIREC,9930.0,4
318300,Mark 38,Mark 14,HYDROGEL_PACK,XIREC,9950.0,4
318900,Mark 55,Mark 14,VELVETFRUIT_EXTRACT,XIREC,5250.0,4
319100,SUBMISSION,,VELVETFRUIT_EXTRACT,XIREC,5246.0,9
321900,Mark 55,SUBMISSION,VELVETFRUIT_EXTRACT,XIREC,5252.0,7
322000,Mark 01,Mark 22,VEV_5400,XIREC,16.0,2
322000,Mark 01,Mark 22,VEV_5500,XIREC,7.0,2
322000,Mark 01,Mark 22,VEV_6000,XIREC,0.0,2
322000,Mark 01,Mark 22,VEV_6500,XIREC,0.0,2
322600,Mark 14,Mark 22,VEV_5200,XIREC,98.0,4
322600,Mark 01,Mark 22,VEV_5500,XIREC,7.0,4
322600,Mark 01,Mark 22,VEV_6000,XIREC,0.0,4
322600,Mark 01,Mark 22,VEV_6500,XIREC,0.0,4
323300,Mark 38,Mark 14,HYDROGEL_PACK,XIREC,9956.0,5
323300,Mark 38,Mark 14,VEV_4000,XIREC,1262.0,3
324100,Mark 55,SUBMISSION,VELVETFRUIT_EXTRACT,XIREC,5253.0,7
324600,Mark 38,Mark 14,HYDROGEL_PACK,XIREC,9946.0,6
325300,SUBMISSION,Mark 38,VEV_4000,XIREC,1238.0,2
326300,Mark 38,Mark 14,VEV_4000,XIREC,1261.0,1
327600,SUBMISSION,Mark 38,HYDROGEL_PACK,XIREC,9929.0,5
327700,Mark 38,Mark 14,HYDROGEL_PACK,XIREC,9946.0,6
328000,SUBMISSION,Mark 38,VEV_4000,XIREC,1244.0,1
328400,SUBMISSION,Mark 38,VEV_4000,XIREC,1241.0,1
328500,SUBMISSION,Mark 55,VELVETFRUIT_EXTRACT,XIREC,5250.0,4
331200,SUBMISSION,,VELVETFRUIT_EXTRACT,XIREC,5244.0,3
331300,SUBMISSION,,VELVETFRUIT_EXTRACT,XIREC,5246.0,1
331400,SUBMISSION,,VELVETFRUIT_EXTRACT,XIREC,5245.0,3
331400,SUBMISSION,Mark 38,VEV_4000,XIREC,1233.0,1
331500,SUBMISSION,,VELVETFRUIT_EXTRACT,XIREC,5244.0,6
331600,SUBMISSION,,VELVETFRUIT_EXTRACT,XIREC,5243.0,8
331700,SUBMISSION,,VELVETFRUIT_EXTRACT,XIREC,5244.0,7
331800,SUBMISSION,,VELVETFRUIT_EXTRACT,XIREC,5244.0,6
331900,SUBMISSION,,VELVETFRUIT_EXTRACT,XIREC,5244.0,6
332000,SUBMISSION,,VELVETFRUIT_EXTRACT,XIREC,5244.0,6
332100,SUBMISSION,,VELVETFRUIT_EXTRACT,XIREC,5244.0,6
332200,SUBMISSION,,VELVETFRUIT_EXTRACT,XIREC,5243.0,8
332300,SUBMISSION,,VELVETFRUIT_EXTRACT,XIREC,5243.0,6
332400,SUBMISSION,,VELVETFRUIT_EXTRACT,XIREC,5243.0,8
332500,SUBMISSION,,VELVETFRUIT_EXTRACT,XIREC,5243.0,8
332600,SUBMISSION,,VELVETFRUIT_EXTRACT,XIREC,5243.0,8
332700,SUBMISSION,,VELVETFRUIT_EXTRACT,XIREC,5241.0,13
332800,SUBMISSION,,VELVETFRUIT_EXTRACT,XIREC,5241.0,13
332900,SUBMISSION,,VELVETFRUIT_EXTRACT,XIREC,5241.0,13
333000,SUBMISSION,,VELVETFRUIT_EXTRACT,XIREC,5237.0,8
333000,SUBMISSION,,VELVETFRUIT_EXTRACT,XIREC,5241.0,10
333100,SUBMISSION,,VELVETFRUIT_EXTRACT,XIREC,5241.0,13
333100,SUBMISSION,Mark 55,VELVETFRUIT_EXTRACT,XIREC,5237.0,4
333200,SUBMISSION,,VELVETFRUIT_EXTRACT,XIREC,5242.0,11
333300,SUBMISSION,,VELVETFRUIT_EXTRACT,XIREC,5243.0,8
333400,SUBMISSION,,VELVETFRUIT_EXTRACT,XIREC,5244.0,6
334900,SUBMISSION,Mark 38,VEV_4000,XIREC,1238.0,1
335300,SUBMISSION,Mark 38,HYDROGEL_PACK,XIREC,9944.0,4
335300,SUBMISSION,Mark 55,VELVETFRUIT_EXTRACT,XIREC,5246.0,3
335300,Mark 14,Mark 38,HYDROGEL_PACK,XIREC,9943.0,1
335500,Mark 38,Mark 14,HYDROGEL_PACK,XIREC,9961.0,4
338100,SUBMISSION,Mark 38,HYDROGEL_PACK,XIREC,9932.0,2
338100,Mark 14,Mark 38,HYDROGEL_PACK,XIREC,9931.0,1
339500,SUBMISSION,Mark 38,HYDROGEL_PACK,XIREC,9933.0,2
339500,Mark 14,Mark 38,HYDROGEL_PACK,XIREC,9932.0,1
340100,Mark 38,Mark 14,VEV_4000,XIREC,1260.0,2
340500,SUBMISSION,,VELVETFRUIT_EXTRACT,XIREC,5249.0,9
340500,SUBMISSION,Mark 49,VELVETFRUIT_EXTRACT,XIREC,5249.0,9
342000,SUBMISSION,Mark 55,VELVETFRUIT_EXTRACT,XIREC,5250.0,6
342400,SUBMISSION,Mark 38,HYDROGEL_PACK,XIREC,9945.0,1
342400,Mark 14,Mark 38,HYDROGEL_PACK,XIREC,9944.0,4
343100,Mark 38,Mark 14,HYDROGEL_PACK,XIREC,9966.0,2
343400,Mark 67,Mark 49,VELVETFRUIT_EXTRACT,XIREC,5251.0,13
344000,SUBMISSION,Mark 38,HYDROGEL_PACK,XIREC,9954.0,1
344000,Mark 14,Mark 38,HYDROGEL_PACK,XIREC,9953.0,4
344200,Mark 55,SUBMISSION,VELVETFRUIT_EXTRACT,XIREC,5252.0,4
345700,SUBMISSION,Mark 55,VELVETFRUIT_EXTRACT,XIREC,5246.0,7
345700,Mark 38,Mark 14,HYDROGEL_PACK,XIREC,9957.0,6
345900,Mark 38,Mark 14,HYDROGEL_PACK,XIREC,9958.0,3
347900,SUBMISSION,,VELVETFRUIT_EXTRACT,XIREC,5246.0,2
348500,SUBMISSION,Mark 38,HYDROGEL_PACK,XIREC,9965.0,1
348500,Mark 14,Mark 38,HYDROGEL_PACK,XIREC,9964.0,4
348900,SUBMISSION,,VELVETFRUIT_EXTRACT,XIREC,5248.0,3
349000,SUBMISSION,,VELVETFRUIT_EXTRACT,XIREC,5247.0,5
349100,SUBMISSION,,VELVETFRUIT_EXTRACT,XIREC,5248.0,1
349200,SUBMISSION,,VELVETFRUIT_EXTRACT,XIREC,5248.0,1
349300,SUBMISSION,,VELVETFRUIT_EXTRACT,XIREC,5247.0,5
349400,SUBMISSION,,VELVETFRUIT_EXTRACT,XIREC,5247.0,5
349500,SUBMISSION,,VELVETFRUIT_EXTRACT,XIREC,5247.0,5
350300,Mark 01,Mark 22,VEV_5400,XIREC,15.0,4
350300,Mark 01,Mark 22,VEV_5500,XIREC,6.0,4
350300,Mark 01,Mark 22,VEV_6000,XIREC,0.0,4
350300,Mark 01,Mark 22,VEV_6500,XIREC,0.0,4
350800,SUBMISSION,,VELVETFRUIT_EXTRACT,XIREC,5248.0,2
350900,SUBMISSION,,VEV_5000,XIREC,253.0,2
350900,Mark 38,Mark 14,VEV_4000,XIREC,1256.0,3
351000,SUBMISSION,,VELVETFRUIT_EXTRACT,XIREC,5247.0,5
351000,Mark 38,Mark 14,HYDROGEL_PACK,XIREC,9973.0,3
351100,SUBMISSION,,VEV_5000,XIREC,253.0,2
351200,SUBMISSION,,VEV_5000,XIREC,253.0,2
351300,SUBMISSION,,VEV_5000,XIREC,253.0,3
351400,SUBMISSION,,VELVETFRUIT_EXTRACT,XIREC,5246.0,5
351400,SUBMISSION,,VEV_5000,XIREC,252.0,4
351700,SUBMISSION,,VEV_5000,XIREC,252.0,5
351800,SUBMISSION,,VEV_5000,XIREC,253.0,2
351900,SUBMISSION,,VEV_5000,XIREC,252.0,5
352000,SUBMISSION,,VEV_5000,XIREC,252.0,5
352200,SUBMISSION,,VEV_5000,XIREC,253.0,2
352300,SUBMISSION,,VEV_5000,XIREC,253.0,4
352400,SUBMISSION,,VEV_5000,XIREC,253.0,2
352500,SUBMISSION,,VEV_5000,XIREC,254.0,2
352600,SUBMISSION,,VEV_5000,XIREC,253.0,2
352700,SUBMISSION,,VEV_5000,XIREC,252.0,6
352900,SUBMISSION,,VEV_5000,XIREC,252.0,6
353000,SUBMISSION,,VELVETFRUIT_EXTRACT,XIREC,5246.0,1
353000,SUBMISSION,,VEV_5000,XIREC,252.0,8
353100,SUBMISSION,,VEV_5000,XIREC,252.0,6
353300,SUBMISSION,,VEV_5000,XIREC,252.0,6
353400,SUBMISSION,,VEV_5000,XIREC,253.0,4
353700,SUBMISSION,,VEV_5000,XIREC,253.0,4
353800,SUBMISSION,,VEV_5000,XIREC,253.0,2
353900,SUBMISSION,,VEV_5000,XIREC,254.0,2
354000,SUBMISSION,,VEV_5000,XIREC,253.0,2
354100,SUBMISSION,,VEV_5000,XIREC,252.0,10
354200,SUBMISSION,,VEV_5000,XIREC,252.0,10
354300,SUBMISSION,,VEV_5000,XIREC,251.0,8
354300,SUBMISSION,,VEV_5000,XIREC,252.0,2
354400,SUBMISSION,,VELVETFRUIT_EXTRACT,XIREC,5246.0,3
354400,SUBMISSION,,VEV_5000,XIREC,251.0,8
354500,SUBMISSION,,VEV_5000,XIREC,251.0,8
354500,SUBMISSION,,VEV_5000,XIREC,252.0,1
354600,SUBMISSION,,VELVETFRUIT_EXTRACT,XIREC,5245.0,2
354700,SUBMISSION,,VEV_5000,XIREC,251.0,11
355000,SUBMISSION,,VEV_5000,XIREC,251.0,8
355200,SUBMISSION,,VELVETFRUIT_EXTRACT,XIREC,5245.0,3
355200,SUBMISSION,,VEV_5000,XIREC,250.0,8
355300,SUBMISSION,,VELVETFRUIT_EXTRACT,XIREC,5244.0,2
355300,SUBMISSION,,VEV_5000,XIREC,249.0,9
355300,SUBMISSION,,VEV_5000,XIREC,250.0,6
355400,SUBMISSION,,VELVETFRUIT_EXTRACT,XIREC,5243.0,6
355500,SUBMISSION,,VEV_5000,XIREC,250.0,12
355600,SUBMISSION,,VEV_5000,XIREC,250.0,17
355700,SUBMISSION,,VEV_5000,XIREC,248.0,7
355800,SUBMISSION,,VELVETFRUIT_EXTRACT,XIREC,5242.0,4
355800,SUBMISSION,,VEV_5000,XIREC,248.0,20
355900,SUBMISSION,,VEV_5000,XIREC,248.0,9
356000,SUBMISSION,,VEV_5000,XIREC,250.0,16
356100,SUBMISSION,,VEV_5000,XIREC,250.0,16
356200,SUBMISSION,,VEV_5000,XIREC,250.0,8
356300,SUBMISSION,,VEV_5000,XIREC,251.0,8
356400,SUBMISSION,,VEV_5000,XIREC,251.0,6
356400,SUBMISSION,,VEV_5000,XIREC,252.0,3
356600,SUBMISSION,,VEV_5000,XIREC,251.0,9
356800,SUBMISSION,Mark 38,VEV_4000,XIREC,1235.0,2
356800,SUBMISSION,,VEV_5000,XIREC,252.0,1
356900,SUBMISSION,,VEV_5000,XIREC,253.0,3
357000,SUBMISSION,,VEV_5000,XIREC,253.0,1
357100,Mark 38,Mark 14,HYDROGEL_PACK,XIREC,9963.0,6
357200,SUBMISSION,,VEV_5000,XIREC,252.0,9
357300,SUBMISSION,,VEV_5000,XIREC,252.0,9
357400,SUBMISSION,,VEV_5000,XIREC,252.0,7
357500,SUBMISSION,,VEV_5000,XIREC,252.0,5
357800,SUBMISSION,,VEV_5000,XIREC,254.0,1
358100,SUBMISSION,Mark 55,VELVETFRUIT_EXTRACT,XIREC,5246.0,6
358300,SUBMISSION,Mark 38,VEV_4000,XIREC,1238.0,3
358500,Mark 38,Mark 14,HYDROGEL_PACK,XIREC,9960.0,6
359600,SUBMISSION,,VELVETFRUIT_EXTRACT,XIREC,5249.0,9
360600,Mark 14,Mark 38,HYDROGEL_PACK,XIREC,9951.0,2
362700,Mark 14,Mark 38,HYDROGEL_PACK,XIREC,9961.0,3
363100,Mark 38,Mark 14,HYDROGEL_PACK,XIREC,9983.0,4
363600,,SUBMISSION,VELVETFRUIT_EXTRACT,XIREC,5255.0,8
363700,,SUBMISSION,VELVETFRUIT_EXTRACT,XIREC,5254.0,6
363800,,SUBMISSION,VELVETFRUIT_EXTRACT,XIREC,5254.0,4
363900,,SUBMISSION,VELVETFRUIT_EXTRACT,XIREC,5254.0,4
364000,,SUBMISSION,VELVETFRUIT_EXTRACT,XIREC,5252.0,22
364800,Mark 38,Mark 14,HYDROGEL_PACK,XIREC,9978.0,5
364900,Mark 14,Mark 55,VELVETFRUIT_EXTRACT,XIREC,5251.0,7
365000,SUBMISSION,Mark 38,VEV_4000,XIREC,1243.0,2
365600,SUBMISSION,Mark 55,VELVETFRUIT_EXTRACT,XIREC,5250.0,8
367900,Mark 67,Mark 22,VELVETFRUIT_EXTRACT,XIREC,5248.0,5
368500,Mark 38,Mark 14,HYDROGEL_PACK,XIREC,9983.0,6
371400,Mark 14,Mark 38,HYDROGEL_PACK,XIREC,9953.0,2
373400,,SUBMISSION,VELVETFRUIT_EXTRACT,XIREC,5253.0,5
373400,Mark 38,Mark 14,HYDROGEL_PACK,XIREC,9970.0,3
373600,,SUBMISSION,VELVETFRUIT_EXTRACT,XIREC,5253.0,7
373700,Mark 14,Mark 38,HYDROGEL_PACK,XIREC,9954.0,5
374100,,SUBMISSION,VELVETFRUIT_EXTRACT,XIREC,5253.0,5
374100,Mark 14,Mark 55,VELVETFRUIT_EXTRACT,XIREC,5253.0,6
374200,,SUBMISSION,VELVETFRUIT_EXTRACT,XIREC,5253.0,7
374400,,SUBMISSION,VELVETFRUIT_EXTRACT,XIREC,5253.0,7
374400,Mark 14,Mark 55,VELVETFRUIT_EXTRACT,XIREC,5253.0,4
374800,SUBMISSION,Mark 38,VEV_4000,XIREC,1243.0,3
375100,Mark 14,Mark 38,HYDROGEL_PACK,XIREC,9947.0,2
376200,SUBMISSION,,VELVETFRUIT_EXTRACT,XIREC,5249.0,8
376300,SUBMISSION,,VELVETFRUIT_EXTRACT,XIREC,5249.0,6
376300,SUBMISSION,Mark 38,VEV_4000,XIREC,1237.0,1
376300,Mark 14,Mark 38,VEV_4000,XIREC,1236.0,1
376500,SUBMISSION,,VELVETFRUIT_EXTRACT,XIREC,5248.0,11
376600,SUBMISSION,,VELVETFRUIT_EXTRACT,XIREC,5249.0,2
376600,SUBMISSION,,VEV_4000,XIREC,1246.0,4
376600,Mark 01,Mark 22,VEV_5300,XIREC,46.0,5
376600,Mark 01,Mark 22,VEV_5400,XIREC,15.0,5
376600,Mark 01,Mark 22,VEV_5500,XIREC,6.0,5
376600,Mark 01,Mark 22,VEV_6000,XIREC,0.0,5
376600,Mark 01,Mark 22,VEV_6500,XIREC,0.0,5
376800,SUBMISSION,,VELVETFRUIT_EXTRACT,XIREC,5246.0,5
376800,SUBMISSION,,VELVETFRUIT_EXTRACT,XIREC,5250.0,6
377900,Mark 14,Mark 22,VEV_5300,XIREC,47.0,2
377900,Mark 01,Mark 22,VEV_5500,XIREC,6.0,2
377900,Mark 01,Mark 22,VEV_6000,XIREC,0.0,2
377900,Mark 01,Mark 22,VEV_6500,XIREC,0.0,2
379100,SUBMISSION,,VEV_5000,XIREC,256.0,1
380100,Mark 38,Mark 14,HYDROGEL_PACK,XIREC,9957.0,6
380700,Mark 38,Mark 14,HYDROGEL_PACK,XIREC,9948.0,4
380900,SUBMISSION,Mark 55,VELVETFRUIT_EXTRACT,XIREC,5250.0,8
381400,,SUBMISSION,VELVETFRUIT_EXTRACT,XIREC,5253.0,2
381700,Mark 55,SUBMISSION,VELVETFRUIT_EXTRACT,XIREC,5254.0,8
383300,Mark 38,Mark 14,HYDROGEL_PACK,XIREC,9945.0,5
383500,SUBMISSION,,VEV_5000,XIREC,256.0,3
383600,Mark 38,Mark 14,HYDROGEL_PACK,XIREC,9948.0,4
383700,SUBMISSION,Mark 55,VELVETFRUIT_EXTRACT,XIREC,5247.0,7
384200,Mark 14,Mark 38,VEV_4000,XIREC,1239.0,1
384500,Mark 14,Mark 38,VEV_4000,XIREC,1238.0,3
385200,SUBMISSION,,VEV_5000,XIREC,256.0,1
385800,Mark 38,Mark 14,HYDROGEL_PACK,XIREC,9943.0,6
385900,SUBMISSION,Mark 55,VELVETFRUIT_EXTRACT,XIREC,5246.0,3
385900,SUBMISSION,,VEV_5000,XIREC,255.0,4
386000,SUBMISSION,Mark 55,VELVETFRUIT_EXTRACT,XIREC,5245.0,8
386000,SUBMISSION,,VEV_5000,XIREC,254.0,9
386100,SUBMISSION,,VEV_5000,XIREC,253.0,10
386100,SUBMISSION,,VEV_5000,XIREC,254.0,7
386200,SUBMISSION,,VEV_5000,XIREC,253.0,14
386300,SUBMISSION,,VEV_5000,XIREC,252.0,10
386500,SUBMISSION,,VEV_5000,XIREC,253.0,6
386500,SUBMISSION,,VEV_5000,XIREC,254.0,11
386600,SUBMISSION,,VEV_5000,XIREC,254.0,17
386700,SUBMISSION,,VEV_5000,XIREC,253.0,10
386700,SUBMISSION,,VEV_5000,XIREC,254.0,7
386800,Mark 38,SUBMISSION,VEV_4000,XIREC,1256.0,2
387500,SUBMISSION,,VELVETFRUIT_EXTRACT,XIREC,5245.0,1
387600,SUBMISSION,,VEV_5100,XIREC,166.0,3
389000,SUBMISSION,,VELVETFRUIT_EXTRACT,XIREC,5246.0,4
389000,SUBMISSION,,VEV_5000,XIREC,252.0,1
389100,SUBMISSION,,VELVETFRUIT_EXTRACT,XIREC,5245.0,9
389300,SUBMISSION,,VELVETFRUIT_EXTRACT,XIREC,5244.0,1
389300,SUBMISSION,,VEV_5000,XIREC,250.0,5
389700,SUBMISSION,,VEV_5100,XIREC,164.0,14
390100,Mark 67,Mark 49,VELVETFRUIT_EXTRACT,XIREC,5244.0,10
390500,SUBMISSION,,VELVETFRUIT_EXTRACT,XIREC,5246.0,1
390500,SUBMISSION,,VEV_5000,XIREC,252.0,1
390700,SUBMISSION,,VELVETFRUIT_EXTRACT,XIREC,5246.0,4
390700,SUBMISSION,,VEV_5000,XIREC,251.0,2
390800,Mark 14,Mark 38,VEV_4000,XIREC,1233.0,3
391400,SUBMISSION,,VEV_5100,XIREC,164.0,11
391500,SUBMISSION,,VELVETFRUIT_EXTRACT,XIREC,5245.0,6
391500,SUBMISSION,,VEV_5000,XIREC,250.0,3
392300,SUBMISSION,Mark 55,VELVETFRUIT_EXTRACT,XIREC,5243.0,5
393000,SUBMISSION,Mark 55,VELVETFRUIT_EXTRACT,XIREC,5243.0,4
393900,SUBMISSION,Mark 55,VELVETFRUIT_EXTRACT,XIREC,5242.0,6
394700,SUBMISSION,Mark 55,VELVETFRUIT_EXTRACT,XIREC,5238.0,8
394800,Mark 14,Mark 38,HYDROGEL_PACK,XIREC,9941.0,5
396000,Mark 55,Mark 01,VELVETFRUIT_EXTRACT,XIREC,5246.0,8
396200,SUBMISSION,Mark 55,VELVETFRUIT_EXTRACT,XIREC,5241.0,5
396200,Mark 01,Mark 55,VELVETFRUIT_EXTRACT,XIREC,5240.0,2
396300,Mark 38,Mark 14,HYDROGEL_PACK,XIREC,9956.0,4
397800,Mark 38,Mark 14,HYDROGEL_PACK,XIREC,9950.0,4
398400,SUBMISSION,Mark 55,VELVETFRUIT_EXTRACT,XIREC,5236.0,4
398400,Mark 14,Mark 55,VELVETFRUIT_EXTRACT,XIREC,5235.0,2
399700,SUBMISSION,,VEV_4000,XIREC,1240.0,5
399700,SUBMISSION,,VEV_4500,XIREC,740.0,5
399700,SUBMISSION,,VEV_5100,XIREC,158.0,5
399700,Mark 01,Mark 22,VEV_5400,XIREC,14.0,5
399700,Mark 01,Mark 22,VEV_5500,XIREC,6.0,5
399700,Mark 01,Mark 22,VEV_6000,XIREC,0.0,5
399700,Mark 01,Mark 22,VEV_6500,XIREC,0.0,5
399900,Mark 14,Mark 38,VEV_4000,XIREC,1231.0,1
400100,SUBMISSION,Mark 55,VELVETFRUIT_EXTRACT,XIREC,5241.0,2
400100,Mark 14,Mark 55,VELVETFRUIT_EXTRACT,XIREC,5240.0,6
400300,SUBMISSION,,VEV_5100,XIREC,162.0,10
400600,SUBMISSION,,VELVETFRUIT_EXTRACT,XIREC,5244.0,1
400900,SUBMISSION,,VEV_5100,XIREC,164.0,3
401900,SUBMISSION,Mark 55,VELVETFRUIT_EXTRACT,XIREC,5243.0,1
401900,Mark 01,Mark 55,VELVETFRUIT_EXTRACT,XIREC,5242.0,7
402400,SUBMISSION,Mark 55,VELVETFRUIT_EXTRACT,XIREC,5241.0,1
402400,Mark 14,Mark 55,VELVETFRUIT_EXTRACT,XIREC,5240.0,5
403500,SUBMISSION,Mark 55,VELVETFRUIT_EXTRACT,XIREC,5240.0,1
403500,Mark 01,Mark 55,VELVETFRUIT_EXTRACT,XIREC,5239.0,7
403600,Mark 14,Mark 38,HYDROGEL_PACK,XIREC,9922.0,6
404200,Mark 55,Mark 14,VELVETFRUIT_EXTRACT,XIREC,5247.0,4
406400,Mark 55,Mark 14,VELVETFRUIT_EXTRACT,XIREC,5246.0,5
407300,SUBMISSION,,VEV_5100,XIREC,162.0,12
409300,Mark 14,Mark 38,HYDROGEL_PACK,XIREC,9929.0,6
410400,SUBMISSION,,VEV_4000,XIREC,1235.0,3
410400,SUBMISSION,,VEV_4500,XIREC,735.0,3
410400,SUBMISSION,,VEV_5100,XIREC,154.0,3
410400,Mark 01,Mark 22,VEV_5400,XIREC,13.0,3
410400,Mark 01,Mark 22,VEV_5500,XIREC,5.0,3
410400,Mark 01,Mark 22,VEV_6000,XIREC,0.0,3
410400,Mark 01,Mark 22,VEV_6500,XIREC,0.0,3
410600,Mark 55,Mark 14,VELVETFRUIT_EXTRACT,XIREC,5239.0,6
411000,Mark 38,Mark 14,HYDROGEL_PACK,XIREC,9951.0,4
411200,Mark 55,Mark 01,VELVETFRUIT_EXTRACT,XIREC,5236.0,7
411300,Mark 55,Mark 01,VELVETFRUIT_EXTRACT,XIREC,5236.0,7
411400,Mark 38,Mark 14,HYDROGEL_PACK,XIREC,9952.0,3
412300,Mark 38,Mark 14,HYDROGEL_PACK,XIREC,9953.0,2
414000,Mark 38,Mark 14,HYDROGEL_PACK,XIREC,9962.0,2
414400,Mark 14,Mark 38,HYDROGEL_PACK,XIREC,9945.0,3
414800,Mark 14,Mark 38,HYDROGEL_PACK,XIREC,9940.0,3
415700,Mark 55,Mark 14,VELVETFRUIT_EXTRACT,XIREC,5234.0,3
419700,Mark 38,SUBMISSION,VEV_4000,XIREC,1240.0,1
419900,Mark 55,Mark 01,VELVETFRUIT_EXTRACT,XIREC,5231.0,6
421500,Mark 14,Mark 38,HYDROGEL_PACK,XIREC,9946.0,3
424500,Mark 55,Mark 14,VELVETFRUIT_EXTRACT,XIREC,5235.0,7
425400,Mark 38,SUBMISSION,VEV_4000,XIREC,1245.0,1
426800,Mark 14,Mark 55,VELVETFRUIT_EXTRACT,XIREC,5232.0,8
427000,Mark 14,Mark 38,HYDROGEL_PACK,XIREC,9950.0,2
427600,Mark 55,Mark 14,VELVETFRUIT_EXTRACT,XIREC,5237.0,8
428000,SUBMISSION,,VEV_4000,XIREC,1232.0,2
428000,SUBMISSION,,VEV_4500,XIREC,732.0,2
428000,Mark 01,Mark 22,VEV_5400,XIREC,13.0,2
428000,Mark 01,Mark 22,VEV_5500,XIREC,5.0,2
428000,Mark 01,Mark 22,VEV_6000,XIREC,0.0,2
428000,Mark 01,Mark 22,VEV_6500,XIREC,0.0,2
430200,Mark 55,Mark 14,VELVETFRUIT_EXTRACT,XIREC,5230.0,3
431000,Mark 55,Mark 01,VELVETFRUIT_EXTRACT,XIREC,5233.0,5
431700,Mark 55,Mark 14,VELVETFRUIT_EXTRACT,XIREC,5233.0,4
432100,Mark 55,Mark 14,VELVETFRUIT_EXTRACT,XIREC,5234.0,3
435300,Mark 01,Mark 55,VELVETFRUIT_EXTRACT,XIREC,5225.0,8
436200,Mark 38,Mark 14,HYDROGEL_PACK,XIREC,9935.0,5
437100,SUBMISSION,,VEV_4000,XIREC,1233.0,4
437100,SUBMISSION,,VEV_4500,XIREC,733.0,4
437100,Mark 38,SUBMISSION,VEV_5000,XIREC,237.0,1
437100,SUBMISSION,,VEV_5100,XIREC,152.0,4
437100,Mark 38,Mark 22,VEV_4000,XIREC,1233.0,1
437100,Mark 38,Mark 22,VEV_4500,XIREC,733.0,1
437100,Mark 38,Mark 22,VEV_5100,XIREC,152.0,1
437100,Mark 38,Mark 22,VEV_5200,XIREC,87.0,1
437100,Mark 38,Mark 22,VEV_5300,XIREC,41.0,1
437100,Mark 01,Mark 22,VEV_5400,XIREC,13.0,4
437100,Mark 01,Mark 22,VEV_5500,XIREC,5.0,4
437100,Mark 01,Mark 22,VEV_6000,XIREC,0.0,4
437100,Mark 01,Mark 22,VEV_6500,XIREC,0.0,4
438000,Mark 01,Mark 55,VELVETFRUIT_EXTRACT,XIREC,5230.0,7
440300,Mark 38,Mark 14,HYDROGEL_PACK,XIREC,9922.0,2
441300,Mark 14,Mark 38,HYDROGEL_PACK,XIREC,9902.0,2
443600,Mark 14,Mark 38,HYDROGEL_PACK,XIREC,9908.0,2
444000,Mark 14,Mark 38,VEV_4000,XIREC,1230.0,3
444300,Mark 01,Mark 55,VELVETFRUIT_EXTRACT,XIREC,5238.0,7
445900,Mark 55,Mark 14,VELVETFRUIT_EXTRACT,XIREC,5249.0,4
446600,,SUBMISSION,VELVETFRUIT_EXTRACT,XIREC,5249.0,21
448100,Mark 55,SUBMISSION,VELVETFRUIT_EXTRACT,XIREC,5253.0,3
448700,Mark 14,Mark 38,VEV_4000,XIREC,1238.0,3
450000,Mark 14,Mark 38,HYDROGEL_PACK,XIREC,9932.0,5
453500,SUBMISSION,Mark 55,VELVETFRUIT_EXTRACT,XIREC,5246.0,4
453500,Mark 01,Mark 55,VELVETFRUIT_EXTRACT,XIREC,5245.0,4
453600,Mark 55,SUBMISSION,VELVETFRUIT_EXTRACT,XIREC,5252.0,4
454800,SUBMISSION,Mark 55,VELVETFRUIT_EXTRACT,XIREC,5246.0,3
455200,SUBMISSION,Mark 55,VELVETFRUIT_EXTRACT,XIREC,5245.0,5
455200,Mark 01,Mark 55,VELVETFRUIT_EXTRACT,XIREC,5244.0,1
455400,Mark 38,SUBMISSION,VEV_4000,XIREC,1256.0,1
455700,Mark 01,Mark 22,VEV_5400,XIREC,15.0,4
455700,Mark 01,Mark 22,VEV_5500,XIREC,6.0,4
455700,Mark 01,Mark 22,VEV_6000,XIREC,0.0,4
455700,Mark 01,Mark 22,VEV_6500,XIREC,0.0,4
457700,Mark 14,Mark 38,HYDROGEL_PACK,XIREC,9914.0,4
458400,Mark 55,Mark 14,VELVETFRUIT_EXTRACT,XIREC,5248.0,3
459900,Mark 55,SUBMISSION,VELVETFRUIT_EXTRACT,XIREC,5252.0,8
459900,Mark 14,Mark 38,VEV_4000,XIREC,1239.0,2
460400,Mark 01,Mark 22,VEV_5300,XIREC,47.0,3
460400,Mark 14,Mark 22,VEV_5400,XIREC,16.0,3
460400,Mark 01,Mark 22,VEV_5500,XIREC,6.0,3
460400,Mark 01,Mark 22,VEV_6000,XIREC,0.0,3
460400,Mark 01,Mark 22,VEV_6500,XIREC,0.0,3
460700,Mark 55,SUBMISSION,VELVETFRUIT_EXTRACT,XIREC,5253.0,6
462300,Mark 55,SUBMISSION,VELVETFRUIT_EXTRACT,XIREC,5258.0,8
462500,Mark 38,Mark 14,HYDROGEL_PACK,XIREC,9932.0,2
464200,Mark 14,Mark 38,VEV_4000,XIREC,1241.0,1
465300,Mark 55,SUBMISSION,VELVETFRUIT_EXTRACT,XIREC,5254.0,8
468000,SUBMISSION,Mark 55,VELVETFRUIT_EXTRACT,XIREC,5248.0,3
469300,Mark 01,Mark 55,VELVETFRUIT_EXTRACT,XIREC,5252.0,6
469600,Mark 14,Mark 55,VELVETFRUIT_EXTRACT,XIREC,5252.0,7
470400,Mark 55,SUBMISSION,VELVETFRUIT_EXTRACT,XIREC,5256.0,4
472600,SUBMISSION,Mark 55,VELVETFRUIT_EXTRACT,XIREC,5250.0,3
475400,Mark 55,SUBMISSION,VELVETFRUIT_EXTRACT,XIREC,5253.0,7
475500,Mark 14,Mark 38,VEV_4000,XIREC,1244.0,1
476000,,SUBMISSION,VELVETFRUIT_EXTRACT,XIREC,5254.0,1
476100,,SUBMISSION,VELVETFRUIT_EXTRACT,XIREC,5256.0,6
476200,Mark 38,Mark 14,HYDROGEL_PACK,XIREC,9959.0,3
476300,,SUBMISSION,VELVETFRUIT_EXTRACT,XIREC,5254.0,1
476500,Mark 01,Mark 22,VEV_5400,XIREC,17.0,2
476500,Mark 01,Mark 22,VEV_5500,XIREC,7.0,2
476500,Mark 01,Mark 22,VEV_6000,XIREC,0.0,2
476500,Mark 01,Mark 22,VEV_6500,XIREC,0.0,2
477200,,SUBMISSION,VELVETFRUIT_EXTRACT,XIREC,5255.0,3
477300,,SUBMISSION,VELVETFRUIT_EXTRACT,XIREC,5256.0,6
477400,,SUBMISSION,VELVETFRUIT_EXTRACT,XIREC,5256.0,6
477500,,SUBMISSION,VELVETFRUIT_EXTRACT,XIREC,5256.0,6
477600,,SUBMISSION,VELVETFRUIT_EXTRACT,XIREC,5256.0,6
477600,Mark 14,Mark 38,HYDROGEL_PACK,XIREC,9941.0,5
477900,Mark 55,SUBMISSION,VELVETFRUIT_EXTRACT,XIREC,5257.0,5
478900,SUBMISSION,Mark 55,VELVETFRUIT_EXTRACT,XIREC,5250.0,4
479100,Mark 38,Mark 14,HYDROGEL_PACK,XIREC,9973.0,5
480100,Mark 67,Mark 49,VELVETFRUIT_EXTRACT,XIREC,5250.0,10
480700,Mark 38,SUBMISSION,VEV_4000,XIREC,1258.0,2
480900,Mark 14,Mark 38,VEV_4000,XIREC,1239.0,2
481300,Mark 38,SUBMISSION,VEV_4000,XIREC,1256.0,3
481400,SUBMISSION,,VELVETFRUIT_EXTRACT,XIREC,5248.0,4
481400,SUBMISSION,,VEV_5100,XIREC,164.0,8
481500,SUBMISSION,,VEV_5100,XIREC,164.0,12
481600,SUBMISSION,,VELVETFRUIT_EXTRACT,XIREC,5247.0,5
481700,SUBMISSION,,VELVETFRUIT_EXTRACT,XIREC,5246.0,6
481700,SUBMISSION,,VEV_5100,XIREC,162.0,12
481800,SUBMISSION,,VELVETFRUIT_EXTRACT,XIREC,5246.0,2
481900,SUBMISSION,,VELVETFRUIT_EXTRACT,XIREC,5245.0,3
482000,SUBMISSION,,VEV_5100,XIREC,162.0,19
482100,SUBMISSION,,VEV_5100,XIREC,162.0,19
482400,SUBMISSION,,VEV_5100,XIREC,164.0,12
482700,SUBMISSION,,VEV_5100,XIREC,163.0,11
482700,SUBMISSION,,VEV_5100,XIREC,164.0,1
482800,SUBMISSION,,VEV_5100,XIREC,164.0,12
483100,Mark 55,Mark 14,VELVETFRUIT_EXTRACT,XIREC,5245.0,8
483200,Mark 38,SUBMISSION,VEV_4000,XIREC,1251.0,3
483200,SUBMISSION,,VEV_5100,XIREC,160.0,7
483400,SUBMISSION,,VELVETFRUIT_EXTRACT,XIREC,5242.0,4
483600,SUBMISSION,,VELVETFRUIT_EXTRACT,XIREC,5239.0,5
483600,SUBMISSION,,VELVETFRUIT_EXTRACT,XIREC,5239.0,4
483800,SUBMISSION,Mark 55,VELVETFRUIT_EXTRACT,XIREC,5239.0,7
484200,SUBMISSION,,VEV_5100,XIREC,162.0,8
484300,SUBMISSION,,VEV_5100,XIREC,162.0,8
484900,SUBMISSION,,VEV_5100,XIREC,160.0,11
485200,SUBMISSION,,VEV_5100,XIREC,160.0,7
485300,Mark 14,Mark 38,HYDROGEL_PACK,XIREC,9952.0,3
485400,SUBMISSION,,VEV_5100,XIREC,162.0,8
485900,SUBMISSION,,VEV_5100,XIREC,162.0,7
486400,SUBMISSION,Mark 55,VELVETFRUIT_EXTRACT,XIREC,5240.0,7
486500,SUBMISSION,,VEV_5100,XIREC,160.0,8
488300,SUBMISSION,,VEV_5100,XIREC,160.0,6
489300,SUBMISSION,,VEV_5100,XIREC,160.0,6
489600,Mark 14,Mark 38,HYDROGEL_PACK,XIREC,9948.0,4
489700,SUBMISSION,Mark 55,VELVETFRUIT_EXTRACT,XIREC,5238.0,6
489700,SUBMISSION,,VEV_4000,XIREC,1239.0,4
489700,SUBMISSION,,VEV_4500,XIREC,739.0,4
489700,SUBMISSION,,VEV_5100,XIREC,156.0,4
489700,,SUBMISSION,VEV_5100,XIREC,155.0,8
489700,Mark 01,Mark 22,VEV_5300,XIREC,43.0,4
489700,Mark 01,Mark 22,VEV_5400,XIREC,14.0,4
489700,Mark 01,Mark 22,VEV_5500,XIREC,5.0,4
489700,Mark 01,Mark 22,VEV_6000,XIREC,0.0,4
489700,Mark 01,Mark 22,VEV_6500,XIREC,0.0,4
489800,SUBMISSION,,VEV_5100,XIREC,160.0,6
489900,SUBMISSION,,VEV_5100,XIREC,162.0,2
490500,SUBMISSION,,VEV_5100,XIREC,160.0,6
490900,SUBMISSION,,VEV_5100,XIREC,162.0,5
490900,Mark 55,Mark 14,VELVETFRUIT_EXTRACT,XIREC,5246.0,5
491000,SUBMISSION,,VEV_5100,XIREC,162.0,7
491100,SUBMISSION,,VEV_5100,XIREC,162.0,7
491100,Mark 14,Mark 38,VEV_4000,XIREC,1233.0,3
491200,SUBMISSION,,VEV_5100,XIREC,162.0,7
491600,SUBMISSION,,VEV_5100,XIREC,163.0,2
491800,SUBMISSION,,VEV_5100,XIREC,163.0,2
492000,SUBMISSION,,VEV_5100,XIREC,162.0,7
492100,SUBMISSION,Mark 55,VELVETFRUIT_EXTRACT,XIREC,5242.0,5
492100,SUBMISSION,,VEV_5100,XIREC,162.0,7
492900,SUBMISSION,,VEV_5100,XIREC,162.0,6
493200,SUBMISSION,,VEV_5100,XIREC,160.0,11
493500,SUBMISSION,,VEV_5100,XIREC,160.0,3
493900,SUBMISSION,Mark 55,VELVETFRUIT_EXTRACT,XIREC,5238.0,3
494500,Mark 38,Mark 14,HYDROGEL_PACK,XIREC,9975.0,4
494700,Mark 14,Mark 38,VEV_4000,XIREC,1228.0,2
495300,SUBMISSION,,VEV_5100,XIREC,158.0,2
495300,Mark 14,Mark 38,HYDROGEL_PACK,XIREC,9964.0,5
496200,SUBMISSION,Mark 55,VELVETFRUIT_EXTRACT,XIREC,5240.0,5
496300,Mark 14,Mark 38,VEV_4000,XIREC,1230.0,2
498200,SUBMISSION,,VELVETFRUIT_EXTRACT,XIREC,5240.0,6
498200,Mark 22,Mark 49,VELVETFRUIT_EXTRACT,XIREC,5241.0,5
498400,SUBMISSION,Mark 55,VELVETFRUIT_EXTRACT,XIREC,5239.0,4
498400,Mark 14,Mark 55,VELVETFRUIT_EXTRACT,XIREC,5238.0,3
499900,SUBMISSION,,VEV_5100,XIREC,162.0,4
499900,Mark 14,Mark 38,HYDROGEL_PACK,XIREC,9990.0,6
500800,Mark 14,Mark 38,HYDROGEL_PACK,XIREC,9987.0,4
501400,Mark 14,Mark 38,HYDROGEL_PACK,XIREC,9987.0,6
502000,Mark 14,Mark 38,HYDROGEL_PACK,XIREC,9985.0,3
502700,Mark 01,Mark 22,VEV_5500,XIREC,6.0,2
502700,Mark 01,Mark 22,VEV_6000,XIREC,0.0,2
502700,Mark 01,Mark 22,VEV_6500,XIREC,0.0,2
503500,Mark 14,Mark 38,HYDROGEL_PACK,XIREC,9994.0,6
503500,Mark 14,Mark 38,VEV_4000,XIREC,1240.0,3
504300,,SUBMISSION,HYDROGEL_PACK,XIREC,10004.0,8
504800,,SUBMISSION,HYDROGEL_PACK,XIREC,10004.0,8
505300,Mark 55,SUBMISSION,VELVETFRUIT_EXTRACT,XIREC,5255.0,3
505400,,SUBMISSION,VELVETFRUIT_EXTRACT,XIREC,5255.0,3
505500,,SUBMISSION,VELVETFRUIT_EXTRACT,XIREC,5255.0,3
505600,,SUBMISSION,VELVETFRUIT_EXTRACT,XIREC,5255.0,5
505700,,SUBMISSION,VELVETFRUIT_EXTRACT,XIREC,5256.0,6
505800,,SUBMISSION,VELVETFRUIT_EXTRACT,XIREC,5255.0,3
505900,,SUBMISSION,VELVETFRUIT_EXTRACT,XIREC,5255.0,3
506000,,SUBMISSION,VELVETFRUIT_EXTRACT,XIREC,5255.0,3
506100,,SUBMISSION,VELVETFRUIT_EXTRACT,XIREC,5255.0,3
506200,Mark 14,Mark 55,VELVETFRUIT_EXTRACT,XIREC,5254.0,5
506600,,SUBMISSION,VELVETFRUIT_EXTRACT,XIREC,5255.0,5
506700,,SUBMISSION,VELVETFRUIT_EXTRACT,XIREC,5256.0,8
506800,,SUBMISSION,VELVETFRUIT_EXTRACT,XIREC,5257.0,12
506900,,SUBMISSION,VELVETFRUIT_EXTRACT,XIREC,5257.0,12
507000,,SUBMISSION,VELVETFRUIT_EXTRACT,XIREC,5256.0,10
507100,,SUBMISSION,VELVETFRUIT_EXTRACT,XIREC,5258.0,17
507200,Mark 38,SUBMISSION,HYDROGEL_PACK,XIREC,10011.0,4
507200,,SUBMISSION,VELVETFRUIT_EXTRACT,XIREC,5260.0,22
507300,,SUBMISSION,VELVETFRUIT_EXTRACT,XIREC,5258.0,15
507400,,SUBMISSION,VELVETFRUIT_EXTRACT,XIREC,5257.0,12
507500,,SUBMISSION,VELVETFRUIT_EXTRACT,XIREC,5258.0,15
507600,,SUBMISSION,VELVETFRUIT_EXTRACT,XIREC,5258.0,15
507700,,SUBMISSION,VELVETFRUIT_EXTRACT,XIREC,5259.0,18
507800,SUBMISSION,Mark 38,HYDROGEL_PACK,XIREC,9993.0,4
507800,,SUBMISSION,VELVETFRUIT_EXTRACT,XIREC,5260.0,21
507800,Mark 14,Mark 38,HYDROGEL_PACK,XIREC,9992.0,2
507900,,SUBMISSION,VELVETFRUIT_EXTRACT,XIREC,5260.0,21
508000,,SUBMISSION,VELVETFRUIT_EXTRACT,XIREC,5261.0,19
508000,,SUBMISSION,VELVETFRUIT_EXTRACT,XIREC,5260.0,5
508100,,SUBMISSION,VELVETFRUIT_EXTRACT,XIREC,5260.0,21
508200,,SUBMISSION,VELVETFRUIT_EXTRACT,XIREC,5260.0,20
508200,,SUBMISSION,VELVETFRUIT_EXTRACT,XIREC,5259.0,1
508300,,SUBMISSION,VELVETFRUIT_EXTRACT,XIREC,5260.0,19
508300,,SUBMISSION,VEV_5000,XIREC,264.0,4
508400,,SUBMISSION,VEV_5000,XIREC,263.0,6
508400,,SUBMISSION,VEV_5000,XIREC,262.0,15
508500,,SUBMISSION,VEV_5000,XIREC,262.0,8
508500,,SUBMISSION,VEV_5000,XIREC,261.0,9
508600,,SUBMISSION,VEV_5000,XIREC,261.0,14
508700,,SUBMISSION,VEV_5000,XIREC,261.0,14
508800,,SUBMISSION,VEV_5000,XIREC,261.0,10
508800,,SUBMISSION,VEV_5000,XIREC,260.0,4
508900,,SUBMISSION,VEV_5000,XIREC,261.0,7
508900,,SUBMISSION,VEV_5000,XIREC,260.0,7
509000,,SUBMISSION,VEV_5000,XIREC,262.0,8
509000,,SUBMISSION,VEV_5000,XIREC,261.0,8
509100,,SUBMISSION,VEV_5000,XIREC,261.0,9
509100,Mark 14,Mark 38,VEV_4000,XIREC,1250.0,3
509200,,SUBMISSION,VEV_5000,XIREC,263.0,11
509200,,SUBMISSION,VEV_5000,XIREC,262.0,9
509300,,SUBMISSION,VEV_5000,XIREC,264.0,9
509300,,SUBMISSION,VEV_5000,XIREC,263.0,12
509300,,SUBMISSION,VEV_5100,XIREC,174.0,1
509400,,SUBMISSION,VEV_5000,XIREC,263.0,20
509500,,SUBMISSION,VEV_5000,XIREC,262.0,17
509600,,SUBMISSION,VEV_5000,XIREC,262.0,11
509600,,SUBMISSION,VEV_5000,XIREC,261.0,4
509700,,SUBMISSION,VELVETFRUIT_EXTRACT,XIREC,5259.0,18
509700,,SUBMISSION,VEV_5000,XIREC,262.0,10
509700,Mark 67,Mark 49,VELVETFRUIT_EXTRACT,XIREC,5260.0,13
509800,,SUBMISSION,VEV_5000,XIREC,263.0,18
509900,,SUBMISSION,VEV_5000,XIREC,263.0,18
509900,Mark 14,Mark 38,HYDROGEL_PACK,XIREC,10005.0,5
510000,,SUBMISSION,VEV_4000,XIREC,1262.0,3
510000,,SUBMISSION,VEV_4500,XIREC,762.0,3
510000,,SUBMISSION,VEV_5000,XIREC,266.0,3
510000,,SUBMISSION,VEV_5000,XIREC,263.0,4
510100,,SUBMISSION,VEV_5000,XIREC,263.0,18
510100,Mark 14,Mark 38,HYDROGEL_PACK,XIREC,10003.0,3
510200,,SUBMISSION,VEV_5000,XIREC,263.0,18
510300,,SUBMISSION,VEV_5000,XIREC,264.0,21
510400,,SUBMISSION,VEV_5000,XIREC,264.0,9
510400,,SUBMISSION,VEV_5000,XIREC,263.0,12
510500,,SUBMISSION,VEV_5000,XIREC,264.0,21
510600,,SUBMISSION,VEV_5000,XIREC,263.0,12
510600,,SUBMISSION,VEV_5000,XIREC,262.0,4
510700,,SUBMISSION,VEV_5000,XIREC,264.0,11
510700,,SUBMISSION,VEV_5000,XIREC,263.0,8
510800,,SUBMISSION,VEV_5000,XIREC,264.0,12
510800,,SUBMISSION,VEV_5000,XIREC,263.0,9
510900,,SUBMISSION,VEV_5000,XIREC,265.0,24
510900,,SUBMISSION,VEV_5100,XIREC,176.0,1
511000,,SUBMISSION,VEV_5000,XIREC,266.0,1
511000,,SUBMISSION,VEV_5000,XIREC,266.0,1
511000,,SUBMISSION,VEV_5100,XIREC,176.0,19
511100,,SUBMISSION,VEV_5000,XIREC,267.0,1
511100,,SUBMISSION,VEV_5000,XIREC,267.0,1
511100,,SUBMISSION,VEV_5100,XIREC,177.0,7
511100,,SUBMISSION,VEV_5100,XIREC,176.0,17
511200,,SUBMISSION,VEV_5100,XIREC,176.0,6
511200,,SUBMISSION,VEV_5100,XIREC,175.0,16
511300,,SUBMISSION,VEV_5100,XIREC,176.0,26
511400,,SUBMISSION,VEV_5100,XIREC,176.0,24
511500,,SUBMISSION,VEV_5100,XIREC,176.0,21
511600,,SUBMISSION,VEV_5100,XIREC,177.0,11
511600,,SUBMISSION,VEV_5100,XIREC,176.0,14
511700,,SUBMISSION,VEV_5100,XIREC,176.0,25
511800,,SUBMISSION,VEV_5000,XIREC,268.0,2
511800,,SUBMISSION,VEV_5000,XIREC,268.0,2
511800,,SUBMISSION,VEV_5100,XIREC,178.0,12
511800,,SUBMISSION,VEV_5100,XIREC,177.0,14
511900,,SUBMISSION,VEV_5100,XIREC,177.0,7
511900,,SUBMISSION,VEV_5100,XIREC,176.0,21
512000,,SUBMISSION,VEV_5100,XIREC,176.0,24
512100,,SUBMISSION,VEV_5100,XIREC,177.0,9
512100,,SUBMISSION,VEV_5100,XIREC,176.0,13
512200,,SUBMISSION,VEV_5100,XIREC,177.0,12
512200,,SUBMISSION,VEV_5100,XIREC,176.0,13
512300,,SUBMISSION,VEV_5100,XIREC,176.0,8
512300,,SUBMISSION,VEV_5100,XIREC,176.0,4
512300,,SUBMISSION,VEV_5100,XIREC,175.0,4
513200,Mark 38,SUBMISSION,HYDROGEL_PACK,XIREC,10009.0,5
514100,Mark 49,Mark 22,VELVETFRUIT_EXTRACT,XIREC,5263.0,7
514500,Mark 14,Mark 55,VELVETFRUIT_EXTRACT,XIREC,5265.0,6
515200,SUBMISSION,Mark 38,HYDROGEL_PACK,XIREC,10001.0,4
516800,Mark 14,Mark 55,VELVETFRUIT_EXTRACT,XIREC,5261.0,5
517900,Mark 14,Mark 38,VEV_4000,XIREC,1249.0,1
518800,Mark 38,SUBMISSION,VEV_4000,XIREC,1270.0,1
519000,Mark 14,Mark 38,HYDROGEL_PACK,XIREC,10002.0,5
519100,Mark 14,Mark 38,VEV_4000,XIREC,1246.0,2
519400,Mark 38,SUBMISSION,HYDROGEL_PACK,XIREC,10016.0,2
519500,Mark 01,Mark 22,VEV_5300,XIREC,50.0,4
519500,Mark 01,Mark 22,VEV_5400,XIREC,17.0,4
519500,Mark 01,Mark 22,VEV_5500,XIREC,6.0,4
519500,Mark 01,Mark 22,VEV_6000,XIREC,0.0,4
519500,Mark 01,Mark 22,VEV_6500,XIREC,0.0,4
520400,Mark 38,SUBMISSION,HYDROGEL_PACK,XIREC,10018.0,2
520500,Mark 01,Mark 55,VELVETFRUIT_EXTRACT,XIREC,5256.0,4
521100,Mark 14,Mark 38,VEV_4000,XIREC,1248.0,2
521800,Mark 55,SUBMISSION,VELVETFRUIT_EXTRACT,XIREC,5264.0,3
523300,Mark 55,SUBMISSION,VELVETFRUIT_EXTRACT,XIREC,5261.0,3
524000,Mark 01,Mark 22,VEV_5400,XIREC,17.0,4
524000,Mark 14,Mark 22,VEV_5500,XIREC,7.0,4
524000,Mark 01,Mark 22,VEV_6000,XIREC,0.0,4
524000,Mark 01,Mark 22,VEV_6500,XIREC,0.0,4
524500,Mark 67,SUBMISSION,VELVETFRUIT_EXTRACT,XIREC,5258.0,7
525500,Mark 14,Mark 38,VEV_4000,XIREC,1247.0,1
526200,SUBMISSION,Mark 55,VELVETFRUIT_EXTRACT,XIREC,5250.0,8
526600,Mark 38,SUBMISSION,HYDROGEL_PACK,XIREC,10020.0,4
527700,Mark 38,SUBMISSION,HYDROGEL_PACK,XIREC,10020.0,6
527700,Mark 55,SUBMISSION,VELVETFRUIT_EXTRACT,XIREC,5254.0,6
528100,,SUBMISSION,HYDROGEL_PACK,XIREC,10013.0,1
528200,,SUBMISSION,HYDROGEL_PACK,XIREC,10013.0,1
528300,,SUBMISSION,HYDROGEL_PACK,XIREC,10013.0,2
528400,,SUBMISSION,HYDROGEL_PACK,XIREC,10014.0,3
528500,,SUBMISSION,HYDROGEL_PACK,XIREC,10014.0,3
528600,,SUBMISSION,HYDROGEL_PACK,XIREC,10017.0,6
528600,Mark 55,SUBMISSION,VELVETFRUIT_EXTRACT,XIREC,5253.0,4
528700,,SUBMISSION,HYDROGEL_PACK,XIREC,10016.0,5
528800,,SUBMISSION,HYDROGEL_PACK,XIREC,10017.0,6
528900,,SUBMISSION,HYDROGEL_PACK,XIREC,10016.0,5
529000,,SUBMISSION,HYDROGEL_PACK,XIREC,10014.0,3
529100,,SUBMISSION,HYDROGEL_PACK,XIREC,10017.0,7
529200,,SUBMISSION,HYDROGEL_PACK,XIREC,10013.0,2
529300,,SUBMISSION,HYDROGEL_PACK,XIREC,10015.0,4
529400,,SUBMISSION,HYDROGEL_PACK,XIREC,10018.0,8
529400,Mark 55,SUBMISSION,VELVETFRUIT_EXTRACT,XIREC,5255.0,4
529500,,SUBMISSION,HYDROGEL_PACK,XIREC,10026.0,9
529500,,SUBMISSION,HYDROGEL_PACK,XIREC,10019.0,4
529600,,SUBMISSION,HYDROGEL_PACK,XIREC,10019.0,9
529700,,SUBMISSION,HYDROGEL_PACK,XIREC,10017.0,7
529800,,SUBMISSION,HYDROGEL_PACK,XIREC,10015.0,4
529900,,SUBMISSION,HYDROGEL_PACK,XIREC,10013.0,2
530000,,SUBMISSION,HYDROGEL_PACK,XIREC,10013.0,2
530000,SUBMISSION,Mark 55,VELVETFRUIT_EXTRACT,XIREC,5250.0,6
530100,,SUBMISSION,HYDROGEL_PACK,XIREC,10013.0,2
530300,Mark 14,Mark 38,HYDROGEL_PACK,XIREC,10010.0,3
530600,Mark 14,Mark 38,HYDROGEL_PACK,XIREC,10010.0,5
530700,,SUBMISSION,HYDROGEL_PACK,XIREC,10013.0,2
530800,,SUBMISSION,HYDROGEL_PACK,XIREC,10015.0,4
530900,,SUBMISSION,HYDROGEL_PACK,XIREC,10017.0,7
531000,,SUBMISSION,HYDROGEL_PACK,XIREC,10016.0,6
531100,,SUBMISSION,HYDROGEL_PACK,XIREC,10016.0,6
531200,,SUBMISSION,HYDROGEL_PACK,XIREC,10016.0,6
531300,,SUBMISSION,HYDROGEL_PACK,XIREC,10014.0,3
531400,,SUBMISSION,HYDROGEL_PACK,XIREC,10015.0,5
531500,,SUBMISSION,HYDROGEL_PACK,XIREC,10013.0,2
531600,,SUBMISSION,HYDROGEL_PACK,XIREC,10013.0,2
531700,,SUBMISSION,HYDROGEL_PACK,XIREC,10015.0,5
531800,,SUBMISSION,HYDROGEL_PACK,XIREC,10018.0,8
531900,,SUBMISSION,HYDROGEL_PACK,XIREC,10017.0,7
532000,,SUBMISSION,HYDROGEL_PACK,XIREC,10026.0,4
532000,,SUBMISSION,HYDROGEL_PACK,XIREC,10018.0,9
532100,,SUBMISSION,HYDROGEL_PACK,XIREC,10018.0,8
532200,,SUBMISSION,HYDROGEL_PACK,XIREC,10020.0,10
532200,,SUBMISSION,HYDROGEL_PACK,XIREC,10018.0,1
532300,,SUBMISSION,HYDROGEL_PACK,XIREC,10018.0,8
532400,,SUBMISSION,HYDROGEL_PACK,XIREC,10017.0,7
532500,,SUBMISSION,HYDROGEL_PACK,XIREC,10015.0,5
532600,,SUBMISSION,HYDROGEL_PACK,XIREC,10014.0,3
532700,,SUBMISSION,HYDROGEL_PACK,XIREC,10015.0,5
532800,,SUBMISSION,HYDROGEL_PACK,XIREC,10016.0,6
532900,,SUBMISSION,HYDROGEL_PACK,XIREC,10017.0,7
533000,,SUBMISSION,HYDROGEL_PACK,XIREC,10018.0,8
533100,,SUBMISSION,HYDROGEL_PACK,XIREC,10013.0,2
533100,Mark 38,SUBMISSION,HYDROGEL_PACK,XIREC,10028.0,2
533200,,SUBMISSION,HYDROGEL_PACK,XIREC,10013.0,2
533300,,SUBMISSION,HYDROGEL_PACK,XIREC,10014.0,4
533400,,SUBMISSION,HYDROGEL_PACK,XIREC,10014.0,4
533400,Mark 38,SUBMISSION,HYDROGEL_PACK,XIREC,10029.0,5
533500,,SUBMISSION,HYDROGEL_PACK,XIREC,10014.0,4
533600,,SUBMISSION,HYDROGEL_PACK,XIREC,10013.0,2
533700,,SUBMISSION,HYDROGEL_PACK,XIREC,10014.0,4
533800,,SUBMISSION,HYDROGEL_PACK,XIREC,10014.0,4
534100,SUBMISSION,Mark 55,VELVETFRUIT_EXTRACT,XIREC,5245.0,3
534300,SUBMISSION,,VELVETFRUIT_EXTRACT,XIREC,5246.0,1
534800,Mark 38,SUBMISSION,HYDROGEL_PACK,XIREC,10017.0,3
534800,SUBMISSION,,VELVETFRUIT_EXTRACT,XIREC,5246.0,6
534900,SUBMISSION,,VELVETFRUIT_EXTRACT,XIREC,5247.0,3
535000,SUBMISSION,,VELVETFRUIT_EXTRACT,XIREC,5247.0,5
535100,SUBMISSION,,VELVETFRUIT_EXTRACT,XIREC,5246.0,6
535200,SUBMISSION,,VELVETFRUIT_EXTRACT,XIREC,5247.0,3
535300,SUBMISSION,,VELVETFRUIT_EXTRACT,XIREC,5247.0,3
535400,SUBMISSION,,VELVETFRUIT_EXTRACT,XIREC,5246.0,6
535500,SUBMISSION,,VELVETFRUIT_EXTRACT,XIREC,5246.0,6
535600,SUBMISSION,,VELVETFRUIT_EXTRACT,XIREC,5244.0,13
535700,SUBMISSION,,VELVETFRUIT_EXTRACT,XIREC,5243.0,16
535800,SUBMISSION,,VELVETFRUIT_EXTRACT,XIREC,5245.0,10
535900,SUBMISSION,,VELVETFRUIT_EXTRACT,XIREC,5244.0,13
536000,SUBMISSION,,VELVETFRUIT_EXTRACT,XIREC,5245.0,10
536100,SUBMISSION,,VELVETFRUIT_EXTRACT,XIREC,5244.0,13
536200,SUBMISSION,,VELVETFRUIT_EXTRACT,XIREC,5245.0,9
536300,SUBMISSION,,VELVETFRUIT_EXTRACT,XIREC,5243.0,16
536400,SUBMISSION,,VELVETFRUIT_EXTRACT,XIREC,5244.0,13
536500,SUBMISSION,,VELVETFRUIT_EXTRACT,XIREC,5244.0,13
536600,SUBMISSION,,VELVETFRUIT_EXTRACT,XIREC,5244.0,13
536700,SUBMISSION,,VELVETFRUIT_EXTRACT,XIREC,5243.0,16
536800,SUBMISSION,,VELVETFRUIT_EXTRACT,XIREC,5242.0,19
536900,SUBMISSION,,VELVETFRUIT_EXTRACT,XIREC,5241.0,17
536900,SUBMISSION,,VELVETFRUIT_EXTRACT,XIREC,5242.0,5
537000,SUBMISSION,,VELVETFRUIT_EXTRACT,XIREC,5241.0,22
537100,SUBMISSION,,VELVETFRUIT_EXTRACT,XIREC,5240.0,22
537100,SUBMISSION,,VELVETFRUIT_EXTRACT,XIREC,5241.0,3
537200,SUBMISSION,,VELVETFRUIT_EXTRACT,XIREC,5240.0,13
537200,SUBMISSION,,VEV_5000,XIREC,245.0,6
537200,SUBMISSION,,VEV_5000,XIREC,246.0,6
537300,SUBMISSION,,VEV_5000,XIREC,246.0,11
537400,,SUBMISSION,HYDROGEL_PACK,XIREC,10021.0,5
537400,SUBMISSION,,VEV_5000,XIREC,246.0,6
537500,SUBMISSION,,VEV_5000,XIREC,246.0,6
537500,Mark 14,Mark 38,HYDROGEL_PACK,XIREC,10014.0,2
537500,Mark 55,Mark 01,VELVETFRUIT_EXTRACT,XIREC,5241.0,4
537600,SUBMISSION,,VEV_5000,XIREC,246.0,25
537700,SUBMISSION,,VEV_5000,XIREC,246.0,25
537800,SUBMISSION,,VEV_5000,XIREC,247.0,19
537900,SUBMISSION,Mark 55,VELVETFRUIT_EXTRACT,XIREC,5240.0,6
537900,SUBMISSION,,VEV_5000,XIREC,247.0,10
537900,SUBMISSION,,VEV_5000,XIREC,248.0,5
538000,Mark 38,SUBMISSION,HYDROGEL_PACK,XIREC,10023.0,2
538000,SUBMISSION,,VEV_5000,XIREC,248.0,18
538100,SUBMISSION,,VEV_5000,XIREC,246.0,12
538400,SUBMISSION,,VEV_5000,XIREC,244.0,9
538500,SUBMISSION,,VEV_5000,XIREC,244.0,11
538600,SUBMISSION,,VEV_5000,XIREC,244.0,6
538700,SUBMISSION,,VEV_5000,XIREC,244.0,11
538800,SUBMISSION,,VEV_5000,XIREC,244.0,9
538900,Mark 38,SUBMISSION,HYDROGEL_PACK,XIREC,10021.0,6
538900,SUBMISSION,,VEV_5000,XIREC,244.0,12
539100,SUBMISSION,,VEV_5000,XIREC,246.0,22
539200,SUBMISSION,,VEV_5000,XIREC,246.0,22
539300,SUBMISSION,,VEV_5000,XIREC,244.0,7
539400,SUBMISSION,,VEV_5000,XIREC,245.0,22
539500,SUBMISSION,,VEV_5000,XIREC,244.0,9
539600,SUBMISSION,,VEV_5000,XIREC,244.0,6
539700,SUBMISSION,,VEV_5000,XIREC,244.0,6
539800,SUBMISSION,,VEV_5000,XIREC,244.0,8
539900,SUBMISSION,,VEV_5000,XIREC,244.0,8
540100,SUBMISSION,,VEV_5000,XIREC,246.0,20
540200,SUBMISSION,,VEV_5000,XIREC,245.0,6
540700,SUBMISSION,Mark 55,VELVETFRUIT_EXTRACT,XIREC,5239.0,7
541300,SUBMISSION,,VEV_5000,XIREC,247.0,8
541400,SUBMISSION,,VEV_5000,XIREC,245.0,9
541400,SUBMISSION,,VEV_5000,XIREC,246.0,10
541500,SUBMISSION,,VEV_5000,XIREC,246.0,10
541600,SUBMISSION,,VEV_5000,XIREC,246.0,6
541800,SUBMISSION,,VEV_5000,XIREC,245.0,8
541900,SUBMISSION,,VEV_5000,XIREC,245.0,12
542000,SUBMISSION,,VEV_5000,XIREC,246.0,15
542100,SUBMISSION,,VEV_5000,XIREC,246.0,11
542200,SUBMISSION,,VEV_5000,XIREC,246.0,7
542600,Mark 38,SUBMISSION,HYDROGEL_PACK,XIREC,10011.0,6
542600,SUBMISSION,,VEV_5000,XIREC,245.0,1
542900,SUBMISSION,,VEV_5000,XIREC,244.0,2
543100,SUBMISSION,,VEV_5000,XIREC,244.0,1
543200,SUBMISSION,,VEV_5100,XIREC,156.0,10
544300,SUBMISSION,Mark 55,VELVETFRUIT_EXTRACT,XIREC,5237.0,4
544400,Mark 55,Mark 01,VELVETFRUIT_EXTRACT,XIREC,5240.0,6
544500,Mark 38,SUBMISSION,VEV_4000,XIREC,1245.0,2
545000,SUBMISSION,Mark 55,VELVETFRUIT_EXTRACT,XIREC,5236.0,4
546200,SUBMISSION,,VEV_5000,XIREC,242.0,1
547100,SUBMISSION,,VEV_5000,XIREC,240.0,3
547600,SUBMISSION,,VEV_4000,XIREC,1233.0,4
547600,SUBMISSION,,VEV_4500,XIREC,733.0,4
547600,Mark 01,Mark 22,VEV_5400,XIREC,12.0,4
547600,Mark 01,Mark 22,VEV_6000,XIREC,0.0,4
547600,Mark 01,Mark 22,VEV_6500,XIREC,0.0,4
547800,SUBMISSION,Mark 55,VELVETFRUIT_EXTRACT,XIREC,5233.0,3
548400,SUBMISSION,,VEV_4000,XIREC,1232.0,5
548400,SUBMISSION,,VEV_4500,XIREC,732.0,5
548400,Mark 01,Mark 22,VEV_5400,XIREC,12.0,5
548400,Mark 01,Mark 22,VEV_6000,XIREC,0.0,5
548400,Mark 01,Mark 22,VEV_6500,XIREC,0.0,5
549800,Mark 55,Mark 01,VELVETFRUIT_EXTRACT,XIREC,5236.0,5
550300,Mark 38,SUBMISSION,VEV_4000,XIREC,1241.0,1
550400,SUBMISSION,Mark 38,HYDROGEL_PACK,XIREC,9999.0,2
550900,Mark 14,Mark 38,VEV_4000,XIREC,1221.0,2
551100,SUBMISSION,,VEV_5100,XIREC,154.0,12
551600,Mark 67,Mark 22,VELVETFRUIT_EXTRACT,XIREC,5234.0,8
552300,SUBMISSION,,VELVETFRUIT_EXTRACT,XIREC,5231.0,13
552600,Mark 38,SUBMISSION,VEV_4000,XIREC,1243.0,3
553100,SUBMISSION,,VEV_4000,XIREC,1229.0,4
553100,SUBMISSION,,VEV_4500,XIREC,729.0,4
553100,SUBMISSION,,VEV_5000,XIREC,235.0,2
553100,SUBMISSION,,VEV_5000,XIREC,235.0,2
553100,SUBMISSION,,VEV_5100,XIREC,148.0,4
553100,Mark 01,Mark 22,VEV_5300,XIREC,39.0,4
553100,Mark 01,Mark 22,VEV_5500,XIREC,4.0,4
553100,Mark 01,Mark 22,VEV_6000,XIREC,0.0,4
553100,Mark 01,Mark 22,VEV_6500,XIREC,0.0,4
553300,Mark 38,SUBMISSION,HYDROGEL_PACK,XIREC,10031.0,6
556400,Mark 55,Mark 01,VELVETFRUIT_EXTRACT,XIREC,5228.0,8
556900,Mark 14,Mark 38,VEV_4000,XIREC,1219.0,3
557200,SUBMISSION,Mark 55,VELVETFRUIT_EXTRACT,XIREC,5226.0,4
562700,SUBMISSION,,HYDROGEL_PACK,XIREC,9989.0,7
562700,SUBMISSION,,HYDROGEL_PACK,XIREC,9998.0,4
563500,SUBMISSION,Mark 55,VELVETFRUIT_EXTRACT,XIREC,5227.0,7
563500,Mark 01,Mark 55,VELVETFRUIT_EXTRACT,XIREC,5226.0,1
563600,SUBMISSION,Mark 38,HYDROGEL_PACK,XIREC,9992.0,2
564000,SUBMISSION,,VELVETFRUIT_EXTRACT,XIREC,5231.0,5
564000,Mark 67,Mark 49,VELVETFRUIT_EXTRACT,XIREC,5231.0,12
564100,SUBMISSION,,VEV_5000,XIREC,242.0,5
564300,SUBMISSION,,VEV_4000,XIREC,1231.0,2
564300,SUBMISSION,,VEV_4500,XIREC,731.0,2
564300,SUBMISSION,,VEV_5000,XIREC,237.0,1
564300,SUBMISSION,,VEV_5100,XIREC,150.0,2
564300,Mark 14,Mark 22,VEV_5200,XIREC,84.0,2
564300,Mark 01,Mark 22,VEV_5300,XIREC,40.0,2
564300,Mark 01,Mark 22,VEV_5400,XIREC,12.0,2
564300,Mark 01,Mark 22,VEV_5500,XIREC,4.0,2
564300,Mark 01,Mark 22,VEV_6000,XIREC,0.0,2
564300,Mark 01,Mark 22,VEV_6500,XIREC,0.0,2
564700,SUBMISSION,,VEV_5000,XIREC,240.0,1
564900,Mark 55,Mark 01,VELVETFRUIT_EXTRACT,XIREC,5236.0,6
565500,Mark 55,Mark 01,VELVETFRUIT_EXTRACT,XIREC,5239.0,7
566100,Mark 22,Mark 38,HYDROGEL_PACK,XIREC,10011.0,4
566200,SUBMISSION,,VEV_5100,XIREC,156.0,24
567200,SUBMISSION,,VEV_4000,XIREC,1235.0,2
567200,SUBMISSION,,VEV_4500,XIREC,735.0,2
567200,Mark 01,Mark 22,VEV_5400,XIREC,13.0,2
567200,Mark 01,Mark 22,VEV_5500,XIREC,5.0,2
567200,Mark 01,Mark 22,VEV_6000,XIREC,0.0,2
567200,Mark 01,Mark 22,VEV_6500,XIREC,0.0,2
567700,Mark 38,SUBMISSION,VEV_4000,XIREC,1245.0,1
568200,Mark 55,Mark 14,VELVETFRUIT_EXTRACT,XIREC,5237.0,7
568600,SUBMISSION,,VELVETFRUIT_EXTRACT,XIREC,5237.0,4
568700,SUBMISSION,Mark 38,HYDROGEL_PACK,XIREC,10001.0,5
568800,Mark 38,SUBMISSION,VEV_4000,XIREC,1249.0,2
568900,Mark 01,Mark 22,VEV_5300,XIREC,43.0,4
568900,Mark 01,Mark 22,VEV_5400,XIREC,13.0,4
568900,Mark 01,Mark 22,VEV_5500,XIREC,5.0,4
568900,Mark 01,Mark 22,VEV_6000,XIREC,0.0,4
568900,Mark 01,Mark 22,VEV_6500,XIREC,0.0,4
569900,Mark 14,Mark 38,VEV_4000,XIREC,1227.0,1
570200,Mark 67,Mark 22,VELVETFRUIT_EXTRACT,XIREC,5236.0,7
570700,SUBMISSION,,VELVETFRUIT_EXTRACT,XIREC,5236.0,2
571600,SUBMISSION,Mark 55,VELVETFRUIT_EXTRACT,XIREC,5236.0,2
571600,Mark 01,Mark 55,VELVETFRUIT_EXTRACT,XIREC,5235.0,5
572400,SUBMISSION,,VEV_5100,XIREC,156.0,11
574000,Mark 55,Mark 01,VELVETFRUIT_EXTRACT,XIREC,5238.0,3
574500,,SUBMISSION,HYDROGEL_PACK,XIREC,10008.0,3
574800,SUBMISSION,,VEV_4000,XIREC,1233.0,2
574800,SUBMISSION,,VEV_4500,XIREC,733.0,2
574800,SUBMISSION,,VEV_5100,XIREC,151.0,2
574800,Mark 01,Mark 22,VEV_5400,XIREC,12.0,2
574800,Mark 01,Mark 22,VEV_5500,XIREC,4.0,2
574800,Mark 01,Mark 22,VEV_6000,XIREC,0.0,2
574800,Mark 01,Mark 22,VEV_6500,XIREC,0.0,2
575100,,SUBMISSION,HYDROGEL_PACK,XIREC,10010.0,5
575800,SUBMISSION,,VEV_4000,XIREC,1235.0,5
575800,SUBMISSION,,VEV_4500,XIREC,735.0,4
575800,Mark 67,Mark 22,VELVETFRUIT_EXTRACT,XIREC,5235.0,8
575800,Mark 01,Mark 22,VEV_5500,XIREC,5.0,5
575800,Mark 01,Mark 22,VEV_6000,XIREC,0.0,5
575800,Mark 01,Mark 22,VEV_6500,XIREC,0.0,5
576400,SUBMISSION,Mark 55,VELVETFRUIT_EXTRACT,XIREC,5234.0,1
576400,Mark 01,Mark 55,VELVETFRUIT_EXTRACT,XIREC,5233.0,2
576700,Mark 38,SUBMISSION,VEV_4000,XIREC,1244.0,2
577800,SUBMISSION,,VEV_5100,XIREC,156.0,20
578200,SUBMISSION,,VEV_5100,XIREC,156.0,9
578400,Mark 67,Mark 22,VELVETFRUIT_EXTRACT,XIREC,5237.0,5
578600,Mark 38,SUBMISSION,HYDROGEL_PACK,XIREC,10013.0,3
578800,SUBMISSION,Mark 38,HYDROGEL_PACK,XIREC,9999.0,6
580600,SUBMISSION,Mark 38,HYDROGEL_PACK,XIREC,10001.0,4
581100,Mark 55,Mark 14,VELVETFRUIT_EXTRACT,XIREC,5240.0,7
581700,Mark 55,Mark 01,VELVETFRUIT_EXTRACT,XIREC,5237.0,3
582900,Mark 49,Mark 22,VELVETFRUIT_EXTRACT,XIREC,5236.0,9
583900,SUBMISSION,,VEV_5100,XIREC,158.0,8
584800,SUBMISSION,Mark 55,VELVETFRUIT_EXTRACT,XIREC,5235.0,1
584800,Mark 14,Mark 55,VELVETFRUIT_EXTRACT,XIREC,5234.0,6
584900,Mark 01,Mark 55,VELVETFRUIT_EXTRACT,XIREC,5234.0,7
587200,Mark 01,Mark 55,VELVETFRUIT_EXTRACT,XIREC,5242.0,3
588200,Mark 01,Mark 22,VEV_5300,XIREC,45.0,4
588200,Mark 01,Mark 22,VEV_5400,XIREC,14.0,4
588200,Mark 01,Mark 22,VEV_5500,XIREC,5.0,4
588200,Mark 01,Mark 22,VEV_6000,XIREC,0.0,4
588200,Mark 01,Mark 22,VEV_6500,XIREC,0.0,4
588600,Mark 49,Mark 22,VELVETFRUIT_EXTRACT,XIREC,5245.0,5
589100,Mark 14,Mark 38,VEV_4000,XIREC,1234.0,3
590100,SUBMISSION,Mark 38,HYDROGEL_PACK,XIREC,9990.0,2
590400,SUBMISSION,,HYDROGEL_PACK,XIREC,10003.0,2
590500,SUBMISSION,,HYDROGEL_PACK,XIREC,10003.0,2
590900,SUBMISSION,,HYDROGEL_PACK,XIREC,10003.0,2
592500,SUBMISSION,,HYDROGEL_PACK,XIREC,10003.0,3
592600,SUBMISSION,,HYDROGEL_PACK,XIREC,10002.0,6
594200,,SUBMISSION,HYDROGEL_PACK,XIREC,10003.0,11
594200,SUBMISSION,,VEV_5100,XIREC,158.0,1
594300,,SUBMISSION,HYDROGEL_PACK,XIREC,10005.0,13
594300,,SUBMISSION,HYDROGEL_PACK,XIREC,10002.0,2
594400,,SUBMISSION,HYDROGEL_PACK,XIREC,10007.0,9
594900,SUBMISSION,,VEV_5100,XIREC,158.0,2
594900,Mark 22,Mark 55,VELVETFRUIT_EXTRACT,XIREC,5239.0,4
595000,,SUBMISSION,HYDROGEL_PACK,XIREC,10011.0,15
595000,,SUBMISSION,HYDROGEL_PACK,XIREC,10008.0,1
595300,Mark 01,Mark 55,VELVETFRUIT_EXTRACT,XIREC,5238.0,8
595700,,SUBMISSION,HYDROGEL_PACK,XIREC,10013.0,3
596300,Mark 38,SUBMISSION,HYDROGEL_PACK,XIREC,10026.0,2
597200,SUBMISSION,,VEV_5100,XIREC,158.0,4
597200,Mark 14,Mark 55,VELVETFRUIT_EXTRACT,XIREC,5237.0,7
597400,SUBMISSION,,VEV_5100,XIREC,158.0,4
597400,Mark 14,Mark 55,VELVETFRUIT_EXTRACT,XIREC,5237.0,4
598100,SUBMISSION,,VEV_5100,XIREC,158.0,4
599200,SUBMISSION,,VEV_5100,XIREC,158.0,4
599600,Mark 14,Mark 38,VEV_4000,XIREC,1226.0,1
600000,Mark 55,Mark 01,VELVETFRUIT_EXTRACT,XIREC,5237.0,7
600100,Mark 14,Mark 38,VEV_4000,XIREC,1223.0,2
600400,Mark 38,SUBMISSION,HYDROGEL_PACK,XIREC,10034.0,4
601200,Mark 14,Mark 38,VEV_4000,XIREC,1223.0,1
601700,Mark 14,Mark 38,HYDROGEL_PACK,XIREC,10013.0,2
603000,Mark 55,Mark 01,VELVETFRUIT_EXTRACT,XIREC,5234.0,6
604600,SUBMISSION,,VEV_4000,XIREC,1229.0,5
604600,SUBMISSION,,VEV_4500,XIREC,729.0,5
604600,Mark 01,Mark 22,VEV_5300,XIREC,39.0,5
604600,Mark 01,Mark 22,VEV_5400,XIREC,11.0,5
604600,Mark 01,Mark 22,VEV_5500,XIREC,4.0,5
604600,Mark 01,Mark 22,VEV_6000,XIREC,0.0,5
