timestamp,buyer,seller,symbol,currency,price,quantity
4500,SUBMISSION,,VEV_5400,XIREC,18.0,2
4500,SUBMISSION,,VEV_5500,XIREC,8.0,2
4500,,,VEV_6000,XIREC,0.0,2
4500,,,VEV_6500,XIREC,0.0,2
5100,,,HYDROGEL_PACK,XIREC,9960.0,4
5200,,SUBMISSION,VELVETFRUIT_EXTRACT,XIREC,5251.0,18
5300,,SUBMISSION,VEV_4000,XIREC,1259.0,2
5800,SUBMISSION,,HYDROGEL_PACK,XIREC,9955.0,12
6000,SUBMISSION,,HYDROGEL_PACK,XIREC,9955.0,13
6100,,SUBMISSION,VELVETFRUIT_EXTRACT,XIREC,5254.0,3
6200,SUBMISSION,,HYDROGEL_PACK,XIREC,9955.0,12
6200,,,HYDROGEL_PACK,XIREC,9955.0,5
6300,SUBMISSION,,HYDROGEL_PACK,XIREC,9954.0,14
6300,SUBMISSION,,HYDROGEL_PACK,XIREC,9956.0,22
6400,SUBMISSION,,HYDROGEL_PACK,XIREC,9955.0,14
6500,SUBMISSION,,HYDROGEL_PACK,XIREC,9944.0,4
6500,SUBMISSION,,HYDROGEL_PACK,XIREC,9953.0,12
6500,SUBMISSION,,HYDROGEL_PACK,XIREC,9955.0,22
6600,SUBMISSION,,HYDROGEL_PACK,XIREC,9955.0,13
6700,SUBMISSION,,HYDROGEL_PACK,XIREC,9953.0,12
6800,SUBMISSION,,HYDROGEL_PACK,XIREC,9952.0,12
6800,SUBMISSION,,HYDROGEL_PACK,XIREC,9955.0,29
6900,SUBMISSION,,HYDROGEL_PACK,XIREC,9952.0,9
9400,SUBMISSION,,VELVETFRUIT_EXTRACT,XIREC,5244.0,14
9400,SUBMISSION,,VELVETFRUIT_EXTRACT,XIREC,5244.0,8
9500,SUBMISSION,,VELVETFRUIT_EXTRACT,XIREC,5245.0,6
9600,SUBMISSION,,VEV_5400,XIREC,16.0,4
9600,SUBMISSION,,VEV_5500,XIREC,7.0,4
9600,,,VEV_6000,XIREC,0.0,4
9600,,,VEV_6500,XIREC,0.0,4
10300,SUBMISSION,,VELVETFRUIT_EXTRACT,XIREC,5242.0,13
10400,SUBMISSION,,VELVETFRUIT_EXTRACT,XIREC,5240.0,12
10400,SUBMISSION,,VELVETFRUIT_EXTRACT,XIREC,5244.0,65
10400,SUBMISSION,,VELVETFRUIT_EXTRACT,XIREC,5240.0,12
10500,SUBMISSION,,VELVETFRUIT_EXTRACT,XIREC,5244.0,21
10600,SUBMISSION,,VELVETFRUIT_EXTRACT,XIREC,5244.0,18
10700,SUBMISSION,,VELVETFRUIT_EXTRACT,XIREC,5244.0,22
11500,SUBMISSION,,VELVETFRUIT_EXTRACT,XIREC,5244.0,24
11600,SUBMISSION,,VELVETFRUIT_EXTRACT,XIREC,5244.0,6
11800,SUBMISSION,,VEV_5500,XIREC,7.0,4
11800,,,VEV_6000,XIREC,0.0,4
11800,,,VEV_6500,XIREC,0.0,4
14300,,,VELVETFRUIT_EXTRACT,XIREC,5238.0,6
14800,SUBMISSION,,VEV_5300,XIREC,42.0,4
14800,SUBMISSION,,VEV_5400,XIREC,14.0,4
14800,SUBMISSION,,VEV_5500,XIREC,6.0,4
14800,,,VELVETFRUIT_EXTRACT,XIREC,5232.0,6
14800,,,VEV_6000,XIREC,0.0,4
14800,,,VEV_6500,XIREC,0.0,4
15000,,SUBMISSION,HYDROGEL_PACK,XIREC,9965.0,4
16700,SUBMISSION,,VEV_4000,XIREC,1231.0,2
16700,SUBMISSION,,VEV_4000,XIREC,1242.0,13
16700,SUBMISSION,,VEV_4000,XIREC,1244.0,15
16700,SUBMISSION,,VEV_4000,XIREC,1226.0,2
16700,SUBMISSION,,VEV_5300,XIREC,41.0,2
16700,SUBMISSION,,VEV_5400,XIREC,14.0,2
16700,SUBMISSION,,VEV_5500,XIREC,6.0,2
16700,,,VEV_6000,XIREC,0.0,2
16700,,,VEV_6500,XIREC,0.0,2
16900,SUBMISSION,,HYDROGEL_PACK,XIREC,9953.0,4
17300,SUBMISSION,,VEV_4000,XIREC,1226.0,1
17400,,,VELVETFRUIT_EXTRACT,XIREC,5230.0,8
17900,,SUBMISSION,VEV_4000,XIREC,1238.0,1
19300,,,VELVETFRUIT_EXTRACT,XIREC,5226.0,5
20200,,,VELVETFRUIT_EXTRACT,XIREC,5224.0,5
22800,,,HYDROGEL_PACK,XIREC,9946.0,6
25700,,SUBMISSION,VEV_4000,XIREC,1236.0,3
29300,,,VELVETFRUIT_EXTRACT,XIREC,5237.0,4
30800,,,HYDROGEL_PACK,XIREC,9940.0,2
31400,,,HYDROGEL_PACK,XIREC,9953.0,3
31700,,,VELVETFRUIT_EXTRACT,XIREC,5237.0,4
32000,,,HYDROGEL_PACK,XIREC,9938.0,5
32600,,,VELVETFRUIT_EXTRACT,XIREC,5240.0,5
32800,,,VELVETFRUIT_EXTRACT,XIREC,5238.0,7
33600,,,HYDROGEL_PACK,XIREC,9948.0,6
36200,,SUBMISSION,VEV_4000,XIREC,1239.0,3
36500,,,VELVETFRUIT_EXTRACT,XIREC,5232.0,7
37400,,,HYDROGEL_PACK,XIREC,9936.0,4
38500,SUBMISSION,,VEV_5500,XIREC,6.0,5
38500,,,VEV_6000,XIREC,0.0,5
38500,,,VEV_6500,XIREC,0.0,5
38700,,,VELVETFRUIT_EXTRACT,XIREC,5228.0,8
39400,,,VELVETFRUIT_EXTRACT,XIREC,5234.0,5
39400,,,VELVETFRUIT_EXTRACT,XIREC,5233.0,9
39800,,,VELVETFRUIT_EXTRACT,XIREC,5232.0,4
40400,SUBMISSION,,VEV_5300,XIREC,41.0,4
40400,SUBMISSION,,VEV_5400,XIREC,14.0,4
40400,SUBMISSION,,VEV_5500,XIREC,6.0,4
40400,,,VEV_6000,XIREC,0.0,4
40400,,,VEV_6500,XIREC,0.0,4
40900,,,HYDROGEL_PACK,XIREC,9951.0,5
41300,,,HYDROGEL_PACK,XIREC,9953.0,5
43400,SUBMISSION,,VEV_5400,XIREC,13.0,5
43400,SUBMISSION,,VEV_5500,XIREC,6.0,5
43400,,,VEV_6000,XIREC,0.0,5
43400,,,VEV_6500,XIREC,0.0,5
43600,,,VELVETFRUIT_EXTRACT,XIREC,5229.0,4
43900,,,HYDROGEL_PACK,XIREC,9952.0,6
45200,,,HYDROGEL_PACK,XIREC,9961.0,2
45400,,,VELVETFRUIT_EXTRACT,XIREC,5241.0,8
47700,,,VELVETFRUIT_EXTRACT,XIREC,5243.0,4
48300,,,HYDROGEL_PACK,XIREC,9960.0,3
48900,,,VELVETFRUIT_EXTRACT,XIREC,5241.0,6
49800,,,VELVETFRUIT_EXTRACT,XIREC,5244.0,3
50200,SUBMISSION,,VEV_4000,XIREC,1241.0,2
50300,,SUBMISSION,VEV_4000,XIREC,1252.0,3
50700,SUBMISSION,,VEV_5400,XIREC,16.0,5
50700,SUBMISSION,,VEV_5500,XIREC,7.0,5
50700,,,VEV_6000,XIREC,0.0,5
50700,,,VEV_6500,XIREC,0.0,5
51700,,,VELVETFRUIT_EXTRACT,XIREC,5243.0,4
52400,,,HYDROGEL_PACK,XIREC,9961.0,5
52800,SUBMISSION,,VEV_5400,XIREC,16.0,3
52800,SUBMISSION,,VEV_5500,XIREC,7.0,3
52800,,,VEV_6000,XIREC,0.0,3
52800,,,VEV_6500,XIREC,0.0,3
53000,,,HYDROGEL_PACK,XIREC,9961.0,4
53400,SUBMISSION,,VEV_5500,XIREC,7.0,2
53400,,,VEV_6000,XIREC,0.0,2
53400,,,VEV_6500,XIREC,0.0,2
53800,,SUBMISSION,VEV_4000,XIREC,1250.0,2
54400,SUBMISSION,,VEV_4000,XIREC,1239.0,3
57600,,SUBMISSION,VEV_4000,XIREC,1252.0,3
59300,,,HYDROGEL_PACK,XIREC,9949.0,4
59600,,,VELVETFRUIT_EXTRACT,XIREC,5244.0,4
60300,,,VELVETFRUIT_EXTRACT,XIREC,5245.0,5
61100,,SUBMISSION,HYDROGEL_PACK,XIREC,9960.0,2
61400,,SUBMISSION,HYDROGEL_PACK,XIREC,9961.0,2
62100,,,VELVETFRUIT_EXTRACT,XIREC,5243.0,6
62200,SUBMISSION,,HYDROGEL_PACK,XIREC,9952.0,4
62600,,SUBMISSION,VEV_4000,XIREC,1249.0,1
63100,,SUBMISSION,VEV_4000,XIREC,1247.0,3
63200,,,HYDROGEL_PACK,XIREC,9950.0,5
63200,,,VELVETFRUIT_EXTRACT,XIREC,5240.0,8
64200,,SUBMISSION,VELVETFRUIT_EXTRACT,XIREC,5244.0,6
64300,,,HYDROGEL_PACK,XIREC,9933.0,4
65400,,,HYDROGEL_PACK,XIREC,9930.0,4
65700,SUBMISSION,,VELVETFRUIT_EXTRACT,XIREC,5241.0,6
65700,,,VELVETFRUIT_EXTRACT,XIREC,5240.0,2
65900,,,HYDROGEL_PACK,XIREC,9935.0,2
67300,,SUBMISSION,VELVETFRUIT_EXTRACT,XIREC,5244.0,20
67700,,SUBMISSION,VELVETFRUIT_EXTRACT,XIREC,5249.0,4
68000,,SUBMISSION,VEV_4000,XIREC,1253.0,2
69500,,,HYDROGEL_PACK,XIREC,9952.0,2
70500,SUBMISSION,,VEV_4000,XIREC,1237.0,1
71600,SUBMISSION,,VELVETFRUIT_EXTRACT,XIREC,5240.0,5
71800,SUBMISSION,,VELVETFRUIT_EXTRACT,XIREC,5240.0,7
72800,SUBMISSION,,VELVETFRUIT_EXTRACT,XIREC,5240.0,12
73400,,,VELVETFRUIT_EXTRACT,XIREC,5237.0,8
73400,,,VELVETFRUIT_EXTRACT,XIREC,5236.0,6
73500,,,HYDROGEL_PACK,XIREC,9966.0,3
74100,SUBMISSION,,VEV_5300,XIREC,42.0,3
74100,SUBMISSION,,VEV_5400,XIREC,14.0,3
74100,SUBMISSION,,VEV_5500,XIREC,6.0,3
74100,,,VEV_6000,XIREC,0.0,3
74100,,,VEV_6500,XIREC,0.0,3
74300,,,VELVETFRUIT_EXTRACT,XIREC,5238.0,6
74400,,,VELVETFRUIT_EXTRACT,XIREC,5235.0,4
76600,,SUBMISSION,HYDROGEL_PACK,XIREC,9994.0,3
77300,,,VELVETFRUIT_EXTRACT,XIREC,5241.0,8
78300,SUBMISSION,,VEV_4000,XIREC,1234.0,3
78400,,,VELVETFRUIT_EXTRACT,XIREC,5238.0,7
78500,,SUBMISSION,HYDROGEL_PACK,XIREC,9999.0,4
79000,,,HYDROGEL_PACK,XIREC,9982.0,3
79800,,SUBMISSION,HYDROGEL_PACK,XIREC,9993.0,6
81300,,,HYDROGEL_PACK,XIREC,9970.0,6
81700,,SUBMISSION,HYDROGEL_PACK,XIREC,9979.0,3
81900,,SUBMISSION,HYDROGEL_PACK,XIREC,9977.0,2
82300,,SUBMISSION,HYDROGEL_PACK,XIREC,9976.0,3
82300,,,VELVETFRUIT_EXTRACT,XIREC,5235.0,3
83200,,,VELVETFRUIT_EXTRACT,XIREC,5237.0,7
84300,,SUBMISSION,VEV_4000,XIREC,1238.0,1
84600,,,VELVETFRUIT_EXTRACT,XIREC,5233.0,8
85300,SUBMISSION,,VEV_5300,XIREC,42.0,2
85300,SUBMISSION,,VEV_5400,XIREC,14.0,2
85300,SUBMISSION,,VEV_5500,XIREC,6.0,2
85300,,,VEV_6000,XIREC,0.0,2
85300,,,VEV_6500,XIREC,0.0,2
86100,SUBMISSION,,VEV_5400,XIREC,14.0,5
86100,SUBMISSION,,VEV_5500,XIREC,6.0,5
86100,,,VEV_6000,XIREC,0.0,5
86100,,,VEV_6500,XIREC,0.0,5
87900,,,VELVETFRUIT_EXTRACT,XIREC,5239.0,3
88500,,SUBMISSION,VELVETFRUIT_EXTRACT,XIREC,5241.0,6
89300,SUBMISSION,,VEV_4000,XIREC,1237.0,3
89800,SUBMISSION,,VEV_5300,XIREC,45.0,4
89800,SUBMISSION,,VEV_5400,XIREC,15.0,4
89800,,,VEV_6000,XIREC,0.0,4
89800,,,VEV_6500,XIREC,0.0,4
91100,,SUBMISSION,VELVETFRUIT_EXTRACT,XIREC,5243.0,6
92000,,SUBMISSION,VELVETFRUIT_EXTRACT,XIREC,5242.0,8
92100,SUBMISSION,,HYDROGEL_PACK,XIREC,9956.0,4
92500,,,HYDROGEL_PACK,XIREC,9956.0,2
93700,,SUBMISSION,VELVETFRUIT_EXTRACT,XIREC,5245.0,6
93800,,SUBMISSION,VELVETFRUIT_EXTRACT,XIREC,5245.0,7
94400,,SUBMISSION,HYDROGEL_PACK,XIREC,9973.0,4
97100,SUBMISSION,,HYDROGEL_PACK,XIREC,9951.0,2
98600,,SUBMISSION,HYDROGEL_PACK,XIREC,9961.0,2
99000,,,HYDROGEL_PACK,XIREC,9961.0,3
99700,SUBMISSION,,HYDROGEL_PACK,XIREC,9954.0,11
99800,SUBMISSION,,HYDROGEL_PACK,XIREC,9953.0,10
100500,,SUBMISSION,VELVETFRUIT_EXTRACT,XIREC,5247.0,4
101400,,,HYDROGEL_PACK,XIREC,9936.0,5
101500,,,HYDROGEL_PACK,XIREC,9935.0,6
102500,SUBMISSION,,VEV_4000,XIREC,1240.0,1
102800,SUBMISSION,,VEV_4000,XIREC,1241.0,1
103100,,,HYDROGEL_PACK,XIREC,9952.0,4
103500,,,HYDROGEL_PACK,XIREC,9940.0,3
104400,,SUBMISSION,VELVETFRUIT_EXTRACT,XIREC,5251.0,6
105600,,SUBMISSION,VEV_5000,XIREC,260.0,11
105600,,SUBMISSION,VEV_5000,XIREC,259.0,12
105600,,SUBMISSION,VEV_5100,XIREC,172.0,23
105700,,SUBMISSION,VEV_5000,XIREC,260.0,11
105700,,SUBMISSION,VEV_5000,XIREC,259.0,18
105700,,SUBMISSION,VEV_5100,XIREC,172.0,29
105800,,SUBMISSION,VEV_5000,XIREC,260.0,7
105800,,SUBMISSION,VEV_5000,XIREC,259.0,23
105800,,SUBMISSION,VEV_5100,XIREC,173.0,7
105800,,SUBMISSION,VEV_5100,XIREC,172.0,23
105900,,SUBMISSION,VEV_5000,XIREC,259.0,30
106000,,SUBMISSION,VEV_4000,XIREC,1248.0,7
106000,,SUBMISSION,VEV_4000,XIREC,1246.0,23
106000,,SUBMISSION,VEV_4500,XIREC,751.0,11
106000,,SUBMISSION,VEV_4500,XIREC,749.0,19
106000,,SUBMISSION,VEV_5000,XIREC,261.0,11
106000,,SUBMISSION,VEV_5000,XIREC,260.0,19
106000,,SUBMISSION,VEV_5100,XIREC,173.0,30
106000,,SUBMISSION,VEV_5200,XIREC,102.0,30
106100,,SUBMISSION,VEV_5000,XIREC,259.0,30
106200,,SUBMISSION,VEV_5000,XIREC,260.0,30
106200,,SUBMISSION,VEV_5100,XIREC,173.0,11
106200,,SUBMISSION,VEV_5100,XIREC,172.0,19
106300,,SUBMISSION,VEV_4000,XIREC,1249.0,12
106300,,SUBMISSION,VEV_4000,XIREC,1247.0,18
106300,,SUBMISSION,VEV_4500,XIREC,752.0,12
106300,,SUBMISSION,VEV_4500,XIREC,750.0,12
106300,,SUBMISSION,VEV_5000,XIREC,262.0,12
106300,,SUBMISSION,VEV_5000,XIREC,261.0,12
106300,,SUBMISSION,VEV_5100,XIREC,174.0,12
106300,,SUBMISSION,VEV_5100,XIREC,173.0,12
106300,,SUBMISSION,VEV_5200,XIREC,102.0,24
106300,,SUBMISSION,VEV_5300,XIREC,51.0,25
106400,,SUBMISSION,VEV_4000,XIREC,1249.0,14
106400,,SUBMISSION,VEV_4000,XIREC,1246.0,16
106400,,SUBMISSION,VEV_4500,XIREC,751.0,6
106400,,SUBMISSION,VEV_4500,XIREC,749.0,18
106400,,SUBMISSION,VEV_5000,XIREC,261.0,6
106400,,SUBMISSION,VEV_5000,XIREC,260.0,18
106400,,SUBMISSION,VEV_5100,XIREC,173.0,24
106400,,SUBMISSION,VEV_5200,XIREC,102.0,24
106500,,SUBMISSION,VEV_4000,XIREC,1249.0,8
106500,,SUBMISSION,VEV_4000,XIREC,1247.0,21
106500,,SUBMISSION,VEV_4500,XIREC,752.0,12
106500,,SUBMISSION,VEV_4500,XIREC,750.0,13
106500,,SUBMISSION,VEV_5000,XIREC,262.0,12
106500,,SUBMISSION,VEV_5000,XIREC,261.0,13
106500,,SUBMISSION,VEV_5100,XIREC,174.0,25
106500,,SUBMISSION,VEV_5200,XIREC,102.0,25
106500,,SUBMISSION,VEV_5300,XIREC,51.0,25
106600,,SUBMISSION,VEV_4000,XIREC,1248.0,14
106600,,SUBMISSION,VEV_4000,XIREC,1246.0,16
106600,,SUBMISSION,VEV_4500,XIREC,751.0,7
106600,,SUBMISSION,VEV_4500,XIREC,749.0,23
106600,,SUBMISSION,VEV_5000,XIREC,261.0,7
106600,,SUBMISSION,VEV_5000,XIREC,260.0,13
106600,,SUBMISSION,VEV_5100,XIREC,173.0,30
106600,,SUBMISSION,VEV_5200,XIREC,102.0,30
106700,,SUBMISSION,VEV_4000,XIREC,1249.0,13
106700,,SUBMISSION,VEV_4000,XIREC,1246.0,16
106700,,SUBMISSION,VEV_4500,XIREC,751.0,10
106700,,SUBMISSION,VEV_4500,XIREC,749.0,20
106700,,SUBMISSION,VEV_5100,XIREC,173.0,30
106700,,SUBMISSION,VEV_5200,XIREC,102.0,30
106800,,SUBMISSION,VEV_4000,XIREC,1249.0,10
106800,,SUBMISSION,VEV_4000,XIREC,1246.0,19
106800,,SUBMISSION,VEV_4500,XIREC,751.0,12
106800,,SUBMISSION,VEV_4500,XIREC,749.0,14
106800,,SUBMISSION,VEV_5100,XIREC,174.0,12
106800,,SUBMISSION,VEV_5100,XIREC,173.0,8
106800,,SUBMISSION,VEV_5200,XIREC,102.0,26
106800,,SUBMISSION,VEV_5300,XIREC,51.0,7
106800,,SUBMISSION,VEV_5300,XIREC,50.0,13
106900,,SUBMISSION,VEV_4500,XIREC,751.0,8
106900,,SUBMISSION,VEV_4500,XIREC,749.0,22
106900,,SUBMISSION,VEV_5200,XIREC,102.0,8
106900,,SUBMISSION,VEV_5200,XIREC,101.0,22
107000,,SUBMISSION,VEV_4000,XIREC,1249.0,10
107000,,SUBMISSION,VEV_4000,XIREC,1246.0,16
107000,,SUBMISSION,VEV_4500,XIREC,751.0,11
107000,,SUBMISSION,VEV_4500,XIREC,749.0,19
107000,,SUBMISSION,VEV_5200,XIREC,102.0,30
107100,,SUBMISSION,VEV_4000,XIREC,1249.0,13
107100,,SUBMISSION,VEV_4000,XIREC,1247.0,17
107100,,SUBMISSION,VEV_4500,XIREC,752.0,9
107100,,SUBMISSION,VEV_4500,XIREC,750.0,12
107100,,SUBMISSION,VEV_5200,XIREC,102.0,21
107100,,SUBMISSION,VEV_5300,XIREC,51.0,25
107100,,,HYDROGEL_PACK,XIREC,9952.0,5
107200,,SUBMISSION,VEV_4000,XIREC,1252.0,15
107200,,SUBMISSION,VEV_4000,XIREC,1249.0,15
107200,,SUBMISSION,VEV_4500,XIREC,754.0,12
107200,,SUBMISSION,VEV_4500,XIREC,752.0,13
107200,,SUBMISSION,VEV_5200,XIREC,104.0,25
107200,,SUBMISSION,VEV_5300,XIREC,52.0,24
107200,,SUBMISSION,VEV_5400,XIREC,19.0,24
107300,,SUBMISSION,VEV_4000,XIREC,1252.0,15
107300,,SUBMISSION,VEV_4000,XIREC,1249.0,10
107300,,SUBMISSION,VEV_5300,XIREC,52.0,26
107300,,SUBMISSION,VEV_5400,XIREC,19.0,26
107400,,SUBMISSION,VEV_5300,XIREC,52.0,21
107400,,SUBMISSION,VEV_5400,XIREC,19.0,21
107500,,SUBMISSION,VEV_5300,XIREC,52.0,8
107500,,SUBMISSION,VEV_5300,XIREC,51.0,13
107600,,SUBMISSION,VEV_5300,XIREC,51.0,23
107700,,SUBMISSION,VEV_5300,XIREC,52.0,19
107700,,SUBMISSION,VEV_5400,XIREC,19.0,19
107800,,SUBMISSION,VEV_5300,XIREC,52.0,17
107800,,SUBMISSION,VEV_5400,XIREC,19.0,17
107900,,SUBMISSION,VELVETFRUIT_EXTRACT,XIREC,5266.0,3
107900,,SUBMISSION,VEV_5300,XIREC,52.0,20
107900,,SUBMISSION,VEV_5400,XIREC,19.0,20
108000,,SUBMISSION,VEV_5300,XIREC,52.0,21
108000,,SUBMISSION,VEV_5400,XIREC,19.0,21
108100,,SUBMISSION,VEV_5300,XIREC,52.0,5
108100,,SUBMISSION,VEV_5300,XIREC,51.0,19
108200,,SUBMISSION,VEV_5300,XIREC,52.0,3
108200,,SUBMISSION,VEV_5400,XIREC,19.0,26
108300,,SUBMISSION,VEV_5400,XIREC,19.0,17
108400,,SUBMISSION,VEV_5400,XIREC,20.0,3
108400,,SUBMISSION,VEV_5400,XIREC,19.0,22
108500,,SUBMISSION,VEV_5400,XIREC,20.0,22
108600,,SUBMISSION,VEV_5400,XIREC,20.0,5
108600,,SUBMISSION,VEV_5400,XIREC,19.0,12
108700,,SUBMISSION,VEV_5400,XIREC,20.0,9
108700,,SUBMISSION,VEV_5400,XIREC,19.0,18
108800,,SUBMISSION,VEV_5400,XIREC,20.0,18
108800,,SUBMISSION,VEV_5500,XIREC,9.0,18
108900,,SUBMISSION,VEV_5400,XIREC,20.0,26
108900,,SUBMISSION,VEV_5500,XIREC,9.0,26
109000,,SUBMISSION,VELVETFRUIT_EXTRACT,XIREC,5264.0,23
109000,,SUBMISSION,VELVETFRUIT_EXTRACT,XIREC,5264.0,7
109000,,SUBMISSION,VEV_5400,XIREC,20.0,12
109000,,SUBMISSION,VEV_5500,XIREC,9.0,29
109000,,,VELVETFRUIT_EXTRACT,XIREC,5265.0,5
109100,,SUBMISSION,VEV_5500,XIREC,9.0,25
109100,,,HYDROGEL_PACK,XIREC,9957.0,2
109200,,SUBMISSION,VEV_5500,XIREC,9.0,6
109200,,SUBMISSION,VEV_5500,XIREC,8.0,12
109300,,SUBMISSION,VEV_5500,XIREC,9.0,18
109400,,SUBMISSION,VEV_5500,XIREC,9.0,27
109500,,SUBMISSION,VEV_5500,XIREC,9.0,24
109600,,SUBMISSION,VEV_5500,XIREC,9.0,26
109700,,SUBMISSION,VEV_5500,XIREC,9.0,16
109800,,SUBMISSION,VEV_5500,XIREC,9.0,20
109900,,SUBMISSION,VEV_5500,XIREC,9.0,22
110000,,SUBMISSION,VEV_5500,XIREC,9.0,26
110100,,SUBMISSION,VEV_5500,XIREC,9.0,26
110100,,,VELVETFRUIT_EXTRACT,XIREC,5265.0,4
110200,,SUBMISSION,VEV_5500,XIREC,9.0,23
110300,,SUBMISSION,VEV_5500,XIREC,9.0,1
112000,,,VELVETFRUIT_EXTRACT,XIREC,5260.0,3
112700,,,HYDROGEL_PACK,XIREC,9948.0,2
113900,,,HYDROGEL_PACK,XIREC,9956.0,2
115500,,,HYDROGEL_PACK,XIREC,9937.0,3
118800,,,VELVETFRUIT_EXTRACT,XIREC,5257.0,3
119400,,SUBMISSION,HYDROGEL_PACK,XIREC,9961.0,3
120300,SUBMISSION,,VEV_5400,XIREC,18.0,4
120300,SUBMISSION,,VEV_5500,XIREC,8.0,4
120300,,,VEV_6000,XIREC,0.0,4
120300,,,VEV_6500,XIREC,0.0,4
120700,,,HYDROGEL_PACK,XIREC,9958.0,2
121800,,SUBMISSION,VEV_5400,XIREC,20.0,4
121800,,SUBMISSION,VEV_5500,XIREC,9.0,4
123300,,,VELVETFRUIT_EXTRACT,XIREC,5262.0,7
123900,SUBMISSION,,HYDROGEL_PACK,XIREC,9950.0,3
125600,,SUBMISSION,VELVETFRUIT_EXTRACT,XIREC,5264.0,3
126000,,,HYDROGEL_PACK,XIREC,9953.0,4
127200,SUBMISSION,,VEV_5500,XIREC,8.0,3
127200,,,VEV_6000,XIREC,0.0,3
127200,,,VEV_6500,XIREC,0.0,3
129100,,SUBMISSION,VEV_4000,XIREC,1270.0,3
129500,,SUBMISSION,HYDROGEL_PACK,XIREC,9966.0,6
129800,SUBMISSION,,HYDROGEL_PACK,XIREC,9952.0,4
130800,SUBMISSION,,HYDROGEL_PACK,XIREC,9947.0,2
130800,,,HYDROGEL_PACK,XIREC,9946.0,3
131300,,,VELVETFRUIT_EXTRACT,XIREC,5265.0,5
131800,,,VELVETFRUIT_EXTRACT,XIREC,5261.0,5
132600,,SUBMISSION,VELVETFRUIT_EXTRACT,XIREC,5262.0,10
133100,SUBMISSION,,VEV_4000,XIREC,1258.0,3
133700,,,HYDROGEL_PACK,XIREC,9948.0,4
133800,,SUBMISSION,VEV_5500,XIREC,9.0,3
134000,,,VELVETFRUIT_EXTRACT,XIREC,5264.0,8
134500,,,HYDROGEL_PACK,XIREC,9944.0,6
135200,,SUBMISSION,VELVETFRUIT_EXTRACT,XIREC,5263.0,8
135500,,,VELVETFRUIT_EXTRACT,XIREC,5257.0,7
135900,SUBMISSION,,VEV_5300,XIREC,52.0,3
135900,SUBMISSION,,VEV_5400,XIREC,19.0,3
135900,SUBMISSION,,VEV_5500,XIREC,8.0,3
135900,,,VEV_6000,XIREC,0.0,3
135900,,,VEV_6500,XIREC,0.0,3
137000,SUBMISSION,,VEV_4000,XIREC,1257.0,3
137300,SUBMISSION,,VEV_4000,XIREC,1256.0,3
137600,,SUBMISSION,VEV_4000,XIREC,1264.0,3
137800,,,HYDROGEL_PACK,XIREC,9942.0,3
138000,,,VELVETFRUIT_EXTRACT,XIREC,5254.0,7
138100,,SUBMISSION,HYDROGEL_PACK,XIREC,9958.0,2
139700,,SUBMISSION,VELVETFRUIT_EXTRACT,XIREC,5256.0,8
140000,,SUBMISSION,VELVETFRUIT_EXTRACT,XIREC,5260.0,5
140100,,SUBMISSION,VELVETFRUIT_EXTRACT,XIREC,5259.0,4
141000,,SUBMISSION,VELVETFRUIT_EXTRACT,XIREC,5259.0,4
142000,,SUBMISSION,VELVETFRUIT_EXTRACT,XIREC,5261.0,6
142700,,SUBMISSION,VEV_4000,XIREC,1254.0,3
143100,,SUBMISSION,VEV_5300,XIREC,53.0,3
144500,,,VELVETFRUIT_EXTRACT,XIREC,5258.0,5
145100,SUBMISSION,,HYDROGEL_PACK,XIREC,9951.0,2
145500,SUBMISSION,,VEV_5400,XIREC,19.0,2
145500,SUBMISSION,,VEV_5500,XIREC,8.0,2
145500,,,VEV_6000,XIREC,0.0,2
145500,,,VEV_6500,XIREC,0.0,2
145600,,SUBMISSION,HYDROGEL_PACK,XIREC,9961.0,5
146500,,SUBMISSION,HYDROGEL_PACK,XIREC,9962.0,6
146700,,,VELVETFRUIT_EXTRACT,XIREC,5260.0,7
147400,,SUBMISSION,VEV_5400,XIREC,20.0,5
147400,,SUBMISSION,VEV_5500,XIREC,9.0,5
147900,SUBMISSION,,VEV_4000,XIREC,1261.0,1
148000,,SUBMISSION,HYDROGEL_PACK,XIREC,9971.0,3
148000,,SUBMISSION,VEV_4000,XIREC,1257.0,1
148300,,,VELVETFRUIT_EXTRACT,XIREC,5265.0,4
148800,,SUBMISSION,VELVETFRUIT_EXTRACT,XIREC,5262.0,21
150600,SUBMISSION,,VEV_5300,XIREC,53.0,2
150600,SUBMISSION,,VEV_5400,XIREC,20.0,2
150600,SUBMISSION,,VEV_5500,XIREC,8.0,2
150600,,,VEV_6000,XIREC,0.0,2
150600,,,VEV_6500,XIREC,0.0,2
150700,,SUBMISSION,VELVETFRUIT_EXTRACT,XIREC,5267.0,7
151100,SUBMISSION,,HYDROGEL_PACK,XIREC,9946.0,4
151200,SUBMISSION,,HYDROGEL_PACK,XIREC,9945.0,6
151400,,,VELVETFRUIT_EXTRACT,XIREC,5261.0,7
152700,SUBMISSION,,HYDROGEL_PACK,XIREC,9945.0,4
152700,,,HYDROGEL_PACK,XIREC,9944.0,1
153000,SUBMISSION,,VEV_5400,XIREC,18.0,4
153000,SUBMISSION,,VEV_5500,XIREC,7.0,4
153000,,,VEV_6000,XIREC,0.0,4
153000,,,VEV_6500,XIREC,0.0,4
154100,SUBMISSION,,VEV_4000,XIREC,1247.0,3
155900,,SUBMISSION,HYDROGEL_PACK,XIREC,9965.0,4
156000,SUBMISSION,,VELVETFRUIT_EXTRACT,XIREC,5250.0,15
156200,SUBMISSION,,VELVETFRUIT_EXTRACT,XIREC,5250.0,15
156200,SUBMISSION,,VEV_4000,XIREC,1242.0,1
156300,SUBMISSION,,VELVETFRUIT_EXTRACT,XIREC,5250.0,56
156400,SUBMISSION,,HYDROGEL_PACK,XIREC,9950.0,4
156400,SUBMISSION,,VELVETFRUIT_EXTRACT,XIREC,5249.0,19
156400,SUBMISSION,,VELVETFRUIT_EXTRACT,XIREC,5250.0,34
156400,,,HYDROGEL_PACK,XIREC,9949.0,2
156600,SUBMISSION,,VELVETFRUIT_EXTRACT,XIREC,5250.0,13
159900,,,HYDROGEL_PACK,XIREC,9961.0,3
161200,,,HYDROGEL_PACK,XIREC,9956.0,6
163300,,SUBMISSION,VELVETFRUIT_EXTRACT,XIREC,5253.0,10
164000,SUBMISSION,,VELVETFRUIT_EXTRACT,XIREC,5252.0,5
164300,,SUBMISSION,HYDROGEL_PACK,XIREC,9972.0,5
165500,SUBMISSION,,VELVETFRUIT_EXTRACT,XIREC,5251.0,4
167300,,,HYDROGEL_PACK,XIREC,9957.0,3
167600,SUBMISSION,,VELVETFRUIT_EXTRACT,XIREC,5250.0,1
167600,SUBMISSION,,VEV_4000,XIREC,1247.0,2
167600,,,VELVETFRUIT_EXTRACT,XIREC,5249.0,5
168400,,,VELVETFRUIT_EXTRACT,XIREC,5248.0,3
168500,,SUBMISSION,VEV_4000,XIREC,1256.0,2
168700,,SUBMISSION,VEV_4000,XIREC,1255.0,1
170400,SUBMISSION,,VEV_5400,XIREC,17.0,5
170400,SUBMISSION,,VEV_5500,XIREC,7.0,5
170400,,,VEV_6000,XIREC,0.0,5
170400,,,VEV_6500,XIREC,0.0,5
170500,SUBMISSION,,VEV_5300,XIREC,46.0,3
170500,SUBMISSION,,VEV_5500,XIREC,7.0,3
170500,,,VEV_6000,XIREC,0.0,3
170500,,,VEV_6500,XIREC,0.0,3
170900,,SUBMISSION,VEV_4000,XIREC,1255.0,3
171400,,SUBMISSION,HYDROGEL_PACK,XIREC,9991.0,6
171700,,,VELVETFRUIT_EXTRACT,XIREC,5248.0,7
172400,SUBMISSION,,VEV_4000,XIREC,1243.0,1
172500,SUBMISSION,,VEV_5300,XIREC,46.0,5
172500,SUBMISSION,,VEV_5400,XIREC,17.0,5
172500,SUBMISSION,,VEV_5500,XIREC,7.0,5
172500,,,VEV_6000,XIREC,0.0,5
172500,,,VEV_6500,XIREC,0.0,5
174200,,SUBMISSION,HYDROGEL_PACK,XIREC,9987.0,5
174400,,SUBMISSION,HYDROGEL_PACK,XIREC,9990.0,6
178000,,,HYDROGEL_PACK,XIREC,9988.0,3
179200,,,VELVETFRUIT_EXTRACT,XIREC,5243.0,4
180100,,,VELVETFRUIT_EXTRACT,XIREC,5248.0,3
182100,,,HYDROGEL_PACK,XIREC,10012.0,3
182800,,,HYDROGEL_PACK,XIREC,10010.0,5
184200,,SUBMISSION,VEV_4000,XIREC,1246.0,3
185600,,SUBMISSION,HYDROGEL_PACK,XIREC,10023.0,12
185600,,SUBMISSION,HYDROGEL_PACK,XIREC,10020.0,23
185700,,SUBMISSION,HYDROGEL_PACK,XIREC,10023.0,14
185700,,SUBMISSION,HYDROGEL_PACK,XIREC,10021.0,29
185800,,SUBMISSION,HYDROGEL_PACK,XIREC,10024.0,13
185800,,SUBMISSION,HYDROGEL_PACK,XIREC,10022.0,24
185800,,SUBMISSION,HYDROGEL_PACK,XIREC,10039.0,4
185900,,SUBMISSION,HYDROGEL_PACK,XIREC,10024.0,12
185900,,SUBMISSION,HYDROGEL_PACK,XIREC,10021.0,23
186000,,SUBMISSION,HYDROGEL_PACK,XIREC,10023.0,15
186000,,SUBMISSION,HYDROGEL_PACK,XIREC,10020.0,27
187000,SUBMISSION,,VEV_5200,XIREC,88.0,30
187200,SUBMISSION,,VEV_5200,XIREC,88.0,30
187300,SUBMISSION,,VEV_5000,XIREC,241.0,11
187300,SUBMISSION,,VEV_5000,XIREC,242.0,16
187300,SUBMISSION,,VEV_5100,XIREC,155.0,27
187300,SUBMISSION,,VEV_5200,XIREC,87.0,27
187300,SUBMISSION,,VEV_5300,XIREC,41.0,27
187400,SUBMISSION,,VEV_5100,XIREC,155.0,27
187400,SUBMISSION,,VEV_5200,XIREC,87.0,27
187400,SUBMISSION,,VEV_5300,XIREC,41.0,10
187400,SUBMISSION,,VEV_5300,XIREC,42.0,20
187400,,,VELVETFRUIT_EXTRACT,XIREC,5235.0,8
187500,SUBMISSION,,VEV_5000,XIREC,241.0,9
187500,SUBMISSION,,VEV_5000,XIREC,242.0,18
187500,SUBMISSION,,VEV_5100,XIREC,154.0,9
187500,SUBMISSION,,VEV_5100,XIREC,155.0,18
187500,SUBMISSION,,VEV_5200,XIREC,87.0,27
187500,SUBMISSION,,VEV_5300,XIREC,41.0,18
187600,SUBMISSION,,VEV_5100,XIREC,155.0,30
187600,SUBMISSION,,VEV_5200,XIREC,87.0,30
187600,SUBMISSION,,VEV_5300,XIREC,41.0,7
187600,SUBMISSION,,VEV_5300,XIREC,42.0,20
187600,,,VELVETFRUIT_EXTRACT,XIREC,5235.0,5
187700,SUBMISSION,,VEV_5000,XIREC,241.0,19
187700,SUBMISSION,,VEV_5100,XIREC,154.0,19
187700,SUBMISSION,,VEV_5200,XIREC,86.0,6
187700,SUBMISSION,,VEV_5200,XIREC,87.0,13
187700,SUBMISSION,,VEV_5300,XIREC,41.0,26
187800,SUBMISSION,,VEV_5000,XIREC,240.0,6
187800,SUBMISSION,,VEV_5000,XIREC,241.0,16
187800,SUBMISSION,,VEV_5100,XIREC,154.0,22
187800,SUBMISSION,,VEV_5200,XIREC,86.0,6
187800,SUBMISSION,,VEV_5200,XIREC,87.0,16
187800,SUBMISSION,,VEV_5300,XIREC,41.0,21
187900,SUBMISSION,,VEV_5000,XIREC,241.0,26
187900,SUBMISSION,,VEV_5100,XIREC,154.0,6
187900,SUBMISSION,,VEV_5100,XIREC,155.0,20
187900,SUBMISSION,,VEV_5200,XIREC,87.0,26
187900,SUBMISSION,,VEV_5300,XIREC,41.0,28
188000,SUBMISSION,,VEV_5000,XIREC,241.0,9
188000,SUBMISSION,,VEV_5000,XIREC,242.0,15
188000,SUBMISSION,,VEV_5100,XIREC,154.0,9
188000,SUBMISSION,,VEV_5100,XIREC,155.0,15
188000,SUBMISSION,,VEV_5200,XIREC,87.0,24
188000,SUBMISSION,,VEV_5300,XIREC,41.0,25
188100,SUBMISSION,,VEV_5000,XIREC,241.0,21
188100,SUBMISSION,,VEV_5100,XIREC,154.0,21
188100,SUBMISSION,,VEV_5200,XIREC,87.0,21
188100,SUBMISSION,,VEV_5300,XIREC,41.0,21
188200,,SUBMISSION,HYDROGEL_PACK,XIREC,10022.0,12
188200,SUBMISSION,,VEV_5000,XIREC,241.0,11
188200,SUBMISSION,,VEV_5000,XIREC,242.0,19
188200,SUBMISSION,,VEV_5100,XIREC,155.0,30
188200,SUBMISSION,,VEV_5200,XIREC,87.0,30
188200,SUBMISSION,,VEV_5300,XIREC,41.0,23
188300,SUBMISSION,,VEV_5000,XIREC,241.0,28
188300,SUBMISSION,,VEV_5100,XIREC,154.0,8
188300,SUBMISSION,,VEV_5100,XIREC,155.0,20
188300,SUBMISSION,,VEV_5200,XIREC,87.0,28
188300,SUBMISSION,,VEV_5300,XIREC,41.0,25
188400,SUBMISSION,,VEV_5100,XIREC,155.0,8
188400,SUBMISSION,,VEV_5100,XIREC,156.0,22
188400,SUBMISSION,,VEV_5200,XIREC,87.0,8
188400,SUBMISSION,,VEV_5200,XIREC,88.0,22
188400,,,HYDROGEL_PACK,XIREC,10021.0,4
188700,,SUBMISSION,HYDROGEL_PACK,XIREC,10023.0,10
188700,,SUBMISSION,HYDROGEL_PACK,XIREC,10021.0,19
188700,SUBMISSION,,VEV_5100,XIREC,155.0,9
188700,SUBMISSION,,VEV_5100,XIREC,156.0,17
188700,SUBMISSION,,VEV_5200,XIREC,87.0,9
188700,SUBMISSION,,VEV_5200,XIREC,88.0,17
188800,SUBMISSION,,VEV_5100,XIREC,155.0,11
188800,SUBMISSION,,VEV_5100,XIREC,156.0,19
188800,SUBMISSION,,VEV_5200,XIREC,87.0,11
188800,SUBMISSION,,VEV_5200,XIREC,88.0,19
188800,,,VELVETFRUIT_EXTRACT,XIREC,5232.0,6
189300,,SUBMISSION,HYDROGEL_PACK,XIREC,10025.0,14
189300,,SUBMISSION,HYDROGEL_PACK,XIREC,10022.0,29
189400,,SUBMISSION,HYDROGEL_PACK,XIREC,10026.0,14
189400,,SUBMISSION,HYDROGEL_PACK,XIREC,10023.0,24
189600,,SUBMISSION,HYDROGEL_PACK,XIREC,10026.0,10
189600,,SUBMISSION,HYDROGEL_PACK,XIREC,10023.0,28
190100,SUBMISSION,,VEV_5300,XIREC,42.0,3
190100,SUBMISSION,,VEV_5400,XIREC,15.0,3
190100,SUBMISSION,,VEV_5500,XIREC,6.0,3
190100,,,VEV_6000,XIREC,0.0,3
190100,,,VEV_6500,XIREC,0.0,3
190600,,,VELVETFRUIT_EXTRACT,XIREC,5234.0,6
190700,,,VELVETFRUIT_EXTRACT,XIREC,5239.0,3
191100,,,VELVETFRUIT_EXTRACT,XIREC,5237.0,8
192600,,,VELVETFRUIT_EXTRACT,XIREC,5231.0,3
192800,,,HYDROGEL_PACK,XIREC,10007.0,5
193400,,SUBMISSION,HYDROGEL_PACK,XIREC,10025.0,4
194200,,SUBMISSION,VEV_4000,XIREC,1242.0,2
194400,,,VELVETFRUIT_EXTRACT,XIREC,5234.0,5
195200,,,VELVETFRUIT_EXTRACT,XIREC,5236.0,3
195600,SUBMISSION,,VEV_5300,XIREC,41.0,3
195600,SUBMISSION,,VEV_5400,XIREC,14.0,3
195600,SUBMISSION,,VEV_5500,XIREC,6.0,3
195600,,,VEV_6000,XIREC,0.0,3
195600,,,VEV_6500,XIREC,0.0,3
196100,,,VELVETFRUIT_EXTRACT,XIREC,5236.0,5
196700,SUBMISSION,,VEV_4000,XIREC,1230.0,1
197600,,,VELVETFRUIT_EXTRACT,XIREC,5237.0,9
198900,,,VELVETFRUIT_EXTRACT,XIREC,5243.0,5
199200,,,VELVETFRUIT_EXTRACT,XIREC,5243.0,5
199400,,SUBMISSION,HYDROGEL_PACK,XIREC,10028.0,3
202300,,SUBMISSION,VEV_4000,XIREC,1247.0,2
202300,,,VEV_4000,XIREC,1252.0,1
202700,,SUBMISSION,HYDROGEL_PACK,XIREC,10032.0,5
203200,,,HYDROGEL_PACK,XIREC,10014.0,6
203700,,,VELVETFRUIT_EXTRACT,XIREC,5241.0,3
206200,SUBMISSION,,VEV_5400,XIREC,16.0,3
206200,,,VEV_6000,XIREC,0.0,3
206200,,,VEV_6500,XIREC,0.0,3
206600,,,VEV_4000,XIREC,1255.0,1
206800,,,VELVETFRUIT_EXTRACT,XIREC,5241.0,6
207600,,SUBMISSION,VELVETFRUIT_EXTRACT,XIREC,5250.0,4
210300,,,VELVETFRUIT_EXTRACT,XIREC,5250.0,5
210600,,,HYDROGEL_PACK,XIREC,9990.0,5
211100,,,HYDROGEL_PACK,XIREC,9996.0,6
213700,,SUBMISSION,VELVETFRUIT_EXTRACT,XIREC,5258.0,5
214400,,,VELVETFRUIT_EXTRACT,XIREC,5250.0,3
215000,,,VELVETFRUIT_EXTRACT,XIREC,5249.0,4
215600,,SUBMISSION,VELVETFRUIT_EXTRACT,XIREC,5250.0,17
216000,,,VEV_4000,XIREC,1263.0,1
217100,,SUBMISSION,VELVETFRUIT_EXTRACT,XIREC,5256.0,4
217500,,SUBMISSION,HYDROGEL_PACK,XIREC,10010.0,4
217800,,,VEV_4000,XIREC,1263.0,1
218500,,SUBMISSION,HYDROGEL_PACK,XIREC,10016.0,5
218900,,SUBMISSION,HYDROGEL_PACK,XIREC,10013.0,1
218900,,,HYDROGEL_PACK,XIREC,10014.0,2
218900,,,VELVETFRUIT_EXTRACT,XIREC,5249.0,8
221200,,,HYDROGEL_PACK,XIREC,10011.0,5
221600,SUBMISSION,,VELVETFRUIT_EXTRACT,XIREC,5245.0,30
221800,,,VELVETFRUIT_EXTRACT,XIREC,5241.0,7
222900,SUBMISSION,,VEV_4000,XIREC,1241.0,3
223300,,SUBMISSION,VEV_4000,XIREC,1252.0,2
224100,,SUBMISSION,VEV_4000,XIREC,1253.0,1
224100,,,VEV_4000,XIREC,1258.0,1
225100,,SUBMISSION,VELVETFRUIT_EXTRACT,XIREC,5253.0,5
226100,,,HYDROGEL_PACK,XIREC,9974.0,5
229000,SUBMISSION,,VELVETFRUIT_EXTRACT,XIREC,5245.0,5
229100,,,VEV_4000,XIREC,1258.0,1
230000,,,HYDROGEL_PACK,XIREC,9998.0,4
230800,,,HYDROGEL_PACK,XIREC,10007.0,3
235300,SUBMISSION,,VEV_5400,XIREC,16.0,3
235300,SUBMISSION,,VEV_5500,XIREC,7.0,3
235300,,,VEV_6000,XIREC,0.0,3
235300,,,VEV_6500,XIREC,0.0,3
235900,,,HYDROGEL_PACK,XIREC,9998.0,3
237900,,SUBMISSION,VELVETFRUIT_EXTRACT,XIREC,5253.0,6
238200,,,HYDROGEL_PACK,XIREC,10025.0,2
238600,,SUBMISSION,VELVETFRUIT_EXTRACT,XIREC,5248.0,19
239400,,,VELVETFRUIT_EXTRACT,XIREC,5251.0,6
239600,,SUBMISSION,VELVETFRUIT_EXTRACT,XIREC,5254.0,5
239600,,,HYDROGEL_PACK,XIREC,10006.0,4
239700,,,HYDROGEL_PACK,XIREC,10021.0,6
240200,,SUBMISSION,VELVETFRUIT_EXTRACT,XIREC,5257.0,3
240600,,,HYDROGEL_PACK,XIREC,10013.0,3
241900,,,HYDROGEL_PACK,XIREC,10005.0,2
242900,,SUBMISSION,VELVETFRUIT_EXTRACT,XIREC,5253.0,5
245600,,SUBMISSION,VELVETFRUIT_EXTRACT,XIREC,5255.0,6
248200,,,HYDROGEL_PACK,XIREC,10025.0,5
248300,,,VELVETFRUIT_EXTRACT,XIREC,5257.0,5
249100,,SUBMISSION,VEV_5000,XIREC,266.0,7
249100,,SUBMISSION,VEV_5000,XIREC,265.0,15
249100,,SUBMISSION,VEV_5100,XIREC,177.0,7
249100,,SUBMISSION,VEV_5100,XIREC,176.0,15
249100,,SUBMISSION,VEV_5200,XIREC,105.0,7
249100,,SUBMISSION,VEV_5200,XIREC,104.0,15
249200,,SUBMISSION,VEV_5000,XIREC,266.0,12
249200,,SUBMISSION,VEV_5000,XIREC,265.0,16
249200,,SUBMISSION,VEV_5100,XIREC,177.0,28
249200,,SUBMISSION,VEV_5200,XIREC,105.0,28
249300,,SUBMISSION,VEV_5000,XIREC,266.0,21
249300,,SUBMISSION,VEV_5100,XIREC,178.0,7
249300,,SUBMISSION,VEV_5100,XIREC,177.0,14
249300,,SUBMISSION,VEV_5200,XIREC,105.0,21
249300,,SUBMISSION,VEV_5300,XIREC,53.0,28
249400,,SUBMISSION,VEV_5000,XIREC,267.0,7
249400,,SUBMISSION,VEV_5000,XIREC,266.0,14
249400,,SUBMISSION,VEV_5100,XIREC,178.0,21
249400,,SUBMISSION,VEV_5200,XIREC,105.0,21
249400,,SUBMISSION,VEV_5300,XIREC,53.0,26
249500,,SUBMISSION,VEV_5000,XIREC,266.0,11
249500,,SUBMISSION,VEV_5000,XIREC,265.0,19
249500,,SUBMISSION,VEV_5100,XIREC,177.0,30
249500,,SUBMISSION,VEV_5200,XIREC,105.0,30
249600,,SUBMISSION,VEV_5000,XIREC,266.0,12
249600,,SUBMISSION,VEV_5000,XIREC,265.0,18
249600,,SUBMISSION,VEV_5100,XIREC,177.0,30
249600,,SUBMISSION,VEV_5200,XIREC,105.0,30
249700,,SUBMISSION,VEV_5000,XIREC,266.0,23
249700,,SUBMISSION,VEV_5100,XIREC,178.0,11
249700,,SUBMISSION,VEV_5100,XIREC,177.0,12
249700,,SUBMISSION,VEV_5200,XIREC,105.0,23
249800,,SUBMISSION,VEV_5000,XIREC,270.0,3
249800,,SUBMISSION,VEV_5000,XIREC,268.0,8
249800,,SUBMISSION,VEV_5000,XIREC,267.0,12
249800,,SUBMISSION,VEV_5100,XIREC,181.0,3
249800,,SUBMISSION,VEV_5100,XIREC,179.0,8
249800,,SUBMISSION,VEV_5100,XIREC,178.0,12
249800,,SUBMISSION,VEV_5200,XIREC,107.0,3
249800,,SUBMISSION,VEV_5200,XIREC,106.0,20
249800,,SUBMISSION,VEV_5300,XIREC,54.0,30
249800,,SUBMISSION,VEV_5500,XIREC,9.0,28
249900,,SUBMISSION,VEV_5000,XIREC,268.0,8
249900,,SUBMISSION,VEV_5000,XIREC,267.0,15
249900,,SUBMISSION,VEV_5100,XIREC,179.0,8
249900,,SUBMISSION,VEV_5100,XIREC,178.0,15
249900,,SUBMISSION,VEV_5200,XIREC,106.0,23
249900,,SUBMISSION,VEV_5300,XIREC,54.0,5
249900,,SUBMISSION,VEV_5300,XIREC,53.0,19
250000,,SUBMISSION,VEV_5000,XIREC,267.0,3
250000,,SUBMISSION,VEV_5100,XIREC,178.0,20
250000,,SUBMISSION,VEV_5200,XIREC,106.0,7
250000,,SUBMISSION,VEV_5200,XIREC,105.0,13
250000,,SUBMISSION,VEV_5300,XIREC,54.0,5
250000,,SUBMISSION,VEV_5300,XIREC,53.0,12
250100,,SUBMISSION,VEV_5100,XIREC,178.0,30
250100,,SUBMISSION,VEV_5200,XIREC,106.0,11
250100,,SUBMISSION,VEV_5200,XIREC,105.0,19
250100,,SUBMISSION,VEV_5300,XIREC,53.0,17
250200,,SUBMISSION,VEV_5100,XIREC,177.0,22
250200,,SUBMISSION,VEV_5200,XIREC,105.0,22
250400,,SUBMISSION,VEV_5100,XIREC,177.0,21
250400,,SUBMISSION,VEV_5200,XIREC,105.0,9
250400,,SUBMISSION,VEV_5200,XIREC,104.0,12
250500,,,VELVETFRUIT_EXTRACT,XIREC,5260.0,4
250600,SUBMISSION,,VEV_4000,XIREC,1257.0,2
251200,,SUBMISSION,VEV_5100,XIREC,177.0,29
251200,,SUBMISSION,VEV_5200,XIREC,105.0,7
251200,,SUBMISSION,VEV_5200,XIREC,104.0,22
251200,,,VELVETFRUIT_EXTRACT,XIREC,5262.0,8
251600,,SUBMISSION,VEV_4000,XIREC,1270.0,2
251600,,,VEV_4000,XIREC,1275.0,1
251700,,SUBMISSION,VEV_5100,XIREC,177.0,21
251700,,SUBMISSION,VEV_5200,XIREC,105.0,21
251800,,SUBMISSION,VEV_5100,XIREC,178.0,3
251800,,SUBMISSION,VEV_5200,XIREC,105.0,30
251900,,SUBMISSION,VELVETFRUIT_EXTRACT,XIREC,5262.0,14
252000,,SUBMISSION,VEV_5200,XIREC,105.0,9
252000,,SUBMISSION,VEV_5200,XIREC,104.0,20
252400,,SUBMISSION,VELVETFRUIT_EXTRACT,XIREC,5266.0,6
252400,,SUBMISSION,VEV_5200,XIREC,105.0,4
252500,SUBMISSION,,VEV_5300,XIREC,53.0,2
252500,SUBMISSION,,VEV_5400,XIREC,19.0,2
252500,SUBMISSION,,VEV_5500,XIREC,8.0,2
252500,,,HYDROGEL_PACK,XIREC,9988.0,3
252500,,,VEV_6000,XIREC,0.0,2
252500,,,VEV_6500,XIREC,0.0,2
252600,,SUBMISSION,VEV_5300,XIREC,54.0,25
252600,,SUBMISSION,VEV_5500,XIREC,9.0,2
252700,,SUBMISSION,VEV_5300,XIREC,53.0,22
253900,,SUBMISSION,VELVETFRUIT_EXTRACT,XIREC,5265.0,3
254700,,,HYDROGEL_PACK,XIREC,9997.0,5
255000,,,HYDROGEL_PACK,XIREC,9980.0,4
255300,SUBMISSION,,HYDROGEL_PACK,XIREC,9974.0,2
255400,SUBMISSION,,HYDROGEL_PACK,XIREC,9974.0,3
256100,,SUBMISSION,VEV_5300,XIREC,53.0,18
256200,,SUBMISSION,VEV_5300,XIREC,54.0,5
256200,,SUBMISSION,VEV_5300,XIREC,53.0,16
256300,,SUBMISSION,VEV_5300,XIREC,54.0,10
256300,,SUBMISSION,VEV_5300,XIREC,53.0,17
256400,,SUBMISSION,VEV_5300,XIREC,54.0,17
256500,,SUBMISSION,VEV_5300,XIREC,53.0,17
258400,,SUBMISSION,VELVETFRUIT_EXTRACT,XIREC,5256.0,8
262200,SUBMISSION,,VELVETFRUIT_EXTRACT,XIREC,5251.0,4
262300,,SUBMISSION,HYDROGEL_PACK,XIREC,10004.0,4
262800,,SUBMISSION,HYDROGEL_PACK,XIREC,10007.0,1
262800,,,HYDROGEL_PACK,XIREC,10008.0,1
263100,,,VEV_4000,XIREC,1268.0,3
263900,,SUBMISSION,VELVETFRUIT_EXTRACT,XIREC,5256.0,7
265400,SUBMISSION,,VELVETFRUIT_EXTRACT,XIREC,5250.0,9
265400,,,VELVETFRUIT_EXTRACT,XIREC,5250.0,9
265600,SUBMISSION,,VELVETFRUIT_EXTRACT,XIREC,5249.0,5
265700,SUBMISSION,,VELVETFRUIT_EXTRACT,XIREC,5247.0,14
265800,,,VELVETFRUIT_EXTRACT,XIREC,5252.0,7
265900,SUBMISSION,,VEV_4000,XIREC,1245.0,1
266300,,,HYDROGEL_PACK,XIREC,9999.0,4
266500,,,VELVETFRUIT_EXTRACT,XIREC,5253.0,5
266600,,,HYDROGEL_PACK,XIREC,9997.0,4
267400,,SUBMISSION,VELVETFRUIT_EXTRACT,XIREC,5253.0,3
267800,SUBMISSION,,VELVETFRUIT_EXTRACT,XIREC,5250.0,23
267900,SUBMISSION,,VELVETFRUIT_EXTRACT,XIREC,5249.0,22
267900,SUBMISSION,,VELVETFRUIT_EXTRACT,XIREC,5250.0,8
268300,,SUBMISSION,VEV_4000,XIREC,1252.0,1
268300,,,VEV_4000,XIREC,1257.0,1
268700,,,VELVETFRUIT_EXTRACT,XIREC,5251.0,5
269300,SUBMISSION,,HYDROGEL_PACK,XIREC,9974.0,3
269300,,,VELVETFRUIT_EXTRACT,XIREC,5247.0,5
271600,SUBMISSION,,VEV_4000,XIREC,1253.0,1
272600,,SUBMISSION,VELVETFRUIT_EXTRACT,XIREC,5260.0,7
274600,,SUBMISSION,HYDROGEL_PACK,XIREC,9988.0,2
274900,,SUBMISSION,VELVETFRUIT_EXTRACT,XIREC,5255.0,20
275300,,SUBMISSION,VELVETFRUIT_EXTRACT,XIREC,5258.0,8
275700,,SUBMISSION,HYDROGEL_PACK,XIREC,9995.0,1
275700,,,HYDROGEL_PACK,XIREC,9996.0,1
276500,,SUBMISSION,VELVETFRUIT_EXTRACT,XIREC,5254.0,7
277400,,SUBMISSION,VELVETFRUIT_EXTRACT,XIREC,5254.0,4
278300,,SUBMISSION,VELVETFRUIT_EXTRACT,XIREC,5257.0,5
279600,,SUBMISSION,VELVETFRUIT_EXTRACT,XIREC,5259.0,4
280000,SUBMISSION,,HYDROGEL_PACK,XIREC,9967.0,7
280000,SUBMISSION,,HYDROGEL_PACK,XIREC,9975.0,13
280100,SUBMISSION,,HYDROGEL_PACK,XIREC,9974.0,14
280200,SUBMISSION,,HYDROGEL_PACK,XIREC,9975.0,11
280300,SUBMISSION,,HYDROGEL_PACK,XIREC,9975.0,14
280400,SUBMISSION,,HYDROGEL_PACK,XIREC,9974.0,11
280500,SUBMISSION,,HYDROGEL_PACK,XIREC,9973.0,11
280500,SUBMISSION,,HYDROGEL_PACK,XIREC,9975.0,23
280500,,,HYDROGEL_PACK,XIREC,9973.0,2
280600,SUBMISSION,,HYDROGEL_PACK,XIREC,9970.0,11
280600,SUBMISSION,,HYDROGEL_PACK,XIREC,9973.0,28
280700,SUBMISSION,,HYDROGEL_PACK,XIREC,9972.0,11
280700,SUBMISSION,,HYDROGEL_PACK,XIREC,9974.0,28
280800,SUBMISSION,,HYDROGEL_PACK,XIREC,9972.0,14
280800,SUBMISSION,,HYDROGEL_PACK,XIREC,9975.0,25
280900,SUBMISSION,,HYDROGEL_PACK,XIREC,9971.0,10
280900,SUBMISSION,,HYDROGEL_PACK,XIREC,9974.0,22
281000,SUBMISSION,,HYDROGEL_PACK,XIREC,9968.0,14
281000,SUBMISSION,,HYDROGEL_PACK,XIREC,9971.0,27
281100,SUBMISSION,,HYDROGEL_PACK,XIREC,9968.0,11
281100,SUBMISSION,,HYDROGEL_PACK,XIREC,9971.0,30
281100,SUBMISSION,,HYDROGEL_PACK,XIREC,9953.0,3
281200,SUBMISSION,,HYDROGEL_PACK,XIREC,9966.0,12
281200,SUBMISSION,,HYDROGEL_PACK,XIREC,9969.0,30
281300,SUBMISSION,,HYDROGEL_PACK,XIREC,9970.0,10
281300,SUBMISSION,,HYDROGEL_PACK,XIREC,9973.0,10
281400,SUBMISSION,,VELVETFRUIT_EXTRACT,XIREC,5253.0,15
281400,SUBMISSION,,VELVETFRUIT_EXTRACT,XIREC,5253.0,15
281500,,SUBMISSION,VEV_4000,XIREC,1262.0,1
282000,,SUBMISSION,VELVETFRUIT_EXTRACT,XIREC,5255.0,16
282200,,,HYDROGEL_PACK,XIREC,9979.0,2
282200,,,VELVETFRUIT_EXTRACT,XIREC,5260.0,7
283400,,SUBMISSION,VELVETFRUIT_EXTRACT,XIREC,5258.0,7
285400,,,HYDROGEL_PACK,XIREC,9965.0,5
286300,,SUBMISSION,VELVETFRUIT_EXTRACT,XIREC,5265.0,6
286600,,,VEV_4000,XIREC,1277.0,2
288800,,,VEV_4000,XIREC,1278.0,1
289100,,SUBMISSION,VELVETFRUIT_EXTRACT,XIREC,5270.0,5
289200,,SUBMISSION,VELVETFRUIT_EXTRACT,XIREC,5265.0,18
289200,,SUBMISSION,VELVETFRUIT_EXTRACT,XIREC,5265.0,11
290000,,SUBMISSION,VEV_5400,XIREC,21.0,19
290100,,SUBMISSION,VEV_5400,XIREC,21.0,11
290900,,,HYDROGEL_PACK,XIREC,9965.0,3
291400,,SUBMISSION,VELVETFRUIT_EXTRACT,XIREC,5273.0,5
291800,,SUBMISSION,VELVETFRUIT_EXTRACT,XIREC,5269.0,5
292400,,SUBMISSION,VELVETFRUIT_EXTRACT,XIREC,5274.0,8
292800,,,HYDROGEL_PACK,XIREC,9951.0,6
294400,,SUBMISSION,VELVETFRUIT_EXTRACT,XIREC,5272.0,70
294500,,SUBMISSION,VELVETFRUIT_EXTRACT,XIREC,5275.0,25
294500,,SUBMISSION,VELVETFRUIT_EXTRACT,XIREC,5274.0,42
294600,,SUBMISSION,VELVETFRUIT_EXTRACT,XIREC,5275.0,18
294600,,SUBMISSION,VELVETFRUIT_EXTRACT,XIREC,5274.0,45
294700,,SUBMISSION,VELVETFRUIT_EXTRACT,XIREC,5275.0,59
294800,,SUBMISSION,VELVETFRUIT_EXTRACT,XIREC,5275.0,21
294800,,SUBMISSION,VELVETFRUIT_EXTRACT,XIREC,5274.0,14
295000,,,HYDROGEL_PACK,XIREC,9959.0,5
296900,,,VELVETFRUIT_EXTRACT,XIREC,5270.0,5
297100,,,HYDROGEL_PACK,XIREC,9958.0,3
297400,,,VELVETFRUIT_EXTRACT,XIREC,5275.0,4
297500,SUBMISSION,,VEV_4000,XIREC,1267.0,1
301100,,,HYDROGEL_PACK,XIREC,9966.0,3
301300,,,HYDROGEL_PACK,XIREC,9967.0,2
302400,,,HYDROGEL_PACK,XIREC,9936.0,6
304000,SUBMISSION,,VEV_5400,XIREC,19.0,3
304000,SUBMISSION,,VEV_5500,XIREC,8.0,3
304000,,,VEV_6000,XIREC,0.0,3
304000,,,VEV_6500,XIREC,0.0,3
304200,,,HYDROGEL_PACK,XIREC,9944.0,2
306500,,,HYDROGEL_PACK,XIREC,9967.0,5
307100,,SUBMISSION,VEV_4000,XIREC,1274.0,1
307500,,SUBMISSION,VEV_5400,XIREC,21.0,3
307500,,,VELVETFRUIT_EXTRACT,XIREC,5275.0,8
308000,,,HYDROGEL_PACK,XIREC,9943.0,3
308100,,,HYDROGEL_PACK,XIREC,9945.0,4
308100,,,VELVETFRUIT_EXTRACT,XIREC,5271.0,6
309500,,,VELVETFRUIT_EXTRACT,XIREC,5268.0,4
310100,SUBMISSION,,VEV_5400,XIREC,20.0,5
310100,SUBMISSION,,VEV_5500,XIREC,8.0,5
310100,,,VEV_6000,XIREC,0.0,5
310100,,,VEV_6500,XIREC,0.0,5
310500,,,VELVETFRUIT_EXTRACT,XIREC,5266.0,11
310600,,,VELVETFRUIT_EXTRACT,XIREC,5264.0,3
313000,,,VELVETFRUIT_EXTRACT,XIREC,5267.0,5
314300,SUBMISSION,,VELVETFRUIT_EXTRACT,XIREC,5257.0,49
314400,SUBMISSION,,VELVETFRUIT_EXTRACT,XIREC,5256.0,63
314500,SUBMISSION,,VELVETFRUIT_EXTRACT,XIREC,5256.0,54
314500,SUBMISSION,,VELVETFRUIT_EXTRACT,XIREC,5252.0,4
314600,SUBMISSION,,VELVETFRUIT_EXTRACT,XIREC,5255.0,22
314600,SUBMISSION,,VELVETFRUIT_EXTRACT,XIREC,5256.0,35
314700,SUBMISSION,,VELVETFRUIT_EXTRACT,XIREC,5254.0,67
314800,SUBMISSION,,VELVETFRUIT_EXTRACT,XIREC,5253.0,54
314900,SUBMISSION,,VELVETFRUIT_EXTRACT,XIREC,5254.0,18
314900,SUBMISSION,,VELVETFRUIT_EXTRACT,XIREC,5255.0,33
315000,SUBMISSION,,VELVETFRUIT_EXTRACT,XIREC,5253.0,1
316200,,,HYDROGEL_PACK,XIREC,9939.0,5
317100,,,HYDROGEL_PACK,XIREC,9929.0,4
318300,,,HYDROGEL_PACK,XIREC,9950.0,4
318900,,,VELVETFRUIT_EXTRACT,XIREC,5250.0,4
321900,,,VELVETFRUIT_EXTRACT,XIREC,5253.0,7
322000,SUBMISSION,,VEV_5400,XIREC,16.0,2
322000,SUBMISSION,,VEV_5500,XIREC,7.0,2
322000,,,VEV_6000,XIREC,0.0,2
322000,,,VEV_6500,XIREC,0.0,2
322600,SUBMISSION,,VEV_5200,XIREC,98.0,4
322600,SUBMISSION,,VEV_5500,XIREC,7.0,4
322600,,,VEV_6000,XIREC,0.0,4
322600,,,VEV_6500,XIREC,0.0,4
323300,,,HYDROGEL_PACK,XIREC,9956.0,5
323300,,,VEV_4000,XIREC,1262.0,3
324100,,,VELVETFRUIT_EXTRACT,XIREC,5254.0,7
324600,,,HYDROGEL_PACK,XIREC,9946.0,6
325300,SUBMISSION,,VEV_4000,XIREC,1242.0,2
326300,,SUBMISSION,VEV_4000,XIREC,1256.0,1
327600,,,HYDROGEL_PACK,XIREC,9928.0,5
327700,,,HYDROGEL_PACK,XIREC,9946.0,6
328000,SUBMISSION,,VEV_4000,XIREC,1248.0,1
328400,SUBMISSION,,VEV_4000,XIREC,1245.0,1
328500,,,VELVETFRUIT_EXTRACT,XIREC,5249.0,4
331400,SUBMISSION,,VEV_4000,XIREC,1237.0,1
333100,,,VELVETFRUIT_EXTRACT,XIREC,5236.0,4
334900,SUBMISSION,,VEV_4000,XIREC,1242.0,1
335300,,,HYDROGEL_PACK,XIREC,9943.0,5
335300,,,VELVETFRUIT_EXTRACT,XIREC,5245.0,3
335500,,,HYDROGEL_PACK,XIREC,9961.0,4
338100,,,HYDROGEL_PACK,XIREC,9931.0,3
339500,,,HYDROGEL_PACK,XIREC,9932.0,3
340100,,SUBMISSION,VEV_4000,XIREC,1255.0,2
340500,,,VELVETFRUIT_EXTRACT,XIREC,5249.0,9
342000,,,VELVETFRUIT_EXTRACT,XIREC,5249.0,6
342400,,,HYDROGEL_PACK,XIREC,9944.0,5
343100,,,HYDROGEL_PACK,XIREC,9966.0,2
343400,,,VELVETFRUIT_EXTRACT,XIREC,5251.0,13
344000,,,HYDROGEL_PACK,XIREC,9953.0,5
344200,,,VELVETFRUIT_EXTRACT,XIREC,5253.0,4
345700,,,HYDROGEL_PACK,XIREC,9957.0,6
345700,,,VELVETFRUIT_EXTRACT,XIREC,5245.0,7
345900,,,HYDROGEL_PACK,XIREC,9958.0,3
348500,,,HYDROGEL_PACK,XIREC,9964.0,5
350300,SUBMISSION,,VEV_5400,XIREC,15.0,4
350300,SUBMISSION,,VEV_5500,XIREC,6.0,4
350300,,,VEV_6000,XIREC,0.0,4
350300,,,VEV_6500,XIREC,0.0,4
350900,,SUBMISSION,VEV_4000,XIREC,1251.0,3
351000,,SUBMISSION,HYDROGEL_PACK,XIREC,9972.0,3
353500,SUBMISSION,,HYDROGEL_PACK,XIREC,9962.0,3
356800,SUBMISSION,,VEV_4000,XIREC,1239.0,2
357100,,,HYDROGEL_PACK,XIREC,9963.0,6
358100,,,VELVETFRUIT_EXTRACT,XIREC,5245.0,6
358300,SUBMISSION,,VEV_4000,XIREC,1242.0,3
358500,,,HYDROGEL_PACK,XIREC,9960.0,6
360600,,,HYDROGEL_PACK,XIREC,9951.0,2
362700,,,HYDROGEL_PACK,XIREC,9961.0,3
363100,,SUBMISSION,HYDROGEL_PACK,XIREC,9982.0,4
364000,,SUBMISSION,VELVETFRUIT_EXTRACT,XIREC,5252.0,22
364800,,SUBMISSION,HYDROGEL_PACK,XIREC,9977.0,5
364900,SUBMISSION,,VELVETFRUIT_EXTRACT,XIREC,5251.0,7
365000,SUBMISSION,,VEV_4000,XIREC,1247.0,2
365600,SUBMISSION,,VELVETFRUIT_EXTRACT,XIREC,5251.0,8
366900,SUBMISSION,,HYDROGEL_PACK,XIREC,9961.0,9
367900,SUBMISSION,,VELVETFRUIT_EXTRACT,XIREC,5248.0,5
367900,,,VELVETFRUIT_EXTRACT,XIREC,5248.0,5
368500,,SUBMISSION,HYDROGEL_PACK,XIREC,9982.0,6
371400,SUBMISSION,,HYDROGEL_PACK,XIREC,9954.0,2
372500,SUBMISSION,,HYDROGEL_PACK,XIREC,9960.0,4
373400,,SUBMISSION,HYDROGEL_PACK,XIREC,9969.0,3
373700,SUBMISSION,,HYDROGEL_PACK,XIREC,9955.0,3
373700,,,HYDROGEL_PACK,XIREC,9954.0,2
374100,,,VELVETFRUIT_EXTRACT,XIREC,5253.0,6
374400,,,VELVETFRUIT_EXTRACT,XIREC,5253.0,4
374800,SUBMISSION,,VEV_4000,XIREC,1247.0,3
375100,,,HYDROGEL_PACK,XIREC,9947.0,2
376200,SUBMISSION,,VELVETFRUIT_EXTRACT,XIREC,5249.0,2
376300,SUBMISSION,,VEV_4000,XIREC,1241.0,2
376600,SUBMISSION,,VEV_5300,XIREC,46.0,5
376600,SUBMISSION,,VEV_5400,XIREC,15.0,5
376600,SUBMISSION,,VEV_5500,XIREC,6.0,5
376600,,,VEV_6000,XIREC,0.0,5
376600,,,VEV_6500,XIREC,0.0,5
377900,SUBMISSION,,VEV_5300,XIREC,47.0,2
377900,SUBMISSION,,VEV_5500,XIREC,6.0,2
377900,,,VEV_6000,XIREC,0.0,2
377900,,,VEV_6500,XIREC,0.0,2
380100,,,HYDROGEL_PACK,XIREC,9957.0,6
380700,,,HYDROGEL_PACK,XIREC,9948.0,4
380900,,,VELVETFRUIT_EXTRACT,XIREC,5250.0,8
381700,,SUBMISSION,VELVETFRUIT_EXTRACT,XIREC,5254.0,8
383300,,,HYDROGEL_PACK,XIREC,9945.0,5
383600,,,HYDROGEL_PACK,XIREC,9948.0,4
383700,SUBMISSION,,VELVETFRUIT_EXTRACT,XIREC,5247.0,7
384200,SUBMISSION,,VEV_4000,XIREC,1244.0,1
384500,SUBMISSION,,VEV_4000,XIREC,1243.0,3
385800,,,HYDROGEL_PACK,XIREC,9943.0,6
385900,SUBMISSION,,VELVETFRUIT_EXTRACT,XIREC,5246.0,1
385900,,,VELVETFRUIT_EXTRACT,XIREC,5245.0,2
386000,,,VELVETFRUIT_EXTRACT,XIREC,5244.0,8
386800,,SUBMISSION,VEV_4000,XIREC,1252.0,2
390100,,,VELVETFRUIT_EXTRACT,XIREC,5244.0,10
390800,SUBMISSION,,VEV_4000,XIREC,1238.0,3
392300,,,VELVETFRUIT_EXTRACT,XIREC,5242.0,5
393000,,,VELVETFRUIT_EXTRACT,XIREC,5242.0,4
393900,,,VELVETFRUIT_EXTRACT,XIREC,5241.0,6
394700,,,VELVETFRUIT_EXTRACT,XIREC,5237.0,8
394800,,,HYDROGEL_PACK,XIREC,9941.0,5
396000,,,VELVETFRUIT_EXTRACT,XIREC,5246.0,8
396200,,,VELVETFRUIT_EXTRACT,XIREC,5240.0,7
396300,,,HYDROGEL_PACK,XIREC,9956.0,4
397800,,,HYDROGEL_PACK,XIREC,9950.0,4
398400,,,VELVETFRUIT_EXTRACT,XIREC,5235.0,6
399700,SUBMISSION,,VEV_5400,XIREC,14.0,5
399700,SUBMISSION,,VEV_5500,XIREC,6.0,5
399700,,,VEV_6000,XIREC,0.0,5
399700,,,VEV_6500,XIREC,0.0,5
399900,SUBMISSION,,VEV_4000,XIREC,1236.0,1
400100,,,VELVETFRUIT_EXTRACT,XIREC,5240.0,8
401900,,,VELVETFRUIT_EXTRACT,XIREC,5242.0,8
402400,,,VELVETFRUIT_EXTRACT,XIREC,5240.0,6
403500,,,VELVETFRUIT_EXTRACT,XIREC,5239.0,8
403600,,,HYDROGEL_PACK,XIREC,9922.0,6
404200,,,VELVETFRUIT_EXTRACT,XIREC,5247.0,4
406400,,,VELVETFRUIT_EXTRACT,XIREC,5246.0,5
409300,,,HYDROGEL_PACK,XIREC,9929.0,6
409700,SUBMISSION,,VEV_5000,XIREC,242.0,7
409700,SUBMISSION,,VEV_5000,XIREC,243.0,18
409700,SUBMISSION,,VEV_5100,XIREC,155.0,25
409700,SUBMISSION,,VEV_5300,XIREC,42.0,7
409700,SUBMISSION,,VEV_5300,XIREC,43.0,10
409800,SUBMISSION,,VEV_5000,XIREC,242.0,10
409800,SUBMISSION,,VEV_5000,XIREC,243.0,16
409800,SUBMISSION,,VEV_5100,XIREC,155.0,10
409800,SUBMISSION,,VEV_5100,XIREC,156.0,16
409900,SUBMISSION,,VEV_5000,XIREC,243.0,30
409900,SUBMISSION,,VEV_5100,XIREC,156.0,30
410000,SUBMISSION,,VEV_5000,XIREC,243.0,9
410000,SUBMISSION,,VEV_5000,XIREC,244.0,12
410000,SUBMISSION,,VEV_5100,XIREC,156.0,9
410000,SUBMISSION,,VEV_5100,XIREC,157.0,12
410200,SUBMISSION,,VEV_5100,XIREC,156.0,9
410200,SUBMISSION,,VEV_5100,XIREC,157.0,18
410300,SUBMISSION,,VEV_5100,XIREC,157.0,29
410400,SUBMISSION,,VEV_4000,XIREC,1235.0,3
410400,SUBMISSION,,VEV_4000,XIREC,1246.0,14
410400,SUBMISSION,,VEV_4000,XIREC,1249.0,13
410400,SUBMISSION,,VEV_4500,XIREC,735.0,3
410400,SUBMISSION,,VEV_4500,XIREC,744.0,6
410400,SUBMISSION,,VEV_4500,XIREC,745.0,15
410400,SUBMISSION,,VEV_5000,XIREC,241.0,3
410400,SUBMISSION,,VEV_5000,XIREC,244.0,6
410400,SUBMISSION,,VEV_5000,XIREC,245.0,15
410400,SUBMISSION,,VEV_5100,XIREC,154.0,3
410400,SUBMISSION,,VEV_5100,XIREC,157.0,21
410400,SUBMISSION,,VEV_5400,XIREC,13.0,3
410400,SUBMISSION,,VEV_5500,XIREC,5.0,3
410400,,,VEV_6000,XIREC,0.0,3
410400,,,VEV_6500,XIREC,0.0,3
410500,SUBMISSION,,VEV_5100,XIREC,156.0,11
410500,SUBMISSION,,VEV_5100,XIREC,157.0,18
410600,,,VELVETFRUIT_EXTRACT,XIREC,5239.0,6
410700,SUBMISSION,,VEV_5100,XIREC,156.0,12
410700,SUBMISSION,,VEV_5100,XIREC,157.0,15
410800,SUBMISSION,,VEV_5000,XIREC,243.0,11
410800,SUBMISSION,,VEV_5000,XIREC,244.0,19
410800,SUBMISSION,,VEV_5100,XIREC,156.0,30
411000,SUBMISSION,,VEV_5000,XIREC,243.0,30
411000,SUBMISSION,,VEV_5100,XIREC,156.0,30
411000,,,HYDROGEL_PACK,XIREC,9951.0,4
411100,SUBMISSION,,VEV_5000,XIREC,243.0,7
411100,SUBMISSION,,VEV_5000,XIREC,244.0,17
411100,SUBMISSION,,VEV_5100,XIREC,156.0,7
411100,SUBMISSION,,VEV_5100,XIREC,157.0,17
411200,SUBMISSION,,VEV_5000,XIREC,242.0,27
411200,SUBMISSION,,VEV_5100,XIREC,155.0,27
411200,,,VELVETFRUIT_EXTRACT,XIREC,5236.0,7
411300,SUBMISSION,,VEV_5000,XIREC,242.0,25
411300,SUBMISSION,,VEV_5100,XIREC,155.0,25
411300,,,VELVETFRUIT_EXTRACT,XIREC,5236.0,7
411400,SUBMISSION,,VEV_5000,XIREC,241.0,28
411400,SUBMISSION,,VEV_5100,XIREC,154.0,28
411400,SUBMISSION,,VEV_5200,XIREC,88.0,28
411400,,,HYDROGEL_PACK,XIREC,9952.0,3
411500,SUBMISSION,,VEV_5000,XIREC,242.0,7
411500,SUBMISSION,,VEV_5000,XIREC,243.0,14
411500,SUBMISSION,,VEV_5100,XIREC,155.0,21
411600,SUBMISSION,,VEV_5000,XIREC,243.0,24
411600,SUBMISSION,,VEV_5100,XIREC,156.0,24
411700,SUBMISSION,,VEV_5000,XIREC,241.0,7
411700,SUBMISSION,,VEV_5000,XIREC,242.0,18
411700,SUBMISSION,,VEV_5100,XIREC,155.0,25
411800,SUBMISSION,,VEV_5000,XIREC,241.0,8
411800,SUBMISSION,,VEV_5000,XIREC,242.0,22
411800,SUBMISSION,,VEV_5100,XIREC,154.0,8
411800,SUBMISSION,,VEV_5100,XIREC,155.0,22
411800,SUBMISSION,,VEV_5200,XIREC,88.0,30
411900,SUBMISSION,,VEV_5000,XIREC,242.0,22
411900,SUBMISSION,,VEV_5100,XIREC,155.0,22
412000,SUBMISSION,,VEV_5000,XIREC,242.0,26
412000,SUBMISSION,,VEV_5100,XIREC,155.0,26
412100,SUBMISSION,,VEV_5100,XIREC,156.0,12
412100,SUBMISSION,,VEV_5100,XIREC,157.0,16
412200,SUBMISSION,,VEV_5000,XIREC,243.0,24
412200,SUBMISSION,,VEV_5100,XIREC,156.0,12
412300,SUBMISSION,,VEV_5000,XIREC,243.0,30
412300,,,HYDROGEL_PACK,XIREC,9953.0,2
413200,SUBMISSION,,VEV_5000,XIREC,242.0,11
413200,SUBMISSION,,VEV_5000,XIREC,243.0,19
413300,SUBMISSION,,VEV_5000,XIREC,242.0,28
413400,SUBMISSION,,VEV_5000,XIREC,242.0,6
413400,SUBMISSION,,VEV_5000,XIREC,243.0,20
413500,SUBMISSION,,VEV_5000,XIREC,243.0,11
413500,SUBMISSION,,VEV_5000,XIREC,244.0,3
414000,,SUBMISSION,HYDROGEL_PACK,XIREC,9961.0,2
414400,SUBMISSION,,HYDROGEL_PACK,XIREC,9946.0,2
414400,,,HYDROGEL_PACK,XIREC,9945.0,1
414800,,,HYDROGEL_PACK,XIREC,9940.0,3
415700,SUBMISSION,,VEV_4000,XIREC,1242.0,9
415700,SUBMISSION,,VEV_4000,XIREC,1244.0,21
415700,SUBMISSION,,VEV_4500,XIREC,739.0,12
415700,SUBMISSION,,VEV_4500,XIREC,741.0,18
415700,SUBMISSION,,VEV_5200,XIREC,88.0,30
415700,SUBMISSION,,VEV_5400,XIREC,14.0,23
415700,,,VELVETFRUIT_EXTRACT,XIREC,5234.0,3
415800,SUBMISSION,,VEV_5200,XIREC,88.0,8
415800,SUBMISSION,,VEV_5200,XIREC,89.0,21
416500,SUBMISSION,,VEV_4000,XIREC,1242.0,15
416500,SUBMISSION,,VEV_4000,XIREC,1244.0,15
416500,SUBMISSION,,VEV_4500,XIREC,739.0,9
416500,SUBMISSION,,VEV_4500,XIREC,741.0,15
416500,SUBMISSION,,VEV_5200,XIREC,88.0,24
416500,SUBMISSION,,VEV_5400,XIREC,14.0,18
416600,SUBMISSION,,VEV_4000,XIREC,1241.0,10
416600,SUBMISSION,,VEV_4000,XIREC,1244.0,20
416600,SUBMISSION,,VEV_4500,XIREC,739.0,12
416600,SUBMISSION,,VEV_4500,XIREC,741.0,16
416600,SUBMISSION,,VEV_5200,XIREC,87.0,12
416600,SUBMISSION,,VEV_5200,XIREC,88.0,16
416600,SUBMISSION,,VEV_5400,XIREC,14.0,16
416700,SUBMISSION,,VEV_5200,XIREC,88.0,23
416800,SUBMISSION,,VEV_5200,XIREC,88.0,6
416800,SUBMISSION,,VEV_5200,XIREC,89.0,24
416900,SUBMISSION,,VEV_5200,XIREC,88.0,6
416900,SUBMISSION,,VEV_5200,XIREC,89.0,24
417500,SUBMISSION,,VEV_4000,XIREC,1242.0,15
417500,SUBMISSION,,VEV_4000,XIREC,1244.0,15
417500,SUBMISSION,,VEV_4500,XIREC,739.0,11
417500,SUBMISSION,,VEV_4500,XIREC,741.0,19
417500,SUBMISSION,,VEV_5200,XIREC,88.0,30
417500,SUBMISSION,,VEV_5400,XIREC,14.0,29
417600,SUBMISSION,,VEV_4000,XIREC,1242.0,14
417600,SUBMISSION,,VEV_4000,XIREC,1244.0,16
417600,SUBMISSION,,VEV_4500,XIREC,739.0,11
417600,SUBMISSION,,VEV_4500,XIREC,741.0,18
417600,SUBMISSION,,VEV_5200,XIREC,88.0,29
417600,SUBMISSION,,VEV_5400,XIREC,14.0,23
417700,SUBMISSION,,VEV_4000,XIREC,1242.0,8
417700,SUBMISSION,,VEV_4000,XIREC,1244.0,22
417700,SUBMISSION,,VEV_4500,XIREC,739.0,6
417700,SUBMISSION,,VEV_4500,XIREC,741.0,12
417700,SUBMISSION,,VEV_5200,XIREC,87.0,6
417700,SUBMISSION,,VEV_5200,XIREC,88.0,12
417700,SUBMISSION,,VEV_5400,XIREC,14.0,20
417800,SUBMISSION,,VEV_5200,XIREC,88.0,24
417900,SUBMISSION,,VEV_4000,XIREC,1242.0,13
417900,SUBMISSION,,VEV_4000,XIREC,1244.0,17
417900,SUBMISSION,,VEV_4500,XIREC,739.0,11
417900,SUBMISSION,,VEV_4500,XIREC,741.0,14
417900,SUBMISSION,,VEV_5200,XIREC,88.0,25
417900,SUBMISSION,,VEV_5400,XIREC,14.0,28
418000,SUBMISSION,,VEV_5200,XIREC,88.0,23
418100,SUBMISSION,,VEV_5200,XIREC,88.0,21
418200,SUBMISSION,,VEV_4000,XIREC,1241.0,10
418200,SUBMISSION,,VEV_4000,XIREC,1244.0,20
418200,SUBMISSION,,VEV_4500,XIREC,739.0,11
418200,SUBMISSION,,VEV_4500,XIREC,741.0,14
418200,SUBMISSION,,VEV_5200,XIREC,87.0,11
418200,SUBMISSION,,VEV_5200,XIREC,88.0,14
418200,SUBMISSION,,VEV_5400,XIREC,14.0,18
418300,SUBMISSION,,VEV_5200,XIREC,88.0,27
418600,SUBMISSION,,VEV_5200,XIREC,88.0,6
418600,SUBMISSION,,VEV_5200,XIREC,89.0,14
418700,SUBMISSION,,VEV_5200,XIREC,88.0,30
418700,SUBMISSION,,VEV_5400,XIREC,14.0,17
418800,SUBMISSION,,VEV_5200,XIREC,88.0,30
418800,SUBMISSION,,VEV_5400,XIREC,14.0,15
418900,SUBMISSION,,VEV_5200,XIREC,88.0,30
419200,SUBMISSION,,VEV_5200,XIREC,88.0,2
419700,SUBMISSION,,VEV_4000,XIREC,1241.0,13
419700,SUBMISSION,,VEV_4000,XIREC,1243.0,17
419700,,SUBMISSION,VEV_4000,XIREC,1236.0,1
419700,SUBMISSION,,VEV_4500,XIREC,738.0,11
419700,SUBMISSION,,VEV_4500,XIREC,740.0,19
419700,SUBMISSION,,VEV_5300,XIREC,41.0,8
419700,SUBMISSION,,VEV_5300,XIREC,42.0,17
419700,SUBMISSION,,VEV_5400,XIREC,14.0,25
419800,SUBMISSION,,VEV_4000,XIREC,1238.0,11
419800,SUBMISSION,,VEV_4000,XIREC,1241.0,18
419800,SUBMISSION,,VEV_4500,XIREC,736.0,7
419800,SUBMISSION,,VEV_4500,XIREC,738.0,19
419800,SUBMISSION,,VEV_5300,XIREC,41.0,19
419800,SUBMISSION,,VEV_5400,XIREC,13.0,19
419800,SUBMISSION,,VEV_5500,XIREC,6.0,19
419900,SUBMISSION,,VEV_4000,XIREC,1239.0,12
419900,SUBMISSION,,VEV_4000,XIREC,1241.0,18
419900,SUBMISSION,,VEV_4500,XIREC,736.0,12
419900,SUBMISSION,,VEV_4500,XIREC,738.0,18
419900,SUBMISSION,,VEV_5300,XIREC,41.0,23
419900,SUBMISSION,,VEV_5400,XIREC,13.0,23
419900,SUBMISSION,,VEV_5500,XIREC,6.0,23
419900,,,VELVETFRUIT_EXTRACT,XIREC,5231.0,6
420000,SUBMISSION,,VEV_4000,XIREC,1238.0,10
420000,SUBMISSION,,VEV_4000,XIREC,1241.0,20
420000,SUBMISSION,,VEV_4500,XIREC,736.0,12
420000,SUBMISSION,,VEV_4500,XIREC,738.0,18
420000,SUBMISSION,,VEV_5300,XIREC,41.0,25
420000,SUBMISSION,,VEV_5400,XIREC,13.0,25
420000,SUBMISSION,,VEV_5500,XIREC,6.0,25
420100,SUBMISSION,,VEV_4000,XIREC,1237.0,13
420100,SUBMISSION,,VEV_4000,XIREC,1239.0,17
420100,SUBMISSION,,VEV_4500,XIREC,734.0,11
420100,SUBMISSION,,VEV_4500,XIREC,736.0,12
420100,SUBMISSION,,VEV_5300,XIREC,40.0,27
420100,SUBMISSION,,VEV_5400,XIREC,13.0,27
420100,SUBMISSION,,VEV_5500,XIREC,5.0,27
420200,SUBMISSION,,VEV_4000,XIREC,1238.0,11
420200,SUBMISSION,,VEV_4000,XIREC,1240.0,19
420200,SUBMISSION,,VEV_4500,XIREC,735.0,9
420200,SUBMISSION,,VEV_4500,XIREC,737.0,17
420200,SUBMISSION,,VEV_5300,XIREC,40.0,24
420200,SUBMISSION,,VEV_5400,XIREC,13.0,24
420200,SUBMISSION,,VEV_5500,XIREC,6.0,24
420300,SUBMISSION,,VEV_4000,XIREC,1238.0,10
420300,SUBMISSION,,VEV_4000,XIREC,1240.0,20
420300,SUBMISSION,,VEV_4500,XIREC,735.0,6
420300,SUBMISSION,,VEV_4500,XIREC,737.0,22
420300,SUBMISSION,,VEV_5300,XIREC,40.0,26
420300,SUBMISSION,,VEV_5400,XIREC,13.0,26
420300,SUBMISSION,,VEV_5500,XIREC,6.0,26
420400,SUBMISSION,,VEV_4000,XIREC,1237.0,13
420400,SUBMISSION,,VEV_4000,XIREC,1240.0,16
420400,SUBMISSION,,VEV_4500,XIREC,735.0,10
420400,SUBMISSION,,VEV_4500,XIREC,737.0,20
420400,SUBMISSION,,VEV_5300,XIREC,40.0,30
420400,SUBMISSION,,VEV_5400,XIREC,13.0,30
420400,SUBMISSION,,VEV_5500,XIREC,6.0,30
420500,SUBMISSION,,VEV_4000,XIREC,1237.0,15
420500,SUBMISSION,,VEV_4000,XIREC,1240.0,15
420500,SUBMISSION,,VEV_4500,XIREC,735.0,7
420500,SUBMISSION,,VEV_4500,XIREC,736.0,22
420500,SUBMISSION,,VEV_5300,XIREC,40.0,21
420500,SUBMISSION,,VEV_5400,XIREC,13.0,21
420500,SUBMISSION,,VEV_5500,XIREC,5.0,6
420500,SUBMISSION,,VEV_5500,XIREC,6.0,15
420600,SUBMISSION,,VEV_4000,XIREC,1236.0,11
420600,SUBMISSION,,VEV_4000,XIREC,1239.0,19
420600,SUBMISSION,,VEV_4500,XIREC,734.0,6
420600,SUBMISSION,,VEV_4500,XIREC,735.0,21
420600,SUBMISSION,,VEV_5300,XIREC,40.0,23
420600,SUBMISSION,,VEV_5400,XIREC,13.0,23
420600,SUBMISSION,,VEV_5500,XIREC,5.0,23
420700,SUBMISSION,,VEV_4000,XIREC,1236.0,10
420700,SUBMISSION,,VEV_4500,XIREC,734.0,6
420700,SUBMISSION,,VEV_4500,XIREC,735.0,12
420700,SUBMISSION,,VEV_5300,XIREC,40.0,25
420700,SUBMISSION,,VEV_5400,XIREC,13.0,25
420700,SUBMISSION,,VEV_5500,XIREC,5.0,25
420800,SUBMISSION,,VEV_4500,XIREC,734.0,8
420800,SUBMISSION,,VEV_4500,XIREC,736.0,20
420800,SUBMISSION,,VEV_5300,XIREC,40.0,30
420800,SUBMISSION,,VEV_5400,XIREC,13.0,30
420800,SUBMISSION,,VEV_5500,XIREC,5.0,30
420900,SUBMISSION,,VEV_4500,XIREC,735.0,7
420900,SUBMISSION,,VEV_4500,XIREC,736.0,23
420900,SUBMISSION,,VEV_5300,XIREC,40.0,25
420900,SUBMISSION,,VEV_5400,XIREC,13.0,25
420900,SUBMISSION,,VEV_5500,XIREC,5.0,25
421000,SUBMISSION,,VEV_4500,XIREC,737.0,2
421000,SUBMISSION,,VEV_5300,XIREC,41.0,28
421000,SUBMISSION,,VEV_5500,XIREC,6.0,28
421100,SUBMISSION,,VEV_5300,XIREC,41.0,27
421100,SUBMISSION,,VEV_5400,XIREC,13.0,27
421100,SUBMISSION,,VEV_5500,XIREC,6.0,27
421200,SUBMISSION,,VEV_5300,XIREC,40.0,30
421200,SUBMISSION,,VEV_5400,XIREC,13.0,9
421200,SUBMISSION,,VEV_5500,XIREC,6.0,30
421300,SUBMISSION,,VEV_5300,XIREC,41.0,17
421300,SUBMISSION,,VEV_5500,XIREC,6.0,17
421400,SUBMISSION,,VEV_5300,XIREC,41.0,20
421400,SUBMISSION,,VEV_5500,XIREC,6.0,20
421500,SUBMISSION,,VEV_5300,XIREC,40.0,9
421500,SUBMISSION,,VEV_5300,XIREC,41.0,19
421500,SUBMISSION,,VEV_5500,XIREC,6.0,28
421500,,,HYDROGEL_PACK,XIREC,9946.0,3
421600,SUBMISSION,,VEV_5300,XIREC,41.0,23
421600,SUBMISSION,,VEV_5500,XIREC,6.0,23
421700,SUBMISSION,,VEV_5300,XIREC,41.0,29
421700,SUBMISSION,,VEV_5500,XIREC,6.0,29
421800,SUBMISSION,,VEV_5300,XIREC,41.0,23
421800,SUBMISSION,,VEV_5500,XIREC,6.0,23
421900,SUBMISSION,,VEV_5300,XIREC,41.0,18
422500,SUBMISSION,,VEV_5500,XIREC,6.0,27
422600,SUBMISSION,,VEV_5500,XIREC,6.0,7
424500,,,VELVETFRUIT_EXTRACT,XIREC,5235.0,7
425400,,SUBMISSION,VEV_4000,XIREC,1241.0,1
426800,,,VELVETFRUIT_EXTRACT,XIREC,5232.0,8
427000,,,HYDROGEL_PACK,XIREC,9950.0,2
427600,,,VELVETFRUIT_EXTRACT,XIREC,5237.0,8
428000,SUBMISSION,,VEV_4000,XIREC,1232.0,1
428000,SUBMISSION,,VEV_5400,XIREC,13.0,2
428000,SUBMISSION,,VEV_5500,XIREC,5.0,2
428000,,,VEV_6000,XIREC,0.0,2
428000,,,VEV_6500,XIREC,0.0,2
430200,,,VELVETFRUIT_EXTRACT,XIREC,5230.0,3
431000,,,VELVETFRUIT_EXTRACT,XIREC,5233.0,5
431700,,,VELVETFRUIT_EXTRACT,XIREC,5233.0,4
432100,,,VELVETFRUIT_EXTRACT,XIREC,5234.0,3
435300,,,VELVETFRUIT_EXTRACT,XIREC,5225.0,8
436200,,,HYDROGEL_PACK,XIREC,9935.0,5
437100,,SUBMISSION,VEV_4000,XIREC,1233.0,1
437100,,SUBMISSION,VEV_4500,XIREC,733.0,1
437100,,SUBMISSION,VEV_5200,XIREC,87.0,1
437100,,SUBMISSION,VEV_5300,XIREC,41.0,1
437100,SUBMISSION,,VEV_5400,XIREC,13.0,3
437100,SUBMISSION,,VEV_5500,XIREC,5.0,3
437100,,,VEV_5000,XIREC,238.0,1
437100,,,VEV_5100,XIREC,152.0,1
437100,,,VEV_5400,XIREC,13.0,1
437100,,,VEV_5500,XIREC,5.0,1
437100,,,VEV_6000,XIREC,0.0,4
437100,,,VEV_6500,XIREC,0.0,4
437300,SUBMISSION,,VEV_5200,XIREC,88.0,1
437700,SUBMISSION,,VEV_5300,XIREC,41.0,1
438000,,,VELVETFRUIT_EXTRACT,XIREC,5230.0,7
440300,,,HYDROGEL_PACK,XIREC,9922.0,2
441300,,,HYDROGEL_PACK,XIREC,9902.0,2
443600,,,HYDROGEL_PACK,XIREC,9908.0,2
444000,SUBMISSION,,VEV_4000,XIREC,1235.0,3
444300,,,VELVETFRUIT_EXTRACT,XIREC,5238.0,7
445900,,SUBMISSION,VELVETFRUIT_EXTRACT,XIREC,5248.0,4
448100,,SUBMISSION,VELVETFRUIT_EXTRACT,XIREC,5253.0,3
448700,SUBMISSION,,VEV_4000,XIREC,1243.0,3
450000,,,HYDROGEL_PACK,XIREC,9932.0,5
453500,,,VELVETFRUIT_EXTRACT,XIREC,5245.0,8
453600,,SUBMISSION,VELVETFRUIT_EXTRACT,XIREC,5251.0,4
454800,,,VELVETFRUIT_EXTRACT,XIREC,5245.0,3
455200,,,VELVETFRUIT_EXTRACT,XIREC,5244.0,6
455400,,SUBMISSION,VEV_4000,XIREC,1252.0,1
455700,,,VEV_5400,XIREC,15.0,4
455700,,,VEV_5500,XIREC,6.0,4
455700,,,VEV_6000,XIREC,0.0,4
455700,,,VEV_6500,XIREC,0.0,4
456900,SUBMISSION,,VELVETFRUIT_EXTRACT,XIREC,5240.0,10
457700,,,HYDROGEL_PACK,XIREC,9914.0,4
458400,,SUBMISSION,VELVETFRUIT_EXTRACT,XIREC,5247.0,3
459900,,SUBMISSION,VELVETFRUIT_EXTRACT,XIREC,5251.0,8
459900,SUBMISSION,,VEV_4000,XIREC,1244.0,1
459900,,,VEV_4000,XIREC,1239.0,1
460400,SUBMISSION,,VEV_5300,XIREC,47.0,3
460400,,,VEV_5400,XIREC,16.0,3
460400,,,VEV_5500,XIREC,6.0,3
460400,,,VEV_6000,XIREC,0.0,3
460400,,,VEV_6500,XIREC,0.0,3
460700,,SUBMISSION,VELVETFRUIT_EXTRACT,XIREC,5253.0,6
462300,,SUBMISSION,VELVETFRUIT_EXTRACT,XIREC,5258.0,8
462500,,,HYDROGEL_PACK,XIREC,9932.0,2
464200,,,VEV_4000,XIREC,1241.0,1
465300,,SUBMISSION,VELVETFRUIT_EXTRACT,XIREC,5254.0,8
468000,,,VELVETFRUIT_EXTRACT,XIREC,5247.0,3
469300,,,VELVETFRUIT_EXTRACT,XIREC,5252.0,6
469600,,,VELVETFRUIT_EXTRACT,XIREC,5252.0,7
470400,,SUBMISSION,VELVETFRUIT_EXTRACT,XIREC,5256.0,4
472600,,,VELVETFRUIT_EXTRACT,XIREC,5249.0,3
475400,,SUBMISSION,VELVETFRUIT_EXTRACT,XIREC,5253.0,7
475500,,,VEV_4000,XIREC,1244.0,1
476200,,SUBMISSION,HYDROGEL_PACK,XIREC,9958.0,3
476500,,,VEV_5400,XIREC,17.0,2
476500,,,VEV_5500,XIREC,7.0,2
476500,,,VEV_6000,XIREC,0.0,2
476500,,,VEV_6500,XIREC,0.0,2
477600,SUBMISSION,,HYDROGEL_PACK,XIREC,9942.0,3
477600,,,HYDROGEL_PACK,XIREC,9941.0,2
477900,,SUBMISSION,VELVETFRUIT_EXTRACT,XIREC,5257.0,5
478900,,,VELVETFRUIT_EXTRACT,XIREC,5250.0,4
479100,,SUBMISSION,HYDROGEL_PACK,XIREC,9972.0,5
480100,,SUBMISSION,VELVETFRUIT_EXTRACT,XIREC,5249.0,10
480700,,SUBMISSION,VEV_4000,XIREC,1254.0,2
480900,SUBMISSION,,VEV_4000,XIREC,1244.0,2
481300,,SUBMISSION,VEV_4000,XIREC,1252.0,3
483100,,,VELVETFRUIT_EXTRACT,XIREC,5245.0,8
483200,SUBMISSION,,VELVETFRUIT_EXTRACT,XIREC,5244.0,20
483200,,SUBMISSION,VEV_4000,XIREC,1247.0,3
483300,SUBMISSION,,VELVETFRUIT_EXTRACT,XIREC,5243.0,40
483800,,,VELVETFRUIT_EXTRACT,XIREC,5238.0,7
485300,,,HYDROGEL_PACK,XIREC,9952.0,3
486400,,,VELVETFRUIT_EXTRACT,XIREC,5239.0,7
489600,,,HYDROGEL_PACK,XIREC,9948.0,4
489700,SUBMISSION,,VEV_5300,XIREC,43.0,2
489700,,,VELVETFRUIT_EXTRACT,XIREC,5237.0,6
489700,,,VEV_5300,XIREC,43.0,2
489700,,,VEV_5400,XIREC,14.0,4
489700,,,VEV_5500,XIREC,5.0,4
489700,,,VEV_6000,XIREC,0.0,4
489700,,,VEV_6500,XIREC,0.0,4
490900,,SUBMISSION,VELVETFRUIT_EXTRACT,XIREC,5246.0,5
491100,SUBMISSION,,VEV_4000,XIREC,1238.0,3
492100,SUBMISSION,,VELVETFRUIT_EXTRACT,XIREC,5242.0,5
493900,,,VELVETFRUIT_EXTRACT,XIREC,5237.0,3
494500,,SUBMISSION,HYDROGEL_PACK,XIREC,9974.0,4
494700,SUBMISSION,,VEV_4000,XIREC,1233.0,2
495300,,,HYDROGEL_PACK,XIREC,9964.0,5
496200,,,VELVETFRUIT_EXTRACT,XIREC,5239.0,5
496300,SUBMISSION,,VEV_4000,XIREC,1235.0,1
496300,,,VEV_4000,XIREC,1230.0,1
498200,,,VELVETFRUIT_EXTRACT,XIREC,5241.0,5
498400,,,VELVETFRUIT_EXTRACT,XIREC,5238.0,7
499900,,,HYDROGEL_PACK,XIREC,9990.0,6
500800,,,HYDROGEL_PACK,XIREC,9987.0,4
501400,,,HYDROGEL_PACK,XIREC,9987.0,6
502000,,,HYDROGEL_PACK,XIREC,9985.0,3
502700,,,VEV_5500,XIREC,6.0,2
502700,,,VEV_6000,XIREC,0.0,2
502700,,,VEV_6500,XIREC,0.0,2
503500,,,HYDROGEL_PACK,XIREC,9994.0,6
503500,,,VEV_4000,XIREC,1240.0,3
505300,,SUBMISSION,VELVETFRUIT_EXTRACT,XIREC,5255.0,3
506200,,,VELVETFRUIT_EXTRACT,XIREC,5254.0,5
507200,,SUBMISSION,HYDROGEL_PACK,XIREC,10011.0,4
507800,,,HYDROGEL_PACK,XIREC,9992.0,6
509100,,,VEV_4000,XIREC,1250.0,3
509700,,SUBMISSION,VELVETFRUIT_EXTRACT,XIREC,5259.0,22
509700,,SUBMISSION,VELVETFRUIT_EXTRACT,XIREC,5259.0,8
509700,,,VELVETFRUIT_EXTRACT,XIREC,5260.0,5
509900,,,HYDROGEL_PACK,XIREC,10005.0,5
510000,,SUBMISSION,VEV_4000,XIREC,1262.0,3
510000,,SUBMISSION,VEV_4000,XIREC,1252.0,8
510000,,SUBMISSION,VEV_4000,XIREC,1249.0,19
510000,,SUBMISSION,VEV_4500,XIREC,762.0,3
510000,,SUBMISSION,VEV_4500,XIREC,754.0,9
510000,,SUBMISSION,VEV_4500,XIREC,753.0,16
510100,,,HYDROGEL_PACK,XIREC,10003.0,3
511000,,SUBMISSION,VEV_5000,XIREC,266.0,7
511000,,SUBMISSION,VEV_5000,XIREC,265.0,12
511100,,SUBMISSION,VEV_5000,XIREC,267.0,7
511100,,SUBMISSION,VEV_5000,XIREC,266.0,17
511100,,SUBMISSION,VEV_5100,XIREC,177.0,7
511100,,SUBMISSION,VEV_5100,XIREC,176.0,17
511100,,SUBMISSION,VEV_5200,XIREC,105.0,24
511300,,SUBMISSION,VEV_5000,XIREC,266.0,10
511300,,SUBMISSION,VEV_5000,XIREC,265.0,19
511400,,SUBMISSION,VEV_5000,XIREC,266.0,24
511400,,SUBMISSION,VEV_5200,XIREC,105.0,12
511400,,SUBMISSION,VEV_5200,XIREC,104.0,12
511500,,SUBMISSION,VEV_5000,XIREC,266.0,8
511500,,SUBMISSION,VEV_5000,XIREC,265.0,13
511600,,SUBMISSION,VEV_5000,XIREC,267.0,11
511600,,SUBMISSION,VEV_5000,XIREC,266.0,14
511600,,SUBMISSION,VEV_5200,XIREC,105.0,11
511600,,SUBMISSION,VEV_5200,XIREC,104.0,14
511700,,SUBMISSION,VEV_5000,XIREC,266.0,12
511700,,SUBMISSION,VEV_5000,XIREC,265.0,18
511800,,SUBMISSION,VEV_4000,XIREC,1257.0,8
511800,,SUBMISSION,VEV_4000,XIREC,1254.0,15
511800,,SUBMISSION,VEV_4500,XIREC,759.0,12
511800,,SUBMISSION,VEV_4500,XIREC,757.0,14
511800,,SUBMISSION,VEV_5000,XIREC,268.0,12
511800,,SUBMISSION,VEV_5000,XIREC,267.0,14
511800,,SUBMISSION,VEV_5100,XIREC,178.0,12
511800,,SUBMISSION,VEV_5100,XIREC,177.0,14
511800,,SUBMISSION,VEV_5200,XIREC,105.0,26
511800,,SUBMISSION,VEV_5300,XIREC,53.0,21
511900,,SUBMISSION,VEV_5000,XIREC,267.0,7
511900,,SUBMISSION,VEV_5000,XIREC,266.0,23
511900,,SUBMISSION,VEV_5200,XIREC,105.0,30
512000,,SUBMISSION,VEV_5000,XIREC,266.0,11
512000,,SUBMISSION,VEV_5000,XIREC,265.0,17
512100,,SUBMISSION,VEV_5000,XIREC,267.0,9
512100,,SUBMISSION,VEV_5000,XIREC,266.0,13
512100,,SUBMISSION,VEV_5200,XIREC,105.0,22
512200,,SUBMISSION,VEV_5000,XIREC,266.0,29
512200,,SUBMISSION,VEV_5200,XIREC,105.0,12
512200,,SUBMISSION,VEV_5200,XIREC,104.0,17
512300,,SUBMISSION,VEV_5000,XIREC,266.0,12
512300,,SUBMISSION,VEV_5000,XIREC,265.0,18
512400,,SUBMISSION,VEV_5000,XIREC,266.0,20
512500,,SUBMISSION,VEV_5000,XIREC,267.0,12
512500,,SUBMISSION,VEV_5000,XIREC,266.0,18
512500,,SUBMISSION,VEV_5200,XIREC,105.0,30
512600,,SUBMISSION,VEV_4500,XIREC,759.0,6
512600,,SUBMISSION,VEV_4500,XIREC,757.0,16
512600,,SUBMISSION,VEV_5000,XIREC,267.0,22
512600,,SUBMISSION,VEV_5100,XIREC,177.0,22
512600,,SUBMISSION,VEV_5200,XIREC,105.0,22
512700,,SUBMISSION,VEV_4000,XIREC,1257.0,11
512700,,SUBMISSION,VEV_4000,XIREC,1255.0,17
512700,,SUBMISSION,VEV_4500,XIREC,760.0,12
512700,,SUBMISSION,VEV_4500,XIREC,758.0,18
512700,,SUBMISSION,VEV_5000,XIREC,268.0,12
512700,,SUBMISSION,VEV_5000,XIREC,267.0,18
512700,,SUBMISSION,VEV_5100,XIREC,178.0,30
512700,,SUBMISSION,VEV_5200,XIREC,106.0,30
512700,,SUBMISSION,VEV_5300,XIREC,54.0,9
512700,,SUBMISSION,VEV_5300,XIREC,53.0,12
512800,,SUBMISSION,VEV_4500,XIREC,759.0,8
512800,,SUBMISSION,VEV_4500,XIREC,757.0,18
512800,,SUBMISSION,VEV_5000,XIREC,267.0,26
512800,,SUBMISSION,VEV_5100,XIREC,177.0,26
512800,,SUBMISSION,VEV_5200,XIREC,105.0,26
512900,,SUBMISSION,VEV_5000,XIREC,266.0,12
512900,,SUBMISSION,VEV_5000,XIREC,265.0,18
513000,,SUBMISSION,VEV_5000,XIREC,266.0,10
513000,,SUBMISSION,VEV_5000,XIREC,265.0,20
513200,,SUBMISSION,HYDROGEL_PACK,XIREC,10009.0,5
514100,,,VELVETFRUIT_EXTRACT,XIREC,5263.0,7
514400,,SUBMISSION,VEV_4000,XIREC,1256.0,15
514400,,SUBMISSION,VEV_4000,XIREC,1254.0,15
514400,,SUBMISSION,VEV_4500,XIREC,759.0,11
514400,,SUBMISSION,VEV_4500,XIREC,757.0,15
514400,,SUBMISSION,VEV_5000,XIREC,267.0,26
514400,,SUBMISSION,VEV_5100,XIREC,177.0,26
514400,,SUBMISSION,VEV_5200,XIREC,105.0,26
514500,,SUBMISSION,VEV_4000,XIREC,1257.0,12
514500,,SUBMISSION,VEV_4000,XIREC,1254.0,18
514500,,SUBMISSION,VEV_4500,XIREC,759.0,12
514500,,SUBMISSION,VEV_4500,XIREC,757.0,12
514500,,SUBMISSION,VEV_5000,XIREC,268.0,12
514500,,SUBMISSION,VEV_5000,XIREC,267.0,12
514500,,SUBMISSION,VEV_5100,XIREC,178.0,12
514500,,SUBMISSION,VEV_5100,XIREC,177.0,12
514500,,SUBMISSION,VEV_5200,XIREC,105.0,24
514500,,SUBMISSION,VEV_5300,XIREC,53.0,25
514500,,,VELVETFRUIT_EXTRACT,XIREC,5265.0,6
514600,,SUBMISSION,VEV_4000,XIREC,1257.0,9
514600,,SUBMISSION,VEV_4000,XIREC,1255.0,21
514600,,SUBMISSION,VEV_4500,XIREC,760.0,12
514600,,SUBMISSION,VEV_4500,XIREC,758.0,18
514600,,SUBMISSION,VEV_5000,XIREC,268.0,12
514600,,SUBMISSION,VEV_5000,XIREC,267.0,3
514600,,SUBMISSION,VEV_5100,XIREC,178.0,30
514600,,SUBMISSION,VEV_5200,XIREC,106.0,30
514600,,SUBMISSION,VEV_5300,XIREC,54.0,10
514600,,SUBMISSION,VEV_5300,XIREC,53.0,16
514700,,SUBMISSION,VEV_4000,XIREC,1258.0,14
514700,,SUBMISSION,VEV_4000,XIREC,1255.0,16
514700,,SUBMISSION,VEV_4500,XIREC,760.0,12
514700,,SUBMISSION,VEV_4500,XIREC,758.0,18
514700,,SUBMISSION,VEV_5100,XIREC,178.0,30
514700,,SUBMISSION,VEV_5200,XIREC,106.0,30
514700,,SUBMISSION,VEV_5300,XIREC,54.0,21
514800,,SUBMISSION,VEV_4000,XIREC,1258.0,8
514800,,SUBMISSION,VEV_4000,XIREC,1256.0,22
514800,,SUBMISSION,VEV_4500,XIREC,761.0,8
514800,,SUBMISSION,VEV_4500,XIREC,759.0,13
514800,,SUBMISSION,VEV_5100,XIREC,179.0,21
514800,,SUBMISSION,VEV_5200,XIREC,106.0,21
514800,,SUBMISSION,VEV_5300,XIREC,54.0,27
514900,,SUBMISSION,VEV_4500,XIREC,759.0,6
514900,,SUBMISSION,VEV_4500,XIREC,757.0,13
514900,,SUBMISSION,VEV_5100,XIREC,177.0,19
515000,,SUBMISSION,VEV_4000,XIREC,1258.0,8
515000,,SUBMISSION,VEV_4000,XIREC,1255.0,22
515000,,SUBMISSION,VEV_4500,XIREC,760.0,7
515000,,SUBMISSION,VEV_4500,XIREC,758.0,23
515000,,SUBMISSION,VEV_5100,XIREC,179.0,7
515000,,SUBMISSION,VEV_5100,XIREC,178.0,23
515000,,SUBMISSION,VEV_5200,XIREC,106.0,30
515000,,SUBMISSION,VEV_5300,XIREC,54.0,21
515100,,SUBMISSION,VEV_4000,XIREC,1257.0,13
515100,,SUBMISSION,VEV_4000,XIREC,1254.0,17
515100,,SUBMISSION,VEV_4500,XIREC,759.0,7
515100,,SUBMISSION,VEV_4500,XIREC,757.0,12
515100,,SUBMISSION,VEV_5100,XIREC,178.0,7
515100,,SUBMISSION,VEV_5100,XIREC,177.0,12
515100,,SUBMISSION,VEV_5200,XIREC,106.0,7
515100,,SUBMISSION,VEV_5200,XIREC,105.0,12
515100,,SUBMISSION,VEV_5300,XIREC,53.0,18
515200,,SUBMISSION,VEV_4000,XIREC,1256.0,7
515200,,SUBMISSION,VEV_4000,XIREC,1254.0,16
515200,,SUBMISSION,VEV_4500,XIREC,759.0,8
515200,,SUBMISSION,VEV_4500,XIREC,757.0,19
515200,,SUBMISSION,VEV_5100,XIREC,177.0,27
515200,,,HYDROGEL_PACK,XIREC,10000.0,4
515300,,SUBMISSION,VEV_4000,XIREC,1257.0,11
515300,,SUBMISSION,VEV_4000,XIREC,1255.0,19
515300,,SUBMISSION,VEV_4500,XIREC,760.0,10
515300,,SUBMISSION,VEV_4500,XIREC,758.0,19
515300,,SUBMISSION,VEV_5100,XIREC,178.0,29
515300,,SUBMISSION,VEV_5200,XIREC,106.0,10
515300,,SUBMISSION,VEV_5200,XIREC,105.0,19
515300,,SUBMISSION,VEV_5300,XIREC,54.0,7
515300,,SUBMISSION,VEV_5300,XIREC,53.0,18
515400,,SUBMISSION,VEV_4000,XIREC,1257.0,12
515400,,SUBMISSION,VEV_4000,XIREC,1255.0,18
515400,,SUBMISSION,VEV_4500,XIREC,760.0,10
515400,,SUBMISSION,VEV_4500,XIREC,758.0,16
515400,,SUBMISSION,VEV_5100,XIREC,178.0,26
515400,,SUBMISSION,VEV_5200,XIREC,106.0,26
515400,,SUBMISSION,VEV_5300,XIREC,54.0,16
515500,,SUBMISSION,VEV_4000,XIREC,1257.0,7
515500,,SUBMISSION,VEV_4000,XIREC,1255.0,23
515500,,SUBMISSION,VEV_4500,XIREC,760.0,8
515500,,SUBMISSION,VEV_4500,XIREC,758.0,13
515500,,SUBMISSION,VEV_5100,XIREC,178.0,21
515500,,SUBMISSION,VEV_5200,XIREC,106.0,21
515500,,SUBMISSION,VEV_5300,XIREC,54.0,5
515500,,SUBMISSION,VEV_5300,XIREC,53.0,14
515600,,SUBMISSION,VEV_5100,XIREC,177.0,24
515800,,SUBMISSION,VEV_4000,XIREC,1256.0,13
515800,,SUBMISSION,VEV_4000,XIREC,1254.0,17
515800,,SUBMISSION,VEV_4500,XIREC,759.0,7
515800,,SUBMISSION,VEV_4500,XIREC,757.0,18
515800,,SUBMISSION,VEV_5100,XIREC,178.0,7
515800,,SUBMISSION,VEV_5100,XIREC,177.0,18
515800,,SUBMISSION,VEV_5300,XIREC,53.0,15
515900,,SUBMISSION,VEV_4000,XIREC,1257.0,13
515900,,SUBMISSION,VEV_4000,XIREC,1254.0,17
515900,,SUBMISSION,VEV_4500,XIREC,759.0,6
515900,,SUBMISSION,VEV_4500,XIREC,757.0,15
515900,,SUBMISSION,VEV_5100,XIREC,178.0,6
515900,,SUBMISSION,VEV_5100,XIREC,177.0,15
515900,,SUBMISSION,VEV_5200,XIREC,105.0,21
515900,,SUBMISSION,VEV_5300,XIREC,53.0,28
516000,,SUBMISSION,VEV_4000,XIREC,1257.0,12
516000,,SUBMISSION,VEV_4000,XIREC,1254.0,18
516000,,SUBMISSION,VEV_4500,XIREC,759.0,10
516000,,SUBMISSION,VEV_4500,XIREC,758.0,16
516000,,SUBMISSION,VEV_5100,XIREC,178.0,10
516000,,SUBMISSION,VEV_5100,XIREC,177.0,16
516000,,SUBMISSION,VEV_5200,XIREC,106.0,10
516000,,SUBMISSION,VEV_5200,XIREC,105.0,15
516000,,SUBMISSION,VEV_5300,XIREC,53.0,20
516100,,SUBMISSION,VEV_5100,XIREC,177.0,30
516200,,SUBMISSION,VEV_4000,XIREC,1257.0,15
516200,,SUBMISSION,VEV_4000,XIREC,1254.0,15
516200,,SUBMISSION,VEV_4500,XIREC,759.0,6
516200,,SUBMISSION,VEV_4500,XIREC,757.0,20
516200,,SUBMISSION,VEV_5100,XIREC,178.0,6
516200,,SUBMISSION,VEV_5100,XIREC,177.0,20
516200,,SUBMISSION,VEV_5300,XIREC,53.0,28
516300,,SUBMISSION,VEV_4000,XIREC,1257.0,13
516300,,SUBMISSION,VEV_4000,XIREC,1254.0,17
516300,,SUBMISSION,VEV_4500,XIREC,759.0,12
516300,,SUBMISSION,VEV_4500,XIREC,757.0,15
516300,,SUBMISSION,VEV_5100,XIREC,178.0,8
516300,,SUBMISSION,VEV_5300,XIREC,53.0,18
516400,,SUBMISSION,VEV_4000,XIREC,1257.0,9
516400,,SUBMISSION,VEV_4000,XIREC,1254.0,16
516400,,SUBMISSION,VEV_4500,XIREC,759.0,8
516400,,SUBMISSION,VEV_4500,XIREC,757.0,13
516400,,SUBMISSION,VEV_5300,XIREC,53.0,23
516800,,,VELVETFRUIT_EXTRACT,XIREC,5261.0,5
517900,SUBMISSION,,VEV_4000,XIREC,1254.0,1
518800,,SUBMISSION,VEV_4000,XIREC,1266.0,1
519000,,,HYDROGEL_PACK,XIREC,10002.0,5
519100,SUBMISSION,,VEV_4000,XIREC,1251.0,2
519400,,SUBMISSION,HYDROGEL_PACK,XIREC,10016.0,2
519500,SUBMISSION,,VEV_5300,XIREC,50.0,4
519500,,,VEV_5400,XIREC,17.0,4
519500,,,VEV_5500,XIREC,6.0,4
519500,,,VEV_6000,XIREC,0.0,4
519500,,,VEV_6500,XIREC,0.0,4
520400,,SUBMISSION,HYDROGEL_PACK,XIREC,10018.0,2
520500,,,VELVETFRUIT_EXTRACT,XIREC,5256.0,4
521100,SUBMISSION,,VEV_4000,XIREC,1253.0,2
521800,,SUBMISSION,VELVETFRUIT_EXTRACT,XIREC,5264.0,3
523300,,SUBMISSION,VELVETFRUIT_EXTRACT,XIREC,5261.0,3
524000,,,VEV_5400,XIREC,17.0,4
524000,,,VEV_5500,XIREC,7.0,4
524000,,,VEV_6000,XIREC,0.0,4
524000,,,VEV_6500,XIREC,0.0,4
524500,,SUBMISSION,VELVETFRUIT_EXTRACT,XIREC,5258.0,7
525500,SUBMISSION,,VEV_4000,XIREC,1252.0,1
526200,,,VELVETFRUIT_EXTRACT,XIREC,5250.0,8
526600,,SUBMISSION,HYDROGEL_PACK,XIREC,10020.0,4
527700,,SUBMISSION,HYDROGEL_PACK,XIREC,10020.0,6
527700,,SUBMISSION,VELVETFRUIT_EXTRACT,XIREC,5254.0,6
528600,,SUBMISSION,VELVETFRUIT_EXTRACT,XIREC,5253.0,4
529400,,SUBMISSION,HYDROGEL_PACK,XIREC,10018.0,5
529400,,SUBMISSION,VELVETFRUIT_EXTRACT,XIREC,5255.0,4
529500,,SUBMISSION,HYDROGEL_PACK,XIREC,10026.0,9
529500,,SUBMISSION,HYDROGEL_PACK,XIREC,10019.0,12
529500,,SUBMISSION,HYDROGEL_PACK,XIREC,10016.0,24
530000,,,VELVETFRUIT_EXTRACT,XIREC,5249.0,6
530300,,,HYDROGEL_PACK,XIREC,10010.0,3
530600,,,HYDROGEL_PACK,XIREC,10010.0,5
532000,,SUBMISSION,HYDROGEL_PACK,XIREC,10026.0,4
532000,,SUBMISSION,HYDROGEL_PACK,XIREC,10018.0,12
532000,,SUBMISSION,HYDROGEL_PACK,XIREC,10016.0,30
533100,,SUBMISSION,HYDROGEL_PACK,XIREC,10028.0,2
533300,SUBMISSION,,VELVETFRUIT_EXTRACT,XIREC,5247.0,8
533400,,SUBMISSION,HYDROGEL_PACK,XIREC,10029.0,5
534100,SUBMISSION,,VELVETFRUIT_EXTRACT,XIREC,5245.0,3
534300,SUBMISSION,,VELVETFRUIT_EXTRACT,XIREC,5246.0,7
534800,,SUBMISSION,HYDROGEL_PACK,XIREC,10017.0,3
534800,SUBMISSION,,VELVETFRUIT_EXTRACT,XIREC,5246.0,16
534800,SUBMISSION,,VELVETFRUIT_EXTRACT,XIREC,5247.0,26
537500,,,HYDROGEL_PACK,XIREC,10014.0,2
537500,,,VELVETFRUIT_EXTRACT,XIREC,5241.0,4
537900,,,VELVETFRUIT_EXTRACT,XIREC,5239.0,6
538000,,SUBMISSION,HYDROGEL_PACK,XIREC,10023.0,2
538500,SUBMISSION,,VEV_5100,XIREC,155.0,11
538500,SUBMISSION,,VEV_5100,XIREC,156.0,19
538800,SUBMISSION,,VEV_5100,XIREC,155.0,9
538800,SUBMISSION,,VEV_5100,XIREC,156.0,20
538900,,SUBMISSION,HYDROGEL_PACK,XIREC,10021.0,6
539800,SUBMISSION,,VEV_5100,XIREC,155.0,8
539800,SUBMISSION,,VEV_5100,XIREC,156.0,14
540700,,,VELVETFRUIT_EXTRACT,XIREC,5238.0,7
542600,,SUBMISSION,HYDROGEL_PACK,XIREC,10011.0,6
543000,SUBMISSION,,VEV_5100,XIREC,155.0,29
543000,SUBMISSION,,VEV_5200,XIREC,88.0,29
543100,SUBMISSION,,VEV_5100,XIREC,155.0,9
543100,SUBMISSION,,VEV_5100,XIREC,156.0,13
543100,SUBMISSION,,VEV_5200,XIREC,88.0,22
543300,SUBMISSION,,VEV_5100,XIREC,155.0,10
543300,SUBMISSION,,VEV_5100,XIREC,156.0,20
543400,SUBMISSION,,VEV_5100,XIREC,155.0,30
543400,SUBMISSION,,VEV_5200,XIREC,88.0,30
544300,,,VELVETFRUIT_EXTRACT,XIREC,5236.0,4
544400,,,VELVETFRUIT_EXTRACT,XIREC,5240.0,6
544500,,SUBMISSION,VEV_4000,XIREC,1241.0,2
545000,,,VELVETFRUIT_EXTRACT,XIREC,5235.0,4
546000,SUBMISSION,,VEV_5100,XIREC,155.0,28
546100,SUBMISSION,,VEV_5100,XIREC,155.0,7
546100,SUBMISSION,,VEV_5100,XIREC,156.0,18
546200,SUBMISSION,,VEV_5100,XIREC,154.0,28
546200,SUBMISSION,,VEV_5200,XIREC,87.0,8
546200,SUBMISSION,,VEV_5200,XIREC,88.0,20
546300,SUBMISSION,,VEV_5100,XIREC,155.0,23
546400,SUBMISSION,,VEV_5100,XIREC,155.0,30
546500,SUBMISSION,,VEV_5100,XIREC,155.0,30
546600,SUBMISSION,,VEV_5100,XIREC,155.0,30
546700,SUBMISSION,,VEV_5100,XIREC,154.0,30
546700,SUBMISSION,,VEV_5200,XIREC,87.0,30
546800,SUBMISSION,,VEV_5000,XIREC,241.0,8
546800,SUBMISSION,,VEV_5000,XIREC,242.0,14
546800,SUBMISSION,,VEV_5100,XIREC,153.0,8
546800,SUBMISSION,,VEV_5100,XIREC,154.0,14
546800,SUBMISSION,,VEV_5200,XIREC,87.0,22
546900,SUBMISSION,,VEV_5000,XIREC,241.0,12
546900,SUBMISSION,,VEV_5000,XIREC,242.0,18
546900,SUBMISSION,,VEV_5100,XIREC,153.0,30
546900,SUBMISSION,,VEV_5200,XIREC,86.0,12
546900,SUBMISSION,,VEV_5200,XIREC,87.0,18
547000,SUBMISSION,,VEV_4000,XIREC,1241.0,8
547000,SUBMISSION,,VEV_4000,XIREC,1243.0,17
547000,SUBMISSION,,VEV_4500,XIREC,738.0,10
547000,SUBMISSION,,VEV_4500,XIREC,740.0,20
547000,SUBMISSION,,VEV_5000,XIREC,239.0,10
547000,SUBMISSION,,VEV_5000,XIREC,240.0,20
547000,SUBMISSION,,VEV_5100,XIREC,151.0,10
547000,SUBMISSION,,VEV_5100,XIREC,152.0,20
547000,SUBMISSION,,VEV_5200,XIREC,85.0,10
547000,SUBMISSION,,VEV_5200,XIREC,86.0,20
547000,SUBMISSION,,VEV_5300,XIREC,41.0,27
547100,SUBMISSION,,VEV_5000,XIREC,240.0,10
547100,SUBMISSION,,VEV_5000,XIREC,241.0,14
547100,SUBMISSION,,VEV_5100,XIREC,152.0,24
547100,SUBMISSION,,VEV_5200,XIREC,86.0,24
547200,SUBMISSION,,VEV_5000,XIREC,241.0,11
547200,SUBMISSION,,VEV_5000,XIREC,242.0,19
547200,SUBMISSION,,VEV_5100,XIREC,153.0,11
547200,SUBMISSION,,VEV_5100,XIREC,154.0,19
547200,SUBMISSION,,VEV_5200,XIREC,87.0,30
547300,SUBMISSION,,VEV_5100,XIREC,154.0,25
547300,SUBMISSION,,VEV_5200,XIREC,87.0,25
547400,SUBMISSION,,VEV_5100,XIREC,154.0,13
547400,SUBMISSION,,VEV_5200,XIREC,87.0,28
547500,SUBMISSION,,VEV_5200,XIREC,87.0,12
547500,SUBMISSION,,VEV_5200,XIREC,88.0,16
547600,SUBMISSION,,VEV_4000,XIREC,1233.0,4
547600,SUBMISSION,,VEV_4000,XIREC,1243.0,10
547600,SUBMISSION,,VEV_4000,XIREC,1246.0,16
547600,SUBMISSION,,VEV_4500,XIREC,733.0,4
547600,SUBMISSION,,VEV_4500,XIREC,741.0,11
547600,SUBMISSION,,VEV_4500,XIREC,743.0,15
547600,SUBMISSION,,VEV_5000,XIREC,238.0,4
547600,SUBMISSION,,VEV_5000,XIREC,242.0,26
547600,SUBMISSION,,VEV_5200,XIREC,85.0,4
547600,SUBMISSION,,VEV_5200,XIREC,87.0,26
547600,,,VEV_5400,XIREC,12.0,4
547600,,,VEV_6000,XIREC,0.0,4
547600,,,VEV_6500,XIREC,0.0,4
547700,SUBMISSION,,VEV_5200,XIREC,87.0,9
547700,SUBMISSION,,VEV_5200,XIREC,88.0,19
547800,,,VELVETFRUIT_EXTRACT,XIREC,5232.0,3
548100,SUBMISSION,,VEV_5000,XIREC,241.0,9
548100,SUBMISSION,,VEV_5000,XIREC,242.0,13
548100,SUBMISSION,,VEV_5200,XIREC,87.0,22
548200,SUBMISSION,,VEV_5000,XIREC,241.0,9
548200,SUBMISSION,,VEV_5000,XIREC,242.0,20
548200,SUBMISSION,,VEV_5200,XIREC,86.0,9
548200,SUBMISSION,,VEV_5200,XIREC,87.0,20
548300,SUBMISSION,,VEV_5200,XIREC,87.0,30
548400,SUBMISSION,,VEV_4000,XIREC,1232.0,5
548400,SUBMISSION,,VEV_4000,XIREC,1243.0,9
548400,SUBMISSION,,VEV_4000,XIREC,1245.0,16
548400,SUBMISSION,,VEV_4500,XIREC,732.0,5
548400,SUBMISSION,,VEV_4500,XIREC,740.0,9
548400,SUBMISSION,,VEV_4500,XIREC,742.0,15
548400,SUBMISSION,,VEV_5000,XIREC,238.0,5
548400,SUBMISSION,,VEV_5000,XIREC,241.0,9
548400,SUBMISSION,,VEV_5000,XIREC,242.0,15
548400,SUBMISSION,,VEV_5200,XIREC,85.0,5
548400,SUBMISSION,,VEV_5200,XIREC,87.0,24
548400,,,VEV_5400,XIREC,12.0,5
548400,,,VEV_6000,XIREC,0.0,5
548400,,,VEV_6500,XIREC,0.0,5
548500,SUBMISSION,,VEV_5000,XIREC,241.0,10
548500,SUBMISSION,,VEV_5000,XIREC,242.0,14
548500,SUBMISSION,,VEV_5200,XIREC,87.0,24
548600,SUBMISSION,,VEV_4000,XIREC,1241.0,11
548600,SUBMISSION,,VEV_4000,XIREC,1243.0,19
548600,SUBMISSION,,VEV_4500,XIREC,738.0,10
548600,SUBMISSION,,VEV_4500,XIREC,740.0,20
548600,SUBMISSION,,VEV_5000,XIREC,239.0,10
548600,SUBMISSION,,VEV_5000,XIREC,240.0,20
548600,SUBMISSION,,VEV_5200,XIREC,85.0,30
548600,SUBMISSION,,VEV_5300,XIREC,41.0,27
548700,SUBMISSION,,VEV_4000,XIREC,1240.0,12
548700,SUBMISSION,,VEV_4000,XIREC,1243.0,18
548700,SUBMISSION,,VEV_4500,XIREC,738.0,8
548700,SUBMISSION,,VEV_4500,XIREC,740.0,16
548700,SUBMISSION,,VEV_5000,XIREC,239.0,24
548700,SUBMISSION,,VEV_5200,XIREC,85.0,12
548700,SUBMISSION,,VEV_5300,XIREC,41.0,21
548800,SUBMISSION,,VEV_5000,XIREC,239.0,27
548900,SUBMISSION,,VEV_4000,XIREC,1240.0,9
548900,SUBMISSION,,VEV_4000,XIREC,1242.0,17
548900,SUBMISSION,,VEV_4500,XIREC,737.0,11
548900,SUBMISSION,,VEV_4500,XIREC,739.0,19
548900,SUBMISSION,,VEV_5000,XIREC,238.0,11
548900,SUBMISSION,,VEV_5000,XIREC,239.0,19
548900,SUBMISSION,,VEV_5300,XIREC,41.0,21
549000,SUBMISSION,,VEV_4000,XIREC,1240.0,13
549000,SUBMISSION,,VEV_4000,XIREC,1243.0,17
549000,SUBMISSION,,VEV_4500,XIREC,738.0,12
549000,SUBMISSION,,VEV_4500,XIREC,740.0,13
549000,SUBMISSION,,VEV_5000,XIREC,239.0,25
549000,SUBMISSION,,VEV_5300,XIREC,41.0,23
549100,SUBMISSION,,VEV_5000,XIREC,241.0,6
549100,SUBMISSION,,VEV_5000,XIREC,242.0,14
549200,SUBMISSION,,VEV_5000,XIREC,241.0,22
549300,SUBMISSION,,VEV_5000,XIREC,240.0,7
549300,SUBMISSION,,VEV_5000,XIREC,241.0,22
549800,,,VELVETFRUIT_EXTRACT,XIREC,5236.0,5
550300,,SUBMISSION,VEV_4000,XIREC,1237.0,1
550300,SUBMISSION,,VEV_5000,XIREC,241.0,23
550400,SUBMISSION,,VEV_5000,XIREC,241.0,27
550400,,,HYDROGEL_PACK,XIREC,9998.0,2
550600,SUBMISSION,,VEV_5000,XIREC,241.0,8
550600,SUBMISSION,,VEV_5000,XIREC,242.0,22
550800,SUBMISSION,,VEV_5000,XIREC,241.0,29
550900,SUBMISSION,,VEV_4000,XIREC,1226.0,2
550900,SUBMISSION,,VEV_5000,XIREC,240.0,4
551600,,,VELVETFRUIT_EXTRACT,XIREC,5234.0,8
552600,,SUBMISSION,VEV_4000,XIREC,1239.0,3
553000,SUBMISSION,,VEV_4000,XIREC,1240.0,8
553000,SUBMISSION,,VEV_4000,XIREC,1243.0,20
553000,SUBMISSION,,VEV_4500,XIREC,738.0,7
553000,SUBMISSION,,VEV_4500,XIREC,739.0,17
553000,SUBMISSION,,VEV_5300,XIREC,41.0,27
553100,SUBMISSION,,VEV_4000,XIREC,1229.0,4
553100,SUBMISSION,,VEV_4000,XIREC,1239.0,12
553100,SUBMISSION,,VEV_4000,XIREC,1242.0,14
553100,SUBMISSION,,VEV_4500,XIREC,729.0,4
553100,SUBMISSION,,VEV_4500,XIREC,737.0,12
553100,SUBMISSION,,VEV_4500,XIREC,739.0,14
553100,SUBMISSION,,VEV_5300,XIREC,41.0,23
553100,SUBMISSION,,VEV_5300,XIREC,39.0,4
553100,,,VEV_5500,XIREC,4.0,4
553100,,,VEV_6000,XIREC,0.0,4
553100,,,VEV_6500,XIREC,0.0,4
553200,SUBMISSION,,VEV_4000,XIREC,1239.0,11
553200,SUBMISSION,,VEV_4000,XIREC,1241.0,16
553200,SUBMISSION,,VEV_4500,XIREC,736.0,10
553200,SUBMISSION,,VEV_4500,XIREC,738.0,20
553200,SUBMISSION,,VEV_5300,XIREC,41.0,27
553300,,SUBMISSION,HYDROGEL_PACK,XIREC,10031.0,6
553300,SUBMISSION,,VEV_4000,XIREC,1239.0,11
553300,SUBMISSION,,VEV_4000,XIREC,1241.0,19
553300,SUBMISSION,,VEV_4500,XIREC,736.0,8
553300,SUBMISSION,,VEV_4500,XIREC,738.0,12
553300,SUBMISSION,,VEV_5300,XIREC,41.0,17
553400,SUBMISSION,,VEV_4000,XIREC,1239.0,9
553400,SUBMISSION,,VEV_4000,XIREC,1241.0,21
553400,SUBMISSION,,VEV_4500,XIREC,736.0,9
553400,SUBMISSION,,VEV_4500,XIREC,738.0,14
553400,SUBMISSION,,VEV_5300,XIREC,41.0,21
553500,SUBMISSION,,VEV_4000,XIREC,1239.0,12
553500,SUBMISSION,,VEV_4000,XIREC,1241.0,18
553500,SUBMISSION,,VEV_4500,XIREC,736.0,11
553500,SUBMISSION,,VEV_4500,XIREC,738.0,19
553500,SUBMISSION,,VEV_5300,XIREC,41.0,25
553600,SUBMISSION,,VEV_4000,XIREC,1237.0,9
553600,SUBMISSION,,VEV_4000,XIREC,1240.0,21
553600,SUBMISSION,,VEV_4500,XIREC,735.0,11
553600,SUBMISSION,,VEV_4500,XIREC,737.0,19
553600,SUBMISSION,,VEV_5300,XIREC,40.0,24
553700,SUBMISSION,,VEV_4000,XIREC,1239.0,14
553700,SUBMISSION,,VEV_4000,XIREC,1241.0,16
553700,SUBMISSION,,VEV_4500,XIREC,736.0,10
553700,SUBMISSION,,VEV_4500,XIREC,738.0,17
553700,SUBMISSION,,VEV_5300,XIREC,41.0,17
553800,SUBMISSION,,VEV_4000,XIREC,1237.0,13
553800,SUBMISSION,,VEV_4000,XIREC,1240.0,17
553800,SUBMISSION,,VEV_4500,XIREC,735.0,8
553800,SUBMISSION,,VEV_4500,XIREC,736.0,15
553800,SUBMISSION,,VEV_5300,XIREC,40.0,27
553900,SUBMISSION,,VEV_4000,XIREC,1240.0,9
553900,SUBMISSION,,VEV_4000,XIREC,1242.0,18
553900,SUBMISSION,,VEV_4500,XIREC,737.0,12
553900,SUBMISSION,,VEV_4500,XIREC,739.0,17
553900,SUBMISSION,,VEV_5300,XIREC,41.0,26
554000,SUBMISSION,,VEV_5300,XIREC,41.0,6
554100,SUBMISSION,,VEV_4000,XIREC,1240.0,15
554100,SUBMISSION,,VEV_4000,XIREC,1242.0,15
554100,SUBMISSION,,VEV_4500,XIREC,737.0,11
554100,SUBMISSION,,VEV_4500,XIREC,739.0,12
554200,SUBMISSION,,VEV_4000,XIREC,1240.0,9
554200,SUBMISSION,,VEV_4000,XIREC,1242.0,15
554200,SUBMISSION,,VEV_4500,XIREC,737.0,10
554200,SUBMISSION,,VEV_4500,XIREC,739.0,16
554300,SUBMISSION,,VEV_4500,XIREC,738.0,10
554300,SUBMISSION,,VEV_4500,XIREC,740.0,20
554500,SUBMISSION,,VEV_4000,XIREC,1240.0,13
554500,SUBMISSION,,VEV_4000,XIREC,1242.0,13
554500,SUBMISSION,,VEV_4500,XIREC,737.0,6
554500,SUBMISSION,,VEV_4500,XIREC,739.0,21
554600,SUBMISSION,,VEV_4500,XIREC,737.0,7
554600,SUBMISSION,,VEV_4500,XIREC,739.0,4
556400,,,VELVETFRUIT_EXTRACT,XIREC,5228.0,8
556900,SUBMISSION,,VEV_4000,XIREC,1224.0,3
557200,,,VELVETFRUIT_EXTRACT,XIREC,5225.0,4
563500,,,VELVETFRUIT_EXTRACT,XIREC,5226.0,8
563600,,,HYDROGEL_PACK,XIREC,9991.0,2
564000,,,VELVETFRUIT_EXTRACT,XIREC,5231.0,12
564300,SUBMISSION,,VEV_5200,XIREC,84.0,2
564300,SUBMISSION,,VEV_5300,XIREC,40.0,2
564300,,,VEV_5400,XIREC,12.0,2
564300,,,VEV_5500,XIREC,4.0,2
564300,,,VEV_6000,XIREC,0.0,2
564300,,,VEV_6500,XIREC,0.0,2
564900,,,VELVETFRUIT_EXTRACT,XIREC,5236.0,6
565500,,,VELVETFRUIT_EXTRACT,XIREC,5239.0,7
566100,,,HYDROGEL_PACK,XIREC,10011.0,4
567200,,,VEV_5400,XIREC,13.0,2
567200,,,VEV_5500,XIREC,5.0,2
567200,,,VEV_6000,XIREC,0.0,2
567200,,,VEV_6500,XIREC,0.0,2
567700,,SUBMISSION,VEV_4000,XIREC,1241.0,1
568200,,,VELVETFRUIT_EXTRACT,XIREC,5237.0,7
568700,,,HYDROGEL_PACK,XIREC,10000.0,5
568800,,SUBMISSION,VEV_4000,XIREC,1245.0,2
568900,SUBMISSION,,VEV_5300,XIREC,43.0,3
568900,,,VEV_5300,XIREC,43.0,1
568900,,,VEV_5400,XIREC,13.0,4
568900,,,VEV_5500,XIREC,5.0,4
568900,,,VEV_6000,XIREC,0.0,4
568900,,,VEV_6500,XIREC,0.0,4
569900,SUBMISSION,,VEV_4000,XIREC,1232.0,1
570200,,,VELVETFRUIT_EXTRACT,XIREC,5236.0,7
571600,,,VELVETFRUIT_EXTRACT,XIREC,5235.0,7
574000,,,VELVETFRUIT_EXTRACT,XIREC,5238.0,3
574800,,,VEV_5400,XIREC,12.0,2
574800,,,VEV_5500,XIREC,4.0,2
574800,,,VEV_6000,XIREC,0.0,2
574800,,,VEV_6500,XIREC,0.0,2
575800,,,VELVETFRUIT_EXTRACT,XIREC,5235.0,8
575800,,,VEV_5500,XIREC,5.0,5
575800,,,VEV_6000,XIREC,0.0,5
575800,,,VEV_6500,XIREC,0.0,5
576400,,,VELVETFRUIT_EXTRACT,XIREC,5233.0,3
576700,,SUBMISSION,VEV_4000,XIREC,1240.0,2
578400,,,VELVETFRUIT_EXTRACT,XIREC,5237.0,5
578600,,SUBMISSION,HYDROGEL_PACK,XIREC,10013.0,3
578800,,,HYDROGEL_PACK,XIREC,9998.0,6
580600,,,HYDROGEL_PACK,XIREC,10001.0,4
581100,,,VELVETFRUIT_EXTRACT,XIREC,5240.0,7
581700,,,VELVETFRUIT_EXTRACT,XIREC,5237.0,3
582900,,,VELVETFRUIT_EXTRACT,XIREC,5236.0,9
584800,,,VELVETFRUIT_EXTRACT,XIREC,5234.0,7
584900,,,VELVETFRUIT_EXTRACT,XIREC,5234.0,7
587200,,,VELVETFRUIT_EXTRACT,XIREC,5242.0,3
588200,,,VEV_5300,XIREC,45.0,4
588200,,,VEV_5400,XIREC,14.0,4
588200,,,VEV_5500,XIREC,5.0,4
588200,,,VEV_6000,XIREC,0.0,4
588200,,,VEV_6500,XIREC,0.0,4
588600,,,VELVETFRUIT_EXTRACT,XIREC,5245.0,5
589100,SUBMISSION,,VEV_4000,XIREC,1239.0,3
590100,,,HYDROGEL_PACK,XIREC,9989.0,2
594900,,,VELVETFRUIT_EXTRACT,XIREC,5239.0,4
595300,,,VELVETFRUIT_EXTRACT,XIREC,5238.0,8
596300,,SUBMISSION,HYDROGEL_PACK,XIREC,10026.0,2
597200,,,VELVETFRUIT_EXTRACT,XIREC,5237.0,7
597400,,,VELVETFRUIT_EXTRACT,XIREC,5237.0,4
598100,,SUBMISSION,HYDROGEL_PACK,XIREC,10023.0,11
598100,,SUBMISSION,HYDROGEL_PACK,XIREC,10020.0,24
598200,,SUBMISSION,HYDROGEL_PACK,XIREC,10024.0,12
598200,,SUBMISSION,HYDROGEL_PACK,XIREC,10021.0,26
598400,,SUBMISSION,HYDROGEL_PACK,XIREC,10024.0,13
598400,,SUBMISSION,HYDROGEL_PACK,XIREC,10022.0,22
598500,,SUBMISSION,HYDROGEL_PACK,XIREC,10026.0,14
598500,,SUBMISSION,HYDROGEL_PACK,XIREC,10024.0,22
598600,,SUBMISSION,HYDROGEL_PACK,XIREC,10027.0,11
598600,,SUBMISSION,HYDROGEL_PACK,XIREC,10025.0,24
599600,SUBMISSION,,VEV_4000,XIREC,1231.0,1
600000,,,VELVETFRUIT_EXTRACT,XIREC,5237.0,7
600100,SUBMISSION,,VEV_4000,XIREC,1228.0,2
600400,,SUBMISSION,HYDROGEL_PACK,XIREC,10034.0,4
601200,,,VEV_4000,XIREC,1223.0,1
601700,,,HYDROGEL_PACK,XIREC,10013.0,2
603000,,,VELVETFRUIT_EXTRACT,XIREC,5234.0,6
604600,,,VEV_5300,XIREC,39.0,5
604600,,,VEV_5400,XIREC,11.0,5
604600,,,VEV_5500,XIREC,4.0,5
604600,,,VEV_6000,XIREC,0.0,5
604600,,,VEV_6500,XIREC,0.0,5
604700,,,HYDROGEL_PACK,XIREC,10017.0,5
605700,,,VELVETFRUIT_EXTRACT,XIREC,5226.0,7
606400,,,HYDROGEL_PACK,XIREC,10020.0,5
608100,,SUBMISSION,VEV_4000,XIREC,1225.0,2
608500,,,VELVETFRUIT_EXTRACT,XIREC,5218.0,10
609900,,,VELVETFRUIT_EXTRACT,XIREC,5222.0,6
612500,,,VELVETFRUIT_EXTRACT,XIREC,5219.0,5
612900,,,VELVETFRUIT_EXTRACT,XIREC,5225.0,10
612900,,,VELVETFRUIT_EXTRACT,XIREC,5223.0,8
614100,,,HYDROGEL_PACK,XIREC,9998.0,4
616300,,,VELVETFRUIT_EXTRACT,XIREC,5228.0,5
617400,,,VELVETFRUIT_EXTRACT,XIREC,5231.0,7
617900,,,VEV_5300,XIREC,40.0,2
617900,,,VEV_5400,XIREC,12.0,2
617900,,,VEV_5500,XIREC,4.0,2
617900,,,VEV_6000,XIREC,0.0,2
617900,,,VEV_6500,XIREC,0.0,2
618300,,,VEV_5300,XIREC,40.0,2
618300,,,VEV_5400,XIREC,12.0,2
618300,,,VEV_5500,XIREC,4.0,2
618300,,,VEV_6000,XIREC,0.0,2
618300,,,VEV_6500,XIREC,0.0,2
618900,,,VELVETFRUIT_EXTRACT,XIREC,5231.0,3
619800,,,VELVETFRUIT_EXTRACT,XIREC,5236.0,7
620500,,,VELVETFRUIT_EXTRACT,XIREC,5235.0,3
621700,,SUBMISSION,VEV_4000,XIREC,1240.0,3
621800,,,HYDROGEL_PACK,XIREC,9993.0,2
621900,,,VELVETFRUIT_EXTRACT,XIREC,5236.0,6
622400,,,VELVETFRUIT_EXTRACT,XIREC,5235.0,13
622800,SUBMISSION,,VEV_4000,XIREC,1232.0,1
624400,SUBMISSION,,VEV_5200,XIREC,88.0,2
624400,,,VEV_5300,XIREC,42.0,2
624400,,,VEV_5400,XIREC,13.0,2
624400,,,VEV_5500,XIREC,5.0,2
624400,,,VEV_6000,XIREC,0.0,2
624400,,,VEV_6500,XIREC,0.0,2
624700,,SUBMISSION,VELVETFRUIT_EXTRACT,XIREC,5241.0,5
625100,,,HYDROGEL_PACK,XIREC,10004.0,2
626000,SUBMISSION,,VELVETFRUIT_EXTRACT,XIREC,5234.0,5
626000,,,VELVETFRUIT_EXTRACT,XIREC,5232.0,4
628100,,,VELVETFRUIT_EXTRACT,XIREC,5231.0,6
628300,,,VELVETFRUIT_EXTRACT,XIREC,5225.0,7
630400,,SUBMISSION,HYDROGEL_PACK,XIREC,10018.0,5
631500,,SUBMISSION,VEV_4000,XIREC,1225.0,3
631600,SUBMISSION,,VEV_4000,XIREC,1231.0,2
631700,,,VEV_5400,XIREC,10.0,3
631700,,,VEV_6000,XIREC,0.0,3
631700,,,VEV_6500,XIREC,0.0,3
632800,,,VELVETFRUIT_EXTRACT,XIREC,5216.0,7
634500,,,VELVETFRUIT_EXTRACT,XIREC,5218.0,5
634800,,,VELVETFRUIT_EXTRACT,XIREC,5214.0,6
634800,,,VELVETFRUIT_EXTRACT,XIREC,5216.0,8
634900,,,HYDROGEL_PACK,XIREC,10010.0,2
635700,,SUBMISSION,HYDROGEL_PACK,XIREC,10033.0,3
636100,SUBMISSION,,VEV_5200,XIREC,79.0,1
636100,,,VEV_5200,XIREC,79.0,3
636100,,,VEV_5300,XIREC,37.0,4
636100,,,VEV_5500,XIREC,4.0,4
636100,,,VEV_6000,XIREC,0.0,4
636100,,,VEV_6500,XIREC,0.0,4
637500,,,HYDROGEL_PACK,XIREC,10018.0,4
639000,,SUBMISSION,HYDROGEL_PACK,XIREC,10027.0,10
639000,,SUBMISSION,HYDROGEL_PACK,XIREC,10024.0,8
640300,,,HYDROGEL_PACK,XIREC,10029.0,3
640500,,,VELVETFRUIT_EXTRACT,XIREC,5212.0,3
640700,,SUBMISSION,HYDROGEL_PACK,XIREC,10041.0,4
642100,,,VEV_5200,XIREC,74.0,4
642100,,,VEV_5300,XIREC,34.0,4
642100,,,VEV_5400,XIREC,9.0,4
642100,,,VEV_5500,XIREC,3.0,4
642100,,,VEV_6000,XIREC,0.0,4
642100,,,VEV_6500,XIREC,0.0,4
644900,,,VELVETFRUIT_EXTRACT,XIREC,5210.0,6
645000,,SUBMISSION,VEV_4000,XIREC,1214.0,3
645100,SUBMISSION,,VEV_4000,XIREC,1218.0,3
646100,,,VELVETFRUIT_EXTRACT,XIREC,5211.0,3
647000,,SUBMISSION,HYDROGEL_PACK,XIREC,10002.0,3
647200,SUBMISSION,,VEV_4000,XIREC,1201.0,3
647400,,,HYDROGEL_PACK,XIREC,9993.0,2
647600,,,HYDROGEL_PACK,XIREC,9991.0,4
647900,,,HYDROGEL_PACK,XIREC,9989.0,6
648200,,,VELVETFRUIT_EXTRACT,XIREC,5208.0,6
648400,,SUBMISSION,HYDROGEL_PACK,XIREC,10000.0,2
650300,,,VELVETFRUIT_EXTRACT,XIREC,5198.0,6
652100,,,VELVETFRUIT_EXTRACT,XIREC,5198.0,6
652800,,,HYDROGEL_PACK,XIREC,9979.0,2
653200,SUBMISSION,,HYDROGEL_PACK,XIREC,9976.0,6
653300,SUBMISSION,,HYDROGEL_PACK,XIREC,9975.0,5
654200,,,VEV_5400,XIREC,8.0,2
654200,,,VEV_5500,XIREC,3.0,2
654200,,,VEV_6000,XIREC,0.0,2
654200,,,VEV_6500,XIREC,0.0,2
654300,,,VELVETFRUIT_EXTRACT,XIREC,5205.0,8
655100,,,VELVETFRUIT_EXTRACT,XIREC,5210.0,8
657800,,,VELVETFRUIT_EXTRACT,XIREC,5213.0,5
659200,,,VELVETFRUIT_EXTRACT,XIREC,5215.0,7
661300,,SUBMISSION,HYDROGEL_PACK,XIREC,10010.0,6
666100,,SUBMISSION,HYDROGEL_PACK,XIREC,10027.0,3
666500,,,VELVETFRUIT_EXTRACT,XIREC,5220.0,7
667400,,,VELVETFRUIT_EXTRACT,XIREC,5227.0,6
669200,,SUBMISSION,HYDROGEL_PACK,XIREC,10026.0,4
669900,,,VELVETFRUIT_EXTRACT,XIREC,5216.0,7
671200,SUBMISSION,,VEV_4000,XIREC,1214.0,2
671200,,,VEV_4000,XIREC,1209.0,1
673800,,,HYDROGEL_PACK,XIREC,10000.0,4
674000,,,VEV_5300,XIREC,37.0,3
674000,,,VEV_5400,XIREC,10.0,3
674000,,,VEV_5500,XIREC,4.0,3
674000,,,VEV_6000,XIREC,0.0,3
674000,,,VEV_6500,XIREC,0.0,3
675700,,,VEV_4000,XIREC,1218.0,1
679600,,SUBMISSION,VELVETFRUIT_EXTRACT,XIREC,5227.0,6
680300,SUBMISSION,,VELVETFRUIT_EXTRACT,XIREC,5224.0,6
680600,,,VEV_4000,XIREC,1212.0,3
680800,,,HYDROGEL_PACK,XIREC,9994.0,2
681500,,SUBMISSION,HYDROGEL_PACK,XIREC,10004.0,5
682600,,,VEV_4000,XIREC,1214.0,1
684000,,,VEV_5400,XIREC,11.0,5
684000,,,VEV_5500,XIREC,4.0,5
684000,,,VEV_6000,XIREC,0.0,5
684000,,,VEV_6500,XIREC,0.0,5
684500,,,HYDROGEL_PACK,XIREC,9989.0,2
685200,,SUBMISSION,VELVETFRUIT_EXTRACT,XIREC,5230.0,6
688400,,SUBMISSION,VELVETFRUIT_EXTRACT,XIREC,5235.0,6
688600,,SUBMISSION,VELVETFRUIT_EXTRACT,XIREC,5236.0,5
688900,,,VEV_4000,XIREC,1226.0,2
690500,,SUBMISSION,HYDROGEL_PACK,XIREC,10012.0,5
693000,,,VELVETFRUIT_EXTRACT,XIREC,5230.0,8
693600,,SUBMISSION,VELVETFRUIT_EXTRACT,XIREC,5234.0,5
694600,,,VELVETFRUIT_EXTRACT,XIREC,5237.0,3
694900,,,HYDROGEL_PACK,XIREC,10011.0,3
695200,,,HYDROGEL_PACK,XIREC,10010.0,6
695900,,SUBMISSION,HYDROGEL_PACK,XIREC,10033.0,6
696000,,,VEV_4000,XIREC,1227.0,3
696500,,SUBMISSION,VELVETFRUIT_EXTRACT,XIREC,5236.0,24
697900,,SUBMISSION,HYDROGEL_PACK,XIREC,10028.0,1
698300,,,HYDROGEL_PACK,XIREC,10048.0,5
699100,,,HYDROGEL_PACK,XIREC,10035.0,5
700400,,,HYDROGEL_PACK,XIREC,10052.0,5
701200,,,HYDROGEL_PACK,XIREC,10052.0,5
701200,,,VEV_5400,XIREC,13.0,2
701200,,,VEV_5500,XIREC,5.0,2
701200,,,VEV_6000,XIREC,0.0,2
701200,,,VEV_6500,XIREC,0.0,2
701500,,,HYDROGEL_PACK,XIREC,10054.0,3
702500,,SUBMISSION,VELVETFRUIT_EXTRACT,XIREC,5247.0,4
702700,,SUBMISSION,VELVETFRUIT_EXTRACT,XIREC,5248.0,8
703000,,,HYDROGEL_PACK,XIREC,10027.0,3
703100,,SUBMISSION,VELVETFRUIT_EXTRACT,XIREC,5248.0,7
703200,,,VEV_5400,XIREC,14.0,5
703200,,,VEV_5500,XIREC,6.0,5
703200,,,VEV_6000,XIREC,0.0,5
703200,,,VEV_6500,XIREC,0.0,5
704700,,SUBMISSION,VELVETFRUIT_EXTRACT,XIREC,5256.0,8
707100,,,HYDROGEL_PACK,XIREC,10056.0,3
710500,,,VEV_5300,XIREC,49.0,5
710500,,,VEV_5400,XIREC,15.0,5
710500,,,VEV_5500,XIREC,6.0,5
710500,,,VEV_6000,XIREC,0.0,5
710500,,,VEV_6500,XIREC,0.0,5
711400,,SUBMISSION,VEV_5000,XIREC,262.0,22
711400,,SUBMISSION,VEV_5100,XIREC,173.0,22
711500,,SUBMISSION,VEV_5000,XIREC,262.0,12
711500,,SUBMISSION,VEV_5000,XIREC,261.0,18
711700,,SUBMISSION,VEV_4000,XIREC,1252.0,8
711700,,SUBMISSION,VEV_4000,XIREC,1249.0,22
711700,,SUBMISSION,VEV_4500,XIREC,754.0,8
711700,,SUBMISSION,VEV_4500,XIREC,752.0,13
711700,,SUBMISSION,VEV_5000,XIREC,263.0,8
711700,,SUBMISSION,VEV_5000,XIREC,262.0,13
711700,,SUBMISSION,VEV_5100,XIREC,173.0,21
711800,,SUBMISSION,VEV_4000,XIREC,1253.0,14
711800,,SUBMISSION,VEV_4000,XIREC,1251.0,16
711800,,SUBMISSION,VEV_4500,XIREC,756.0,12
711800,,SUBMISSION,VEV_4500,XIREC,754.0,15
711800,,SUBMISSION,VEV_5000,XIREC,264.0,12
711800,,SUBMISSION,VEV_5000,XIREC,263.0,15
711800,,SUBMISSION,VEV_5100,XIREC,175.0,12
711800,,SUBMISSION,VEV_5100,XIREC,174.0,15
711800,,SUBMISSION,VEV_5200,XIREC,102.0,27
711900,,SUBMISSION,VEV_4000,XIREC,1254.0,13
711900,,SUBMISSION,VEV_4000,XIREC,1252.0,17
711900,,SUBMISSION,VEV_4500,XIREC,757.0,8
711900,,SUBMISSION,VEV_4500,XIREC,755.0,19
711900,,SUBMISSION,VEV_5000,XIREC,265.0,27
711900,,SUBMISSION,VEV_5100,XIREC,176.0,8
711900,,SUBMISSION,VEV_5100,XIREC,175.0,19
711900,,SUBMISSION,VEV_5200,XIREC,102.0,27
711900,,SUBMISSION,VEV_5300,XIREC,52.0,17
712000,,SUBMISSION,VEV_4000,XIREC,1254.0,7
712000,,SUBMISSION,VEV_4000,XIREC,1251.0,23
712000,,SUBMISSION,VEV_4500,XIREC,756.0,12
712000,,SUBMISSION,VEV_4500,XIREC,754.0,18
712000,,SUBMISSION,VEV_5000,XIREC,264.0,30
712000,,SUBMISSION,VEV_5100,XIREC,175.0,12
712000,,SUBMISSION,VEV_5100,XIREC,174.0,18
712000,,SUBMISSION,VEV_5200,XIREC,102.0,30
712000,,SUBMISSION,VEV_5300,XIREC,52.0,7
712000,,SUBMISSION,VEV_5300,XIREC,51.0,19
712100,,SUBMISSION,VEV_4000,XIREC,1252.0,14
712100,,SUBMISSION,VEV_4000,XIREC,1249.0,16
712100,,SUBMISSION,VEV_4500,XIREC,754.0,11
712100,,SUBMISSION,VEV_4500,XIREC,752.0,19
712100,,SUBMISSION,VEV_5000,XIREC,263.0,11
712100,,SUBMISSION,VEV_5000,XIREC,262.0,19
712100,,SUBMISSION,VEV_5100,XIREC,173.0,30
712200,,SUBMISSION,VEV_4000,XIREC,1252.0,9
712200,,SUBMISSION,VEV_4000,XIREC,1249.0,21
712200,,SUBMISSION,VEV_4500,XIREC,754.0,9
712200,,SUBMISSION,VEV_4500,XIREC,752.0,21
712200,,SUBMISSION,VEV_5000,XIREC,263.0,9
712200,,SUBMISSION,VEV_5000,XIREC,262.0,21
712200,,SUBMISSION,VEV_5100,XIREC,173.0,30
712300,,SUBMISSION,VEV_4000,XIREC,1252.0,14
712300,,SUBMISSION,VEV_4000,XIREC,1249.0,16
712300,,SUBMISSION,VEV_4500,XIREC,754.0,6
712300,,SUBMISSION,VEV_4500,XIREC,753.0,13
712300,,SUBMISSION,VEV_5000,XIREC,263.0,6
712300,,SUBMISSION,VEV_5000,XIREC,262.0,13
712300,,SUBMISSION,VEV_5100,XIREC,173.0,19
712400,,SUBMISSION,VEV_4000,XIREC,1252.0,14
712400,,SUBMISSION,VEV_4000,XIREC,1250.0,16
712400,,SUBMISSION,VEV_4500,XIREC,755.0,8
712400,,SUBMISSION,VEV_4500,XIREC,753.0,22
712400,,SUBMISSION,VEV_5000,XIREC,263.0,8
712400,,SUBMISSION,VEV_5000,XIREC,262.0,22
712400,,SUBMISSION,VEV_5100,XIREC,174.0,8
712400,,SUBMISSION,VEV_5100,XIREC,173.0,22
712500,,SUBMISSION,VEV_4000,XIREC,1252.0,10
712500,,SUBMISSION,VEV_4000,XIREC,1249.0,16
712500,,SUBMISSION,VEV_5000,XIREC,263.0,10
712500,,SUBMISSION,VEV_5000,XIREC,262.0,18
712500,,SUBMISSION,VEV_5100,XIREC,173.0,28
712600,,SUBMISSION,VEV_4000,XIREC,1253.0,7
712600,,SUBMISSION,VEV_4000,XIREC,1250.0,21
712600,,SUBMISSION,VEV_4500,XIREC,755.0,7
712600,,SUBMISSION,VEV_4500,XIREC,753.0,23
712600,,SUBMISSION,VEV_5000,XIREC,264.0,7
712600,,SUBMISSION,VEV_5000,XIREC,263.0,23
712600,,SUBMISSION,VEV_5100,XIREC,174.0,30
712600,,SUBMISSION,VEV_5200,XIREC,102.0,7
712600,,SUBMISSION,VEV_5200,XIREC,101.0,23
712700,,SUBMISSION,VEV_4000,XIREC,1253.0,10
712700,,SUBMISSION,VEV_4000,XIREC,1251.0,20
712700,,SUBMISSION,VEV_4500,XIREC,756.0,9
712700,,SUBMISSION,VEV_4500,XIREC,754.0,21
712700,,SUBMISSION,VEV_5000,XIREC,264.0,9
712700,,SUBMISSION,VEV_5000,XIREC,263.0,21
712700,,SUBMISSION,VEV_5100,XIREC,174.0,30
712700,,SUBMISSION,VEV_5200,XIREC,102.0,9
712700,,SUBMISSION,VEV_5200,XIREC,101.0,21
712800,,SUBMISSION,VEV_4000,XIREC,1253.0,14
712800,,SUBMISSION,VEV_4000,XIREC,1250.0,16
712800,,SUBMISSION,VEV_4500,XIREC,755.0,9
712800,,SUBMISSION,VEV_4500,XIREC,753.0,18
712800,,SUBMISSION,VEV_5000,XIREC,263.0,27
712800,,SUBMISSION,VEV_5100,XIREC,174.0,27
712900,,SUBMISSION,VEV_4000,XIREC,1254.0,8
712900,,SUBMISSION,VEV_4000,XIREC,1251.0,22
712900,,SUBMISSION,VEV_4500,XIREC,756.0,9
712900,,SUBMISSION,VEV_4500,XIREC,754.0,19
712900,,SUBMISSION,VEV_5000,XIREC,264.0,28
712900,,SUBMISSION,VEV_5100,XIREC,175.0,9
712900,,SUBMISSION,VEV_5100,XIREC,174.0,19
712900,,SUBMISSION,VEV_5200,XIREC,102.0,28
712900,,SUBMISSION,VEV_5300,XIREC,52.0,8
712900,,SUBMISSION,VEV_5300,XIREC,51.0,18
713000,,SUBMISSION,VEV_4000,XIREC,1256.0,13
713000,,SUBMISSION,VEV_4000,XIREC,1253.0,17
713000,,SUBMISSION,VEV_4500,XIREC,758.0,11
713000,,SUBMISSION,VEV_4500,XIREC,756.0,19
713000,,SUBMISSION,VEV_5000,XIREC,267.0,11
713000,,SUBMISSION,VEV_5000,XIREC,266.0,19
713000,,SUBMISSION,VEV_5100,XIREC,177.0,11
713000,,SUBMISSION,VEV_5100,XIREC,176.0,19
713000,,SUBMISSION,VEV_5200,XIREC,104.0,11
713000,,SUBMISSION,VEV_5200,XIREC,103.0,19
713000,,SUBMISSION,VEV_5300,XIREC,53.0,10
713000,,SUBMISSION,VEV_5300,XIREC,52.0,16
713100,,SUBMISSION,VEV_4000,XIREC,1256.0,12
713100,,SUBMISSION,VEV_4000,XIREC,1253.0,18
713100,,SUBMISSION,VEV_4500,XIREC,758.0,9
713100,,SUBMISSION,VEV_4500,XIREC,756.0,18
