timestamp;buyer;seller;symbol;currency;price;quantity
0;;SUBMISSION;HYDROGEL_PACK;SEASHELLS;10003;13
0;;SUBMISSION;HYDROGEL_PACK;SEASHELLS;10001;21
100;;SUBMISSION;HYDROGEL_PACK;SEASHELLS;10004;15
100;;SUBMISSION;HYDROGEL_PACK;SEASHELLS;10001;26
2700;SUBMISSION;Mark 55;VELVETFRUIT_EXTRACT;SEASHELLS;5270;8
2900;Mark 55;SUBMISSION;VELVETFRUIT_EXTRACT;SEASHELLS;5271;8
4800;Mark 55;SUBMISSION;VELVETFRUIT_EXTRACT;SEASHELLS;5272;3
5700;SUBMISSION;Mark 55;VELVETFRUIT_EXTRACT;SEASHELLS;5274;5
9900;SUBMISSION;Mark 55;VELVETFRUIT_EXTRACT;SEASHELLS;5262;5
10700;Mark 55;SUBMISSION;VELVETFRUIT_EXTRACT;SEASHELLS;5264;4
12600;SUBMISSION;Mark 55;VELVETFRUIT_EXTRACT;SEASHELLS;5265;3
13900;Mark 55;SUBMISSION;VELVETFRUIT_EXTRACT;SEASHELLS;5268;4
16300;Mark 55;SUBMISSION;VELVETFRUIT_EXTRACT;SEASHELLS;5274;5
17400;SUBMISSION;Mark 55;VELVETFRUIT_EXTRACT;SEASHELLS;5275;3
23100;SUBMISSION;Mark 55;VELVETFRUIT_EXTRACT;SEASHELLS;5265;4
24400;SUBMISSION;;HYDROGEL_PACK;SEASHELLS;9997;9
24900;SUBMISSION;;HYDROGEL_PACK;SEASHELLS;10000;11
25000;SUBMISSION;;HYDROGEL_PACK;SEASHELLS;9998;14
25000;SUBMISSION;;HYDROGEL_PACK;SEASHELLS;10000;25
25100;SUBMISSION;;HYDROGEL_PACK;SEASHELLS;9997;10
25100;SUBMISSION;;HYDROGEL_PACK;SEASHELLS;9999;30
25200;SUBMISSION;;HYDROGEL_PACK;SEASHELLS;9996;10
25200;SUBMISSION;;HYDROGEL_PACK;SEASHELLS;9999;24
25500;SUBMISSION;Mark 55;VELVETFRUIT_EXTRACT;SEASHELLS;5265;6
26100;SUBMISSION;;HYDROGEL_PACK;SEASHELLS;9997;10
26500;Mark 55;SUBMISSION;VELVETFRUIT_EXTRACT;SEASHELLS;5268;6
26900;SUBMISSION;;HYDROGEL_PACK;SEASHELLS;9998;10
29200;SUBMISSION;Mark 38;HYDROGEL_PACK;SEASHELLS;9994;4
32600;;SUBMISSION;HYDROGEL_PACK;SEASHELLS;10000;14
32700;;SUBMISSION;HYDROGEL_PACK;SEASHELLS;10003;11
32700;;SUBMISSION;HYDROGEL_PACK;SEASHELLS;10001;21
32800;;SUBMISSION;HYDROGEL_PACK;SEASHELLS;10002;12
32900;;SUBMISSION;HYDROGEL_PACK;SEASHELLS;10002;10
32900;;SUBMISSION;HYDROGEL_PACK;SEASHELLS;10000;14
33000;;SUBMISSION;HYDROGEL_PACK;SEASHELLS;10003;10
33100;;SUBMISSION;HYDROGEL_PACK;SEASHELLS;10002;10
33200;;SUBMISSION;HYDROGEL_PACK;SEASHELLS;10001;12
33300;Mark 55;SUBMISSION;VELVETFRUIT_EXTRACT;SEASHELLS;5270;7
33500;;SUBMISSION;HYDROGEL_PACK;SEASHELLS;10001;14
34100;;SUBMISSION;HYDROGEL_PACK;SEASHELLS;10003;13
35600;SUBMISSION;;HYDROGEL_PACK;SEASHELLS;9999;13
35700;SUBMISSION;;HYDROGEL_PACK;SEASHELLS;9999;11
35700;Mark 55;SUBMISSION;VELVETFRUIT_EXTRACT;SEASHELLS;5269;3
35800;SUBMISSION;;HYDROGEL_PACK;SEASHELLS;9999;10
35800;SUBMISSION;Mark 55;VELVETFRUIT_EXTRACT;SEASHELLS;5265;7
35900;SUBMISSION;;HYDROGEL_PACK;SEASHELLS;9996;11
35900;SUBMISSION;;HYDROGEL_PACK;SEASHELLS;9999;20
36000;SUBMISSION;;HYDROGEL_PACK;SEASHELLS;9999;14
36100;SUBMISSION;;HYDROGEL_PACK;SEASHELLS;9997;15
36100;Mark 55;SUBMISSION;VELVETFRUIT_EXTRACT;SEASHELLS;5270;4
36200;SUBMISSION;;HYDROGEL_PACK;SEASHELLS;9998;15
36300;SUBMISSION;;HYDROGEL_PACK;SEASHELLS;9998;15
37000;SUBMISSION;;HYDROGEL_PACK;SEASHELLS;9998;11
38400;SUBMISSION;Mark 55;VELVETFRUIT_EXTRACT;SEASHELLS;5266;8
41700;Mark 55;SUBMISSION;VELVETFRUIT_EXTRACT;SEASHELLS;5253;5
42000;SUBMISSION;Mark 55;VELVETFRUIT_EXTRACT;SEASHELLS;5248;8
43000;SUBMISSION;Mark 55;VELVETFRUIT_EXTRACT;SEASHELLS;5251;8
44700;SUBMISSION;Mark 55;VELVETFRUIT_EXTRACT;SEASHELLS;5256;8
44900;;SUBMISSION;VELVETFRUIT_EXTRACT;SEASHELLS;5256;23
46800;SUBMISSION;Mark 55;VELVETFRUIT_EXTRACT;SEASHELLS;5257;8
48100;Mark 55;SUBMISSION;VELVETFRUIT_EXTRACT;SEASHELLS;5260;7
52600;Mark 55;SUBMISSION;VELVETFRUIT_EXTRACT;SEASHELLS;5262;8
53200;Mark 55;SUBMISSION;VELVETFRUIT_EXTRACT;SEASHELLS;5263;5
53600;SUBMISSION;Mark 55;VELVETFRUIT_EXTRACT;SEASHELLS;5258;5
55800;SUBMISSION;;VELVETFRUIT_EXTRACT;SEASHELLS;5254;6
59200;Mark 55;SUBMISSION;VELVETFRUIT_EXTRACT;SEASHELLS;5243;8
64300;SUBMISSION;Mark 55;VELVETFRUIT_EXTRACT;SEASHELLS;5250;3
67600;Mark 55;SUBMISSION;VELVETFRUIT_EXTRACT;SEASHELLS;5261;4
70000;SUBMISSION;Mark 55;VELVETFRUIT_EXTRACT;SEASHELLS;5256;6
70400;Mark 55;SUBMISSION;VELVETFRUIT_EXTRACT;SEASHELLS;5259;5
71500;SUBMISSION;Mark 55;VELVETFRUIT_EXTRACT;SEASHELLS;5252;4
73100;SUBMISSION;Mark 55;VELVETFRUIT_EXTRACT;SEASHELLS;5257;7
73200;SUBMISSION;Mark 55;VELVETFRUIT_EXTRACT;SEASHELLS;5255;5
76700;Mark 55;SUBMISSION;VELVETFRUIT_EXTRACT;SEASHELLS;5257;4
83000;Mark 55;SUBMISSION;VELVETFRUIT_EXTRACT;SEASHELLS;5270;6
84100;Mark 55;SUBMISSION;VELVETFRUIT_EXTRACT;SEASHELLS;5271;8
84400;Mark 55;SUBMISSION;VELVETFRUIT_EXTRACT;SEASHELLS;5272;5
84800;Mark 55;SUBMISSION;VELVETFRUIT_EXTRACT;SEASHELLS;5275;5
85500;Mark 55;SUBMISSION;VELVETFRUIT_EXTRACT;SEASHELLS;5272;8
86300;SUBMISSION;;VELVETFRUIT_EXTRACT;SEASHELLS;5268;14
91700;SUBMISSION;Mark 55;VELVETFRUIT_EXTRACT;SEASHELLS;5265;8
92600;Mark 55;SUBMISSION;VELVETFRUIT_EXTRACT;SEASHELLS;5270;4
95100;SUBMISSION;Mark 55;VELVETFRUIT_EXTRACT;SEASHELLS;5263;8
97200;Mark 55;SUBMISSION;VELVETFRUIT_EXTRACT;SEASHELLS;5264;7
97400;SUBMISSION;Mark 55;VELVETFRUIT_EXTRACT;SEASHELLS;5259;5
99300;SUBMISSION;;VELVETFRUIT_EXTRACT;SEASHELLS;5262;4
103500;SUBMISSION;Mark 55;VELVETFRUIT_EXTRACT;SEASHELLS;5264;8
106300;Mark 55;SUBMISSION;VELVETFRUIT_EXTRACT;SEASHELLS;5261;7
108800;Mark 55;SUBMISSION;VELVETFRUIT_EXTRACT;SEASHELLS;5262;3
109400;Mark 55;SUBMISSION;VELVETFRUIT_EXTRACT;SEASHELLS;5265;6
109800;Mark 55;SUBMISSION;VELVETFRUIT_EXTRACT;SEASHELLS;5266;3
110500;Mark 55;SUBMISSION;VELVETFRUIT_EXTRACT;SEASHELLS;5261;8
111300;Mark 55;SUBMISSION;VELVETFRUIT_EXTRACT;SEASHELLS;5262;7
118100;Mark 55;SUBMISSION;VELVETFRUIT_EXTRACT;SEASHELLS;5259;3
121500;;SUBMISSION;HYDROGEL_PACK;SEASHELLS;10006;5
121800;;SUBMISSION;HYDROGEL_PACK;SEASHELLS;10000;12
122900;SUBMISSION;Mark 55;VELVETFRUIT_EXTRACT;SEASHELLS;5259;8
123700;;SUBMISSION;HYDROGEL_PACK;SEASHELLS;10000;13
123800;;SUBMISSION;HYDROGEL_PACK;SEASHELLS;10004;14
123800;;SUBMISSION;HYDROGEL_PACK;SEASHELLS;10001;20
123900;;SUBMISSION;HYDROGEL_PACK;SEASHELLS;10008;10
123900;;SUBMISSION;HYDROGEL_PACK;SEASHELLS;10006;27
124000;;SUBMISSION;HYDROGEL_PACK;SEASHELLS;10009;14
124000;;SUBMISSION;HYDROGEL_PACK;SEASHELLS;10007;30
127400;;SUBMISSION;HYDROGEL_PACK;SEASHELLS;10001;10
129300;Mark 22;SUBMISSION;VELVETFRUIT_EXTRACT;SEASHELLS;5255;3
129300;Mark 67;SUBMISSION;VELVETFRUIT_EXTRACT;SEASHELLS;5255;5
129400;Mark 38;SUBMISSION;HYDROGEL_PACK;SEASHELLS;10008;4
129600;SUBMISSION;Mark 55;VELVETFRUIT_EXTRACT;SEASHELLS;5256;6
130100;Mark 55;SUBMISSION;VELVETFRUIT_EXTRACT;SEASHELLS;5255;5
130300;SUBMISSION;Mark 55;VELVETFRUIT_EXTRACT;SEASHELLS;5253;6
132400;SUBMISSION;;HYDROGEL_PACK;SEASHELLS;10000;5
133000;Mark 55;SUBMISSION;VELVETFRUIT_EXTRACT;SEASHELLS;5259;7
135500;Mark 55;SUBMISSION;VELVETFRUIT_EXTRACT;SEASHELLS;5258;7
138400;SUBMISSION;;VELVETFRUIT_EXTRACT;SEASHELLS;5256;10
138700;Mark 55;SUBMISSION;VELVETFRUIT_EXTRACT;SEASHELLS;5261;3
142300;Mark 55;SUBMISSION;VELVETFRUIT_EXTRACT;SEASHELLS;5258;6
143100;Mark 55;SUBMISSION;VELVETFRUIT_EXTRACT;SEASHELLS;5260;7
143800;SUBMISSION;Mark 38;HYDROGEL_PACK;SEASHELLS;9997;5
144300;Mark 55;SUBMISSION;VELVETFRUIT_EXTRACT;SEASHELLS;5265;6
145100;Mark 38;SUBMISSION;HYDROGEL_PACK;SEASHELLS;10011;5
145400;SUBMISSION;Mark 38;HYDROGEL_PACK;SEASHELLS;9996;2
147200;SUBMISSION;Mark 55;VELVETFRUIT_EXTRACT;SEASHELLS;5260;8
154300;Mark 55;SUBMISSION;VELVETFRUIT_EXTRACT;SEASHELLS;5274;6
155100;Mark 55;SUBMISSION;VELVETFRUIT_EXTRACT;SEASHELLS;5276;8
155300;Mark 55;SUBMISSION;VELVETFRUIT_EXTRACT;SEASHELLS;5276;3
155700;Mark 55;SUBMISSION;VELVETFRUIT_EXTRACT;SEASHELLS;5276;4
155800;SUBMISSION;Mark 55;VELVETFRUIT_EXTRACT;SEASHELLS;5275;7
164100;Mark 55;SUBMISSION;VELVETFRUIT_EXTRACT;SEASHELLS;5281;5
164200;SUBMISSION;Mark 55;VELVETFRUIT_EXTRACT;SEASHELLS;5279;7
170000;SUBMISSION;;VELVETFRUIT_EXTRACT;SEASHELLS;5268;15
170500;Mark 55;SUBMISSION;VELVETFRUIT_EXTRACT;SEASHELLS;5271;7
171500;SUBMISSION;Mark 55;VELVETFRUIT_EXTRACT;SEASHELLS;5272;7
172600;Mark 55;SUBMISSION;VELVETFRUIT_EXTRACT;SEASHELLS;5275;8
174000;Mark 55;SUBMISSION;VELVETFRUIT_EXTRACT;SEASHELLS;5277;6
175000;Mark 55;SUBMISSION;VELVETFRUIT_EXTRACT;SEASHELLS;5278;4
178200;SUBMISSION;Mark 55;VELVETFRUIT_EXTRACT;SEASHELLS;5273;3
179100;Mark 55;SUBMISSION;VELVETFRUIT_EXTRACT;SEASHELLS;5274;8
181600;SUBMISSION;Mark 38;HYDROGEL_PACK;SEASHELLS;9997;5
185500;Mark 55;SUBMISSION;VELVETFRUIT_EXTRACT;SEASHELLS;5261;5
188200;SUBMISSION;Mark 55;VELVETFRUIT_EXTRACT;SEASHELLS;5256;3
188500;SUBMISSION;;HYDROGEL_PACK;SEASHELLS;9999;14
188600;SUBMISSION;;HYDROGEL_PACK;SEASHELLS;9994;14
188600;SUBMISSION;;HYDROGEL_PACK;SEASHELLS;9997;24
188700;SUBMISSION;;HYDROGEL_PACK;SEASHELLS;9992;14
188700;SUBMISSION;;HYDROGEL_PACK;SEASHELLS;9995;21
188800;SUBMISSION;;HYDROGEL_PACK;SEASHELLS;9990;11
188800;SUBMISSION;;HYDROGEL_PACK;SEASHELLS;9992;23
189700;SUBMISSION;Mark 55;VELVETFRUIT_EXTRACT;SEASHELLS;5258;6
193600;SUBMISSION;;HYDROGEL_PACK;SEASHELLS;9998;15
194100;SUBMISSION;;HYDROGEL_PACK;SEASHELLS;9998;14
194900;SUBMISSION;Mark 55;VELVETFRUIT_EXTRACT;SEASHELLS;5258;6
195500;Mark 55;SUBMISSION;VELVETFRUIT_EXTRACT;SEASHELLS;5263;6
196700;SUBMISSION;Mark 55;VELVETFRUIT_EXTRACT;SEASHELLS;5262;6
199400;SUBMISSION;;VELVETFRUIT_EXTRACT;SEASHELLS;5262;8
203500;Mark 55;SUBMISSION;VELVETFRUIT_EXTRACT;SEASHELLS;5262;4
205000;SUBMISSION;Mark 22;VELVETFRUIT_EXTRACT;SEASHELLS;5264;5
206000;Mark 55;SUBMISSION;VELVETFRUIT_EXTRACT;SEASHELLS;5267;6
209400;SUBMISSION;Mark 55;VELVETFRUIT_EXTRACT;SEASHELLS;5266;4
211400;SUBMISSION;Mark 55;VELVETFRUIT_EXTRACT;SEASHELLS;5265;7
212100;Mark 55;SUBMISSION;VELVETFRUIT_EXTRACT;SEASHELLS;5270;4
212900;SUBMISSION;Mark 55;VELVETFRUIT_EXTRACT;SEASHELLS;5267;5
217200;SUBMISSION;Mark 55;VELVETFRUIT_EXTRACT;SEASHELLS;5263;4
217800;SUBMISSION;Mark 55;VELVETFRUIT_EXTRACT;SEASHELLS;5261;6
220600;SUBMISSION;Mark 55;VELVETFRUIT_EXTRACT;SEASHELLS;5261;4
220800;Mark 55;SUBMISSION;VELVETFRUIT_EXTRACT;SEASHELLS;5264;6
221300;SUBMISSION;;VELVETFRUIT_EXTRACT;SEASHELLS;5258;9
229400;SUBMISSION;Mark 55;VELVETFRUIT_EXTRACT;SEASHELLS;5261;7
231600;SUBMISSION;Mark 55;VELVETFRUIT_EXTRACT;SEASHELLS;5263;5
232000;Mark 55;SUBMISSION;VELVETFRUIT_EXTRACT;SEASHELLS;5266;8
237400;Mark 55;SUBMISSION;VELVETFRUIT_EXTRACT;SEASHELLS;5272;6
237700;Mark 55;SUBMISSION;VELVETFRUIT_EXTRACT;SEASHELLS;5272;8
242100;Mark 55;SUBMISSION;VELVETFRUIT_EXTRACT;SEASHELLS;5275;8
243500;Mark 55;SUBMISSION;VELVETFRUIT_EXTRACT;SEASHELLS;5273;4
244900;Mark 55;SUBMISSION;VELVETFRUIT_EXTRACT;SEASHELLS;5275;4
259500;SUBMISSION;Mark 55;VELVETFRUIT_EXTRACT;SEASHELLS;5274;4
263900;SUBMISSION;Mark 55;VELVETFRUIT_EXTRACT;SEASHELLS;5282;4
265100;SUBMISSION;Mark 55;VELVETFRUIT_EXTRACT;SEASHELLS;5286;6
265500;SUBMISSION;Mark 55;VELVETFRUIT_EXTRACT;SEASHELLS;5286;6
267000;Mark 55;SUBMISSION;VELVETFRUIT_EXTRACT;SEASHELLS;5288;6
267400;SUBMISSION;Mark 55;VELVETFRUIT_EXTRACT;SEASHELLS;5284;4
268200;SUBMISSION;Mark 55;VELVETFRUIT_EXTRACT;SEASHELLS;5281;7
268600;SUBMISSION;Mark 55;VELVETFRUIT_EXTRACT;SEASHELLS;5282;5
269000;SUBMISSION;;VELVETFRUIT_EXTRACT;SEASHELLS;5278;9
271100;SUBMISSION;Mark 55;VELVETFRUIT_EXTRACT;SEASHELLS;5277;3
272700;SUBMISSION;Mark 55;VELVETFRUIT_EXTRACT;SEASHELLS;5278;3
274300;Mark 55;SUBMISSION;VELVETFRUIT_EXTRACT;SEASHELLS;5279;8
274600;SUBMISSION;Mark 55;VELVETFRUIT_EXTRACT;SEASHELLS;5275;3
278700;Mark 55;SUBMISSION;VELVETFRUIT_EXTRACT;SEASHELLS;5273;6
278800;Mark 55;SUBMISSION;VELVETFRUIT_EXTRACT;SEASHELLS;5275;4
280700;SUBMISSION;Mark 55;VELVETFRUIT_EXTRACT;SEASHELLS;5269;6
282600;SUBMISSION;Mark 22;VELVETFRUIT_EXTRACT;SEASHELLS;5269;7
282600;Mark 55;SUBMISSION;VELVETFRUIT_EXTRACT;SEASHELLS;5271;6
283300;SUBMISSION;Mark 55;VELVETFRUIT_EXTRACT;SEASHELLS;5271;5
285600;Mark 55;SUBMISSION;VELVETFRUIT_EXTRACT;SEASHELLS;5277;4
286100;SUBMISSION;Mark 55;VELVETFRUIT_EXTRACT;SEASHELLS;5279;5
288000;SUBMISSION;Mark 55;VELVETFRUIT_EXTRACT;SEASHELLS;5275;8
291800;SUBMISSION;Mark 55;VELVETFRUIT_EXTRACT;SEASHELLS;5268;4
293100;Mark 55;SUBMISSION;VELVETFRUIT_EXTRACT;SEASHELLS;5273;5
293400;Mark 55;SUBMISSION;VELVETFRUIT_EXTRACT;SEASHELLS;5272;5
293700;SUBMISSION;Mark 55;VELVETFRUIT_EXTRACT;SEASHELLS;5268;8
296800;SUBMISSION;Mark 55;VELVETFRUIT_EXTRACT;SEASHELLS;5269;8
297000;;SUBMISSION;VELVETFRUIT_EXTRACT;SEASHELLS;5266;17
301000;SUBMISSION;Mark 55;VELVETFRUIT_EXTRACT;SEASHELLS;5268;8
305600;SUBMISSION;Mark 55;VELVETFRUIT_EXTRACT;SEASHELLS;5268;3
306000;Mark 55;SUBMISSION;VELVETFRUIT_EXTRACT;SEASHELLS;5273;5
307900;SUBMISSION;Mark 55;VELVETFRUIT_EXTRACT;SEASHELLS;5269;8
308400;SUBMISSION;Mark 55;VELVETFRUIT_EXTRACT;SEASHELLS;5271;3
311200;SUBMISSION;Mark 55;VELVETFRUIT_EXTRACT;SEASHELLS;5266;8
323200;Mark 55;SUBMISSION;VELVETFRUIT_EXTRACT;SEASHELLS;5275;5
327600;Mark 55;SUBMISSION;VELVETFRUIT_EXTRACT;SEASHELLS;5265;5
328500;Mark 55;SUBMISSION;VELVETFRUIT_EXTRACT;SEASHELLS;5268;7
328700;Mark 55;SUBMISSION;VELVETFRUIT_EXTRACT;SEASHELLS;5267;5
332600;Mark 55;SUBMISSION;VELVETFRUIT_EXTRACT;SEASHELLS;5273;8
333900;Mark 55;SUBMISSION;VELVETFRUIT_EXTRACT;SEASHELLS;5272;7
335400;Mark 55;SUBMISSION;VELVETFRUIT_EXTRACT;SEASHELLS;5270;6
336800;SUBMISSION;Mark 55;VELVETFRUIT_EXTRACT;SEASHELLS;5269;5
336900;SUBMISSION;;VELVETFRUIT_EXTRACT;SEASHELLS;5270;13
344000;SUBMISSION;Mark 55;VELVETFRUIT_EXTRACT;SEASHELLS;5270;3
344600;SUBMISSION;Mark 55;VELVETFRUIT_EXTRACT;SEASHELLS;5266;7
344900;SUBMISSION;Mark 55;VELVETFRUIT_EXTRACT;SEASHELLS;5266;6
350600;Mark 55;SUBMISSION;VELVETFRUIT_EXTRACT;SEASHELLS;5265;5
352100;SUBMISSION;Mark 55;VELVETFRUIT_EXTRACT;SEASHELLS;5253;4
352300;Mark 55;SUBMISSION;VELVETFRUIT_EXTRACT;SEASHELLS;5256;8
353600;SUBMISSION;Mark 55;VELVETFRUIT_EXTRACT;SEASHELLS;5255;7
353800;SUBMISSION;Mark 55;VELVETFRUIT_EXTRACT;SEASHELLS;5258;7
356500;Mark 55;SUBMISSION;VELVETFRUIT_EXTRACT;SEASHELLS;5262;6
358300;SUBMISSION;Mark 55;VELVETFRUIT_EXTRACT;SEASHELLS;5262;7
358400;Mark 55;SUBMISSION;VELVETFRUIT_EXTRACT;SEASHELLS;5265;5
360000;Mark 55;SUBMISSION;VELVETFRUIT_EXTRACT;SEASHELLS;5266;7
361300;Mark 55;SUBMISSION;VELVETFRUIT_EXTRACT;SEASHELLS;5266;3
361600;SUBMISSION;Mark 55;VELVETFRUIT_EXTRACT;SEASHELLS;5261;5
362500;SUBMISSION;Mark 55;VELVETFRUIT_EXTRACT;SEASHELLS;5261;5
364700;;SUBMISSION;VELVETFRUIT_EXTRACT;SEASHELLS;5256;17
365300;SUBMISSION;Mark 38;HYDROGEL_PACK;SEASHELLS;9985;2
368100;SUBMISSION;Mark 55;VELVETFRUIT_EXTRACT;SEASHELLS;5257;6
372300;SUBMISSION;Mark 55;VELVETFRUIT_EXTRACT;SEASHELLS;5251;6
373100;Mark 55;SUBMISSION;VELVETFRUIT_EXTRACT;SEASHELLS;5255;6
376700;SUBMISSION;Mark 55;VELVETFRUIT_EXTRACT;SEASHELLS;5251;7
377900;;SUBMISSION;VELVETFRUIT_EXTRACT;SEASHELLS;5248;13
382200;Mark 55;SUBMISSION;VELVETFRUIT_EXTRACT;SEASHELLS;5252;5
383100;Mark 55;SUBMISSION;VELVETFRUIT_EXTRACT;SEASHELLS;5253;6
389600;SUBMISSION;Mark 55;VELVETFRUIT_EXTRACT;SEASHELLS;5239;7
401000;SUBMISSION;Mark 55;VELVETFRUIT_EXTRACT;SEASHELLS;5231;8
401500;Mark 55;SUBMISSION;VELVETFRUIT_EXTRACT;SEASHELLS;5232;7
406100;SUBMISSION;Mark 55;VELVETFRUIT_EXTRACT;SEASHELLS;5232;4
407000;SUBMISSION;Mark 55;VELVETFRUIT_EXTRACT;SEASHELLS;5226;4
421400;Mark 55;SUBMISSION;VELVETFRUIT_EXTRACT;SEASHELLS;5232;6
425300;Mark 55;SUBMISSION;VELVETFRUIT_EXTRACT;SEASHELLS;5237;3
427400;Mark 55;SUBMISSION;VELVETFRUIT_EXTRACT;SEASHELLS;5240;5
432100;SUBMISSION;Mark 55;VELVETFRUIT_EXTRACT;SEASHELLS;5234;8
433000;SUBMISSION;Mark 55;VELVETFRUIT_EXTRACT;SEASHELLS;5239;4
434900;;SUBMISSION;VELVETFRUIT_EXTRACT;SEASHELLS;5236;3
436100;Mark 55;SUBMISSION;VELVETFRUIT_EXTRACT;SEASHELLS;5241;5
438500;Mark 55;SUBMISSION;VELVETFRUIT_EXTRACT;SEASHELLS;5240;6
441300;SUBMISSION;Mark 55;VELVETFRUIT_EXTRACT;SEASHELLS;5236;5
444200;Mark 55;SUBMISSION;VELVETFRUIT_EXTRACT;SEASHELLS;5243;6
448600;Mark 55;SUBMISSION;VELVETFRUIT_EXTRACT;SEASHELLS;5251;7
449900;SUBMISSION;;VELVETFRUIT_EXTRACT;SEASHELLS;5248;15
453000;Mark 55;SUBMISSION;VELVETFRUIT_EXTRACT;SEASHELLS;5239;3
453800;SUBMISSION;Mark 55;VELVETFRUIT_EXTRACT;SEASHELLS;5238;7
457600;Mark 55;SUBMISSION;VELVETFRUIT_EXTRACT;SEASHELLS;5241;3
460100;SUBMISSION;Mark 55;VELVETFRUIT_EXTRACT;SEASHELLS;5236;4
466000;SUBMISSION;Mark 55;VELVETFRUIT_EXTRACT;SEASHELLS;5235;3
466400;;SUBMISSION;VELVETFRUIT_EXTRACT;SEASHELLS;5232;4
468600;Mark 55;SUBMISSION;VELVETFRUIT_EXTRACT;SEASHELLS;5238;4
472900;Mark 55;SUBMISSION;VELVETFRUIT_EXTRACT;SEASHELLS;5237;6
473000;Mark 55;SUBMISSION;VELVETFRUIT_EXTRACT;SEASHELLS;5237;4
473800;Mark 55;SUBMISSION;VELVETFRUIT_EXTRACT;SEASHELLS;5238;3
474000;Mark 55;SUBMISSION;VELVETFRUIT_EXTRACT;SEASHELLS;5237;5
477300;SUBMISSION;Mark 55;VELVETFRUIT_EXTRACT;SEASHELLS;5245;8
480500;SUBMISSION;Mark 55;VELVETFRUIT_EXTRACT;SEASHELLS;5241;3
480900;SUBMISSION;Mark 38;HYDROGEL_PACK;SEASHELLS;9995;2
481400;SUBMISSION;Mark 38;HYDROGEL_PACK;SEASHELLS;9997;2
483400;Mark 55;SUBMISSION;VELVETFRUIT_EXTRACT;SEASHELLS;5248;3
486000;SUBMISSION;Mark 55;VELVETFRUIT_EXTRACT;SEASHELLS;5238;5
486200;Mark 55;SUBMISSION;VELVETFRUIT_EXTRACT;SEASHELLS;5241;8
486700;SUBMISSION;Mark 55;VELVETFRUIT_EXTRACT;SEASHELLS;5237;8
492000;SUBMISSION;Mark 55;VELVETFRUIT_EXTRACT;SEASHELLS;5242;5
493000;SUBMISSION;;VELVETFRUIT_EXTRACT;SEASHELLS;5240;4
493500;SUBMISSION;Mark 55;VELVETFRUIT_EXTRACT;SEASHELLS;5240;6
494300;Mark 55;SUBMISSION;VELVETFRUIT_EXTRACT;SEASHELLS;5243;6
500000;Mark 55;SUBMISSION;VELVETFRUIT_EXTRACT;SEASHELLS;5247;3
501300;Mark 55;SUBMISSION;VELVETFRUIT_EXTRACT;SEASHELLS;5246;7
513600;Mark 55;SUBMISSION;VELVETFRUIT_EXTRACT;SEASHELLS;5243;5
519800;SUBMISSION;Mark 55;VELVETFRUIT_EXTRACT;SEASHELLS;5244;5
524600;SUBMISSION;;VELVETFRUIT_EXTRACT;SEASHELLS;5244;9
527200;SUBMISSION;Mark 55;VELVETFRUIT_EXTRACT;SEASHELLS;5245;7
527300;Mark 55;SUBMISSION;VELVETFRUIT_EXTRACT;SEASHELLS;5247;5
529800;Mark 55;SUBMISSION;VELVETFRUIT_EXTRACT;SEASHELLS;5248;3
538700;Mark 55;SUBMISSION;VELVETFRUIT_EXTRACT;SEASHELLS;5246;5
541400;Mark 55;SUBMISSION;VELVETFRUIT_EXTRACT;SEASHELLS;5242;8
544700;Mark 55;SUBMISSION;VELVETFRUIT_EXTRACT;SEASHELLS;5242;8
545400;Mark 55;SUBMISSION;VELVETFRUIT_EXTRACT;SEASHELLS;5239;7
545900;Mark 55;SUBMISSION;VELVETFRUIT_EXTRACT;SEASHELLS;5237;5
548000;SUBMISSION;Mark 55;VELVETFRUIT_EXTRACT;SEASHELLS;5236;5
548900;Mark 55;SUBMISSION;VELVETFRUIT_EXTRACT;SEASHELLS;5239;7
551500;SUBMISSION;Mark 55;VELVETFRUIT_EXTRACT;SEASHELLS;5239;6
554600;SUBMISSION;Mark 55;VELVETFRUIT_EXTRACT;SEASHELLS;5241;7
555000;Mark 55;SUBMISSION;VELVETFRUIT_EXTRACT;SEASHELLS;5245;3
555700;SUBMISSION;Mark 55;VELVETFRUIT_EXTRACT;SEASHELLS;5240;7
556700;SUBMISSION;Mark 55;VELVETFRUIT_EXTRACT;SEASHELLS;5239;8
558800;Mark 55;SUBMISSION;VELVETFRUIT_EXTRACT;SEASHELLS;5240;8
558900;Mark 55;SUBMISSION;VELVETFRUIT_EXTRACT;SEASHELLS;5240;7
561100;SUBMISSION;Mark 55;VELVETFRUIT_EXTRACT;SEASHELLS;5235;6
561300;SUBMISSION;Mark 55;VELVETFRUIT_EXTRACT;SEASHELLS;5235;3
564900;SUBMISSION;Mark 55;VELVETFRUIT_EXTRACT;SEASHELLS;5234;6
566100;SUBMISSION;Mark 55;VELVETFRUIT_EXTRACT;SEASHELLS;5234;3
566300;Mark 55;SUBMISSION;VELVETFRUIT_EXTRACT;SEASHELLS;5234;5
568900;SUBMISSION;;VELVETFRUIT_EXTRACT;SEASHELLS;5228;14
569800;SUBMISSION;Mark 55;VELVETFRUIT_EXTRACT;SEASHELLS;5226;5
573500;SUBMISSION;Mark 55;VELVETFRUIT_EXTRACT;SEASHELLS;5233;5
573700;Mark 55;SUBMISSION;VELVETFRUIT_EXTRACT;SEASHELLS;5236;3
576500;SUBMISSION;Mark 55;VELVETFRUIT_EXTRACT;SEASHELLS;5226;7
577700;SUBMISSION;Mark 55;VELVETFRUIT_EXTRACT;SEASHELLS;5224;8
578300;SUBMISSION;Mark 55;VELVETFRUIT_EXTRACT;SEASHELLS;5224;8
587200;Mark 55;SUBMISSION;VELVETFRUIT_EXTRACT;SEASHELLS;5213;6
588400;Mark 38;SUBMISSION;HYDROGEL_PACK;SEASHELLS;10014;6
588400;Mark 55;SUBMISSION;VELVETFRUIT_EXTRACT;SEASHELLS;5216;5
588600;;SUBMISSION;HYDROGEL_PACK;SEASHELLS;10006;10
588700;;SUBMISSION;HYDROGEL_PACK;SEASHELLS;10000;11
588800;;SUBMISSION;HYDROGEL_PACK;SEASHELLS;10000;12
588800;Mark 38;SUBMISSION;HYDROGEL_PACK;SEASHELLS;10015;2
589100;;SUBMISSION;HYDROGEL_PACK;SEASHELLS;10000;10
589200;;SUBMISSION;HYDROGEL_PACK;SEASHELLS;10001;11
589300;;SUBMISSION;HYDROGEL_PACK;SEASHELLS;10001;14
589400;;SUBMISSION;HYDROGEL_PACK;SEASHELLS;10003;14
589400;SUBMISSION;Mark 55;VELVETFRUIT_EXTRACT;SEASHELLS;5213;3
589500;;SUBMISSION;HYDROGEL_PACK;SEASHELLS;10003;13
589600;;SUBMISSION;HYDROGEL_PACK;SEASHELLS;10004;13
589600;;SUBMISSION;HYDROGEL_PACK;SEASHELLS;10001;27
590400;;SUBMISSION;HYDROGEL_PACK;SEASHELLS;10002;14
592000;Mark 55;SUBMISSION;VELVETFRUIT_EXTRACT;SEASHELLS;5222;6
596600;Mark 38;SUBMISSION;HYDROGEL_PACK;SEASHELLS;10011;6
597500;Mark 38;SUBMISSION;HYDROGEL_PACK;SEASHELLS;10014;4
604500;Mark 55;SUBMISSION;VELVETFRUIT_EXTRACT;SEASHELLS;5244;7
608800;Mark 55;SUBMISSION;VELVETFRUIT_EXTRACT;SEASHELLS;5254;3
612300;SUBMISSION;Mark 55;VELVETFRUIT_EXTRACT;SEASHELLS;5242;8
616700;Mark 55;SUBMISSION;VELVETFRUIT_EXTRACT;SEASHELLS;5236;4
617200;Mark 55;SUBMISSION;VELVETFRUIT_EXTRACT;SEASHELLS;5236;6
620800;Mark 55;SUBMISSION;VELVETFRUIT_EXTRACT;SEASHELLS;5233;4
626300;Mark 55;SUBMISSION;VELVETFRUIT_EXTRACT;SEASHELLS;5247;5
627400;Mark 55;SUBMISSION;VELVETFRUIT_EXTRACT;SEASHELLS;5245;7
629200;SUBMISSION;Mark 55;VELVETFRUIT_EXTRACT;SEASHELLS;5244;5
630800;SUBMISSION;;VELVETFRUIT_EXTRACT;SEASHELLS;5242;7
634300;Mark 38;SUBMISSION;HYDROGEL_PACK;SEASHELLS;10008;4
634400;Mark 55;SUBMISSION;VELVETFRUIT_EXTRACT;SEASHELLS;5244;5
636200;SUBMISSION;;VELVETFRUIT_EXTRACT;SEASHELLS;5246;5
641500;Mark 55;SUBMISSION;VELVETFRUIT_EXTRACT;SEASHELLS;5247;5
643000;SUBMISSION;Mark 55;VELVETFRUIT_EXTRACT;SEASHELLS;5240;6
650200;Mark 55;SUBMISSION;VELVETFRUIT_EXTRACT;SEASHELLS;5245;6
651100;SUBMISSION;;VELVETFRUIT_EXTRACT;SEASHELLS;5240;5
651300;Mark 55;SUBMISSION;VELVETFRUIT_EXTRACT;SEASHELLS;5246;8
653800;Mark 55;SUBMISSION;VELVETFRUIT_EXTRACT;SEASHELLS;5251;5
658300;SUBMISSION;Mark 55;VELVETFRUIT_EXTRACT;SEASHELLS;5250;3
662600;Mark 55;SUBMISSION;VELVETFRUIT_EXTRACT;SEASHELLS;5250;6
667800;Mark 55;SUBMISSION;VELVETFRUIT_EXTRACT;SEASHELLS;5261;5
672600;Mark 55;SUBMISSION;VELVETFRUIT_EXTRACT;SEASHELLS;5270;3
673000;SUBMISSION;Mark 55;VELVETFRUIT_EXTRACT;SEASHELLS;5271;5
673600;Mark 55;SUBMISSION;VELVETFRUIT_EXTRACT;SEASHELLS;5274;6
675600;Mark 55;SUBMISSION;VELVETFRUIT_EXTRACT;SEASHELLS;5271;7
682800;Mark 55;SUBMISSION;VELVETFRUIT_EXTRACT;SEASHELLS;5282;6
683900;Mark 55;SUBMISSION;VELVETFRUIT_EXTRACT;SEASHELLS;5282;3
684500;SUBMISSION;Mark 55;VELVETFRUIT_EXTRACT;SEASHELLS;5274;7
686400;SUBMISSION;Mark 55;VELVETFRUIT_EXTRACT;SEASHELLS;5275;8
688500;SUBMISSION;Mark 55;VELVETFRUIT_EXTRACT;SEASHELLS;5273;3
690600;Mark 55;SUBMISSION;VELVETFRUIT_EXTRACT;SEASHELLS;5274;5
691200;SUBMISSION;Mark 55;VELVETFRUIT_EXTRACT;SEASHELLS;5272;7
692100;Mark 55;SUBMISSION;VELVETFRUIT_EXTRACT;SEASHELLS;5271;8
692500;SUBMISSION;Mark 55;VELVETFRUIT_EXTRACT;SEASHELLS;5269;6
693900;Mark 55;SUBMISSION;VELVETFRUIT_EXTRACT;SEASHELLS;5270;3
694400;Mark 55;SUBMISSION;VELVETFRUIT_EXTRACT;SEASHELLS;5270;3
695900;SUBMISSION;;VELVETFRUIT_EXTRACT;SEASHELLS;5266;11
697600;SUBMISSION;;VELVETFRUIT_EXTRACT;SEASHELLS;5272;9
701000;SUBMISSION;Mark 55;VELVETFRUIT_EXTRACT;SEASHELLS;5264;4
702100;Mark 55;SUBMISSION;VELVETFRUIT_EXTRACT;SEASHELLS;5264;5
702200;SUBMISSION;Mark 55;VELVETFRUIT_EXTRACT;SEASHELLS;5261;3
704600;Mark 55;SUBMISSION;VELVETFRUIT_EXTRACT;SEASHELLS;5264;8
705100;Mark 55;SUBMISSION;VELVETFRUIT_EXTRACT;SEASHELLS;5266;7
705700;SUBMISSION;Mark 55;VELVETFRUIT_EXTRACT;SEASHELLS;5262;4
713000;Mark 55;SUBMISSION;VELVETFRUIT_EXTRACT;SEASHELLS;5254;8
715300;SUBMISSION;;VELVETFRUIT_EXTRACT;SEASHELLS;5244;8
716100;SUBMISSION;;VELVETFRUIT_EXTRACT;SEASHELLS;5248;14
717300;SUBMISSION;;VELVETFRUIT_EXTRACT;SEASHELLS;5244;4
722300;Mark 55;SUBMISSION;VELVETFRUIT_EXTRACT;SEASHELLS;5241;4
726100;SUBMISSION;Mark 55;VELVETFRUIT_EXTRACT;SEASHELLS;5232;5
730300;SUBMISSION;Mark 55;VELVETFRUIT_EXTRACT;SEASHELLS;5224;5
735100;SUBMISSION;Mark 55;VELVETFRUIT_EXTRACT;SEASHELLS;5228;3
735900;;SUBMISSION;VELVETFRUIT_EXTRACT;SEASHELLS;5228;9
737500;Mark 55;SUBMISSION;VELVETFRUIT_EXTRACT;SEASHELLS;5225;3
737600;SUBMISSION;Mark 55;VELVETFRUIT_EXTRACT;SEASHELLS;5222;5
738000;SUBMISSION;Mark 55;VELVETFRUIT_EXTRACT;SEASHELLS;5221;8
738500;SUBMISSION;Mark 55;VELVETFRUIT_EXTRACT;SEASHELLS;5217;4
738800;SUBMISSION;Mark 55;VELVETFRUIT_EXTRACT;SEASHELLS;5216;3
739900;Mark 55;SUBMISSION;VELVETFRUIT_EXTRACT;SEASHELLS;5216;4
742000;SUBMISSION;Mark 55;VELVETFRUIT_EXTRACT;SEASHELLS;5214;8
751300;SUBMISSION;Mark 55;VELVETFRUIT_EXTRACT;SEASHELLS;5212;5
758100;SUBMISSION;Mark 55;VELVETFRUIT_EXTRACT;SEASHELLS;5214;8
761800;SUBMISSION;Mark 55;VELVETFRUIT_EXTRACT;SEASHELLS;5225;7
762600;SUBMISSION;Mark 55;VELVETFRUIT_EXTRACT;SEASHELLS;5226;6
762800;Mark 55;SUBMISSION;VELVETFRUIT_EXTRACT;SEASHELLS;5230;6
766000;Mark 55;SUBMISSION;VELVETFRUIT_EXTRACT;SEASHELLS;5227;4
771800;Mark 55;SUBMISSION;VELVETFRUIT_EXTRACT;SEASHELLS;5236;6
773800;SUBMISSION;Mark 55;VELVETFRUIT_EXTRACT;SEASHELLS;5235;8
775500;Mark 55;SUBMISSION;VELVETFRUIT_EXTRACT;SEASHELLS;5241;7
781100;Mark 55;SUBMISSION;VELVETFRUIT_EXTRACT;SEASHELLS;5240;7
781500;SUBMISSION;Mark 55;VELVETFRUIT_EXTRACT;SEASHELLS;5236;7
783400;SUBMISSION;Mark 55;VELVETFRUIT_EXTRACT;SEASHELLS;5239;6
787000;Mark 55;SUBMISSION;VELVETFRUIT_EXTRACT;SEASHELLS;5250;6
791700;SUBMISSION;Mark 55;VELVETFRUIT_EXTRACT;SEASHELLS;5244;6
796100;Mark 55;SUBMISSION;VELVETFRUIT_EXTRACT;SEASHELLS;5244;5
796600;Mark 55;SUBMISSION;VELVETFRUIT_EXTRACT;SEASHELLS;5243;7
798800;;SUBMISSION;VELVETFRUIT_EXTRACT;SEASHELLS;5240;16
798900;Mark 55;SUBMISSION;VELVETFRUIT_EXTRACT;SEASHELLS;5244;8
802600;SUBMISSION;Mark 55;VELVETFRUIT_EXTRACT;SEASHELLS;5253;7
803000;Mark 55;SUBMISSION;VELVETFRUIT_EXTRACT;SEASHELLS;5256;3
805000;Mark 55;SUBMISSION;VELVETFRUIT_EXTRACT;SEASHELLS;5258;3
807300;Mark 55;SUBMISSION;VELVETFRUIT_EXTRACT;SEASHELLS;5262;6
810000;Mark 55;SUBMISSION;VELVETFRUIT_EXTRACT;SEASHELLS;5255;5
812300;SUBMISSION;Mark 55;VELVETFRUIT_EXTRACT;SEASHELLS;5246;8
812600;Mark 55;SUBMISSION;VELVETFRUIT_EXTRACT;SEASHELLS;5250;5
813500;SUBMISSION;Mark 55;VELVETFRUIT_EXTRACT;SEASHELLS;5241;4
815900;Mark 55;SUBMISSION;VELVETFRUIT_EXTRACT;SEASHELLS;5245;3
819500;SUBMISSION;Mark 55;VELVETFRUIT_EXTRACT;SEASHELLS;5249;7
822500;Mark 55;SUBMISSION;VELVETFRUIT_EXTRACT;SEASHELLS;5254;5
823500;Mark 55;SUBMISSION;VELVETFRUIT_EXTRACT;SEASHELLS;5253;8
825200;Mark 55;SUBMISSION;VELVETFRUIT_EXTRACT;SEASHELLS;5255;4
825600;Mark 55;SUBMISSION;VELVETFRUIT_EXTRACT;SEASHELLS;5258;6
825700;Mark 55;SUBMISSION;VELVETFRUIT_EXTRACT;SEASHELLS;5258;6
827900;Mark 55;SUBMISSION;VELVETFRUIT_EXTRACT;SEASHELLS;5255;3
828400;Mark 55;SUBMISSION;VELVETFRUIT_EXTRACT;SEASHELLS;5257;3
829800;Mark 55;SUBMISSION;VELVETFRUIT_EXTRACT;SEASHELLS;5253;7
830500;SUBMISSION;;VELVETFRUIT_EXTRACT;SEASHELLS;5252;11
831300;Mark 55;SUBMISSION;VELVETFRUIT_EXTRACT;SEASHELLS;5256;3
833700;Mark 55;SUBMISSION;VELVETFRUIT_EXTRACT;SEASHELLS;5257;5
836500;SUBMISSION;Mark 55;VELVETFRUIT_EXTRACT;SEASHELLS;5257;4
840900;SUBMISSION;;VELVETFRUIT_EXTRACT;SEASHELLS;5256;11
841800;SUBMISSION;Mark 49;VELVETFRUIT_EXTRACT;SEASHELLS;5259;8
844300;Mark 55;SUBMISSION;VELVETFRUIT_EXTRACT;SEASHELLS;5261;7
844800;SUBMISSION;Mark 55;VELVETFRUIT_EXTRACT;SEASHELLS;5261;5
845400;SUBMISSION;Mark 55;VELVETFRUIT_EXTRACT;SEASHELLS;5260;7
848300;Mark 55;SUBMISSION;VELVETFRUIT_EXTRACT;SEASHELLS;5259;7
859700;SUBMISSION;;VELVETFRUIT_EXTRACT;SEASHELLS;5252;13
860300;SUBMISSION;Mark 55;VELVETFRUIT_EXTRACT;SEASHELLS;5254;3
861000;SUBMISSION;Mark 55;VELVETFRUIT_EXTRACT;SEASHELLS;5253;4
873800;;SUBMISSION;VELVETFRUIT_EXTRACT;SEASHELLS;5244;5
874800;SUBMISSION;Mark 55;VELVETFRUIT_EXTRACT;SEASHELLS;5248;8
878000;SUBMISSION;Mark 55;VELVETFRUIT_EXTRACT;SEASHELLS;5244;4
881200;Mark 55;SUBMISSION;VELVETFRUIT_EXTRACT;SEASHELLS;5252;4
883000;SUBMISSION;Mark 55;VELVETFRUIT_EXTRACT;SEASHELLS;5252;4
886000;Mark 55;SUBMISSION;VELVETFRUIT_EXTRACT;SEASHELLS;5264;3
887000;Mark 55;SUBMISSION;VELVETFRUIT_EXTRACT;SEASHELLS;5267;4
887900;;SUBMISSION;VELVETFRUIT_EXTRACT;SEASHELLS;5268;5
889900;SUBMISSION;Mark 55;VELVETFRUIT_EXTRACT;SEASHELLS;5263;3
891400;Mark 55;SUBMISSION;VELVETFRUIT_EXTRACT;SEASHELLS;5267;4
891800;Mark 55;SUBMISSION;VELVETFRUIT_EXTRACT;SEASHELLS;5271;7
892900;Mark 55;SUBMISSION;VELVETFRUIT_EXTRACT;SEASHELLS;5274;5
898100;SUBMISSION;Mark 55;VELVETFRUIT_EXTRACT;SEASHELLS;5278;8
900500;SUBMISSION;Mark 55;VELVETFRUIT_EXTRACT;SEASHELLS;5283;3
901000;SUBMISSION;Mark 55;VELVETFRUIT_EXTRACT;SEASHELLS;5282;8
901700;Mark 55;SUBMISSION;VELVETFRUIT_EXTRACT;SEASHELLS;5283;4
901800;SUBMISSION;Mark 55;VELVETFRUIT_EXTRACT;SEASHELLS;5280;8
904000;Mark 55;SUBMISSION;VELVETFRUIT_EXTRACT;SEASHELLS;5284;5
906500;Mark 55;SUBMISSION;VELVETFRUIT_EXTRACT;SEASHELLS;5279;7
912000;SUBMISSION;;VELVETFRUIT_EXTRACT;SEASHELLS;5276;2
914600;Mark 55;SUBMISSION;VELVETFRUIT_EXTRACT;SEASHELLS;5284;8
915400;SUBMISSION;Mark 55;VELVETFRUIT_EXTRACT;SEASHELLS;5282;7
918800;Mark 55;SUBMISSION;VELVETFRUIT_EXTRACT;SEASHELLS;5285;8
922100;Mark 55;SUBMISSION;VELVETFRUIT_EXTRACT;SEASHELLS;5288;4
924100;SUBMISSION;Mark 55;VELVETFRUIT_EXTRACT;SEASHELLS;5286;6
927200;Mark 55;SUBMISSION;VELVETFRUIT_EXTRACT;SEASHELLS;5282;3
929100;SUBMISSION;Mark 55;VELVETFRUIT_EXTRACT;SEASHELLS;5278;8
929900;Mark 55;SUBMISSION;VELVETFRUIT_EXTRACT;SEASHELLS;5278;7
933200;SUBMISSION;Mark 55;VELVETFRUIT_EXTRACT;SEASHELLS;5276;6
936000;SUBMISSION;Mark 55;VELVETFRUIT_EXTRACT;SEASHELLS;5274;7
936600;SUBMISSION;Mark 55;VELVETFRUIT_EXTRACT;SEASHELLS;5271;8
942700;SUBMISSION;Mark 55;VELVETFRUIT_EXTRACT;SEASHELLS;5270;3
942800;Mark 55;SUBMISSION;VELVETFRUIT_EXTRACT;SEASHELLS;5273;4
945100;Mark 55;SUBMISSION;VELVETFRUIT_EXTRACT;SEASHELLS;5277;8
945400;Mark 55;SUBMISSION;VELVETFRUIT_EXTRACT;SEASHELLS;5278;3
947900;SUBMISSION;Mark 55;VELVETFRUIT_EXTRACT;SEASHELLS;5276;5
948800;Mark 55;SUBMISSION;VELVETFRUIT_EXTRACT;SEASHELLS;5277;7
948900;Mark 55;SUBMISSION;VELVETFRUIT_EXTRACT;SEASHELLS;5277;5
955900;SUBMISSION;Mark 55;VELVETFRUIT_EXTRACT;SEASHELLS;5274;6
957400;SUBMISSION;Mark 55;VELVETFRUIT_EXTRACT;SEASHELLS;5276;5
959100;Mark 55;SUBMISSION;VELVETFRUIT_EXTRACT;SEASHELLS;5273;3
960400;SUBMISSION;Mark 55;VELVETFRUIT_EXTRACT;SEASHELLS;5268;4
963700;Mark 55;SUBMISSION;VELVETFRUIT_EXTRACT;SEASHELLS;5265;7
964300;SUBMISSION;Mark 55;VELVETFRUIT_EXTRACT;SEASHELLS;5265;4
967900;Mark 55;SUBMISSION;VELVETFRUIT_EXTRACT;SEASHELLS;5261;3
968300;Mark 55;SUBMISSION;VELVETFRUIT_EXTRACT;SEASHELLS;5262;8
970000;SUBMISSION;Mark 55;VELVETFRUIT_EXTRACT;SEASHELLS;5261;8
970700;Mark 55;SUBMISSION;VELVETFRUIT_EXTRACT;SEASHELLS;5264;4
972700;Mark 55;SUBMISSION;VELVETFRUIT_EXTRACT;SEASHELLS;5270;8
974300;SUBMISSION;Mark 55;VELVETFRUIT_EXTRACT;SEASHELLS;5267;5
977200;SUBMISSION;Mark 55;VELVETFRUIT_EXTRACT;SEASHELLS;5268;5
978400;Mark 55;SUBMISSION;VELVETFRUIT_EXTRACT;SEASHELLS;5269;8
978600;Mark 55;SUBMISSION;VELVETFRUIT_EXTRACT;SEASHELLS;5271;4
981200;SUBMISSION;Mark 55;VELVETFRUIT_EXTRACT;SEASHELLS;5272;3
985000;SUBMISSION;Mark 55;VELVETFRUIT_EXTRACT;SEASHELLS;5275;4
986100;SUBMISSION;Mark 55;VELVETFRUIT_EXTRACT;SEASHELLS;5278;6
992900;SUBMISSION;Mark 22;VELVETFRUIT_EXTRACT;SEASHELLS;5285;8
995100;Mark 55;SUBMISSION;VELVETFRUIT_EXTRACT;SEASHELLS;5288;7
996300;SUBMISSION;Mark 55;VELVETFRUIT_EXTRACT;SEASHELLS;5291;3
996500;SUBMISSION;Mark 55;VELVETFRUIT_EXTRACT;SEASHELLS;5292;3
998800;;SUBMISSION;VELVETFRUIT_EXTRACT;SEASHELLS;5294;5
