timestamp,buyer,seller,symbol,currency,price,quantity
0,SUBMISSION,,HYDROGEL_PACK,XIREC,9966.0,13
0,SUBMISSION,,HYDROGEL_PACK,XIREC,9968.0,6
100,SUBMISSION,,HYDROGEL_PACK,XIREC,9969.0,15
100,SUBMISSION,,HYDROGEL_PACK,XIREC,9971.0,14
200,SUBMISSION,,HYDROGEL_PACK,XIREC,9969.0,14
200,SUBMISSION,,HYDROGEL_PACK,XIREC,9972.0,21
300,SUBMISSION,,HYDROGEL_PACK,XIREC,9968.0,15
300,SUBMISSION,,HYDROGEL_PACK,XIREC,9971.0,23
400,SUBMISSION,,HYDROGEL_PACK,XIREC,9969.0,10
400,SUBMISSION,,HYDROGEL_PACK,XIREC,9972.0,19
1000,SUBMISSION,,HYDROGEL_PACK,XIREC,9967.0,2
4500,Mark 01,Mark 22,VEV_5400,XIREC,18.0,2
4500,Mark 01,Mark 22,VEV_5500,XIREC,8.0,2
4500,Mark 01,Mark 22,VEV_6000,XIREC,0.0,2
4500,Mark 01,Mark 22,VEV_6500,XIREC,0.0,2
5100,Mark 38,Mark 22,HYDROGEL_PACK,XIREC,9960.0,4
5200,,SUBMISSION,VELVETFRUIT_EXTRACT,XIREC,5251.0,18
5300,Mark 38,Mark 14,VEV_4000,XIREC,1264.0,2
6100,Mark 55,SUBMISSION,VELVETFRUIT_EXTRACT,XIREC,5254.0,3
6200,Mark 38,Mark 14,HYDROGEL_PACK,XIREC,9955.0,5
9400,SUBMISSION,,VELVETFRUIT_EXTRACT,XIREC,5244.0,14
9400,SUBMISSION,Mark 49,VELVETFRUIT_EXTRACT,XIREC,5244.0,8
9600,Mark 01,Mark 22,VEV_5400,XIREC,16.0,4
9600,Mark 01,Mark 22,VEV_5500,XIREC,7.0,4
9600,Mark 01,Mark 22,VEV_6000,XIREC,0.0,4
9600,Mark 01,Mark 22,VEV_6500,XIREC,0.0,4
10300,SUBMISSION,,VELVETFRUIT_EXTRACT,XIREC,5242.0,13
10400,SUBMISSION,,VELVETFRUIT_EXTRACT,XIREC,5240.0,12
10400,SUBMISSION,Mark 49,VELVETFRUIT_EXTRACT,XIREC,5240.0,12
11800,Mark 01,Mark 22,VEV_5500,XIREC,7.0,4
11800,Mark 01,Mark 22,VEV_6000,XIREC,0.0,4
11800,Mark 01,Mark 22,VEV_6500,XIREC,0.0,4
12800,SUBMISSION,,VELVETFRUIT_EXTRACT,XIREC,5241.0,3
12900,SUBMISSION,,VELVETFRUIT_EXTRACT,XIREC,5242.0,1
13100,SUBMISSION,,VELVETFRUIT_EXTRACT,XIREC,5242.0,2
13200,SUBMISSION,,VELVETFRUIT_EXTRACT,XIREC,5242.0,1
13300,SUBMISSION,,VELVETFRUIT_EXTRACT,XIREC,5241.0,4
13400,SUBMISSION,,VELVETFRUIT_EXTRACT,XIREC,5241.0,5
13500,SUBMISSION,,VELVETFRUIT_EXTRACT,XIREC,5241.0,4
13600,SUBMISSION,,VELVETFRUIT_EXTRACT,XIREC,5239.0,8
13700,SUBMISSION,,VELVETFRUIT_EXTRACT,XIREC,5241.0,4
13800,SUBMISSION,,VELVETFRUIT_EXTRACT,XIREC,5241.0,4
13900,SUBMISSION,,VELVETFRUIT_EXTRACT,XIREC,5239.0,8
14000,SUBMISSION,,VELVETFRUIT_EXTRACT,XIREC,5240.0,7
14100,SUBMISSION,,VELVETFRUIT_EXTRACT,XIREC,5239.0,8
14200,SUBMISSION,,VELVETFRUIT_EXTRACT,XIREC,5238.0,10
14300,SUBMISSION,,VELVETFRUIT_EXTRACT,XIREC,5238.0,7
14300,Mark 55,Mark 01,VELVETFRUIT_EXTRACT,XIREC,5238.0,6
14400,SUBMISSION,,VELVETFRUIT_EXTRACT,XIREC,5236.0,7
14800,SUBMISSION,Mark 55,VELVETFRUIT_EXTRACT,XIREC,5233.0,6
14800,SUBMISSION,,VEV_4000,XIREC,1234.0,4
14800,SUBMISSION,,VEV_4500,XIREC,734.0,4
14800,SUBMISSION,,VEV_5000,XIREC,241.0,4
14800,Mark 01,Mark 22,VEV_5300,XIREC,42.0,4
14800,Mark 01,Mark 22,VEV_5400,XIREC,14.0,4
14800,Mark 01,Mark 22,VEV_5500,XIREC,6.0,4
14800,Mark 01,Mark 22,VEV_6000,XIREC,0.0,4
14800,Mark 01,Mark 22,VEV_6500,XIREC,0.0,4
15000,Mark 38,Mark 14,HYDROGEL_PACK,XIREC,9966.0,4
16300,SUBMISSION,,VELVETFRUIT_EXTRACT,XIREC,5231.0,2
16700,SUBMISSION,,VEV_4000,XIREC,1231.0,2
16700,SUBMISSION,,VEV_4500,XIREC,731.0,2
16700,SUBMISSION,,VEV_5000,XIREC,239.0,2
16700,Mark 14,Mark 38,VEV_4000,XIREC,1221.0,2
16700,Mark 01,Mark 22,VEV_5300,XIREC,41.0,2
16700,Mark 01,Mark 22,VEV_5400,XIREC,14.0,2
16700,Mark 01,Mark 22,VEV_5500,XIREC,6.0,2
16700,Mark 01,Mark 22,VEV_6000,XIREC,0.0,2
16700,Mark 01,Mark 22,VEV_6500,XIREC,0.0,2
16900,SUBMISSION,,VELVETFRUIT_EXTRACT,XIREC,5232.0,1
17100,SUBMISSION,,VELVETFRUIT_EXTRACT,XIREC,5230.0,1
17300,Mark 14,Mark 38,VEV_4000,XIREC,1221.0,1
17400,Mark 67,Mark 22,VELVETFRUIT_EXTRACT,XIREC,5230.0,8
17900,Mark 38,SUBMISSION,VEV_4000,XIREC,1242.0,1
18100,SUBMISSION,,VELVETFRUIT_EXTRACT,XIREC,5234.0,2
18300,SUBMISSION,,VELVETFRUIT_EXTRACT,XIREC,5233.0,2
18400,SUBMISSION,,VELVETFRUIT_EXTRACT,XIREC,5232.0,3
18500,SUBMISSION,,VELVETFRUIT_EXTRACT,XIREC,5231.0,4
18700,SUBMISSION,,VELVETFRUIT_EXTRACT,XIREC,5228.0,3
19300,SUBMISSION,Mark 55,VELVETFRUIT_EXTRACT,XIREC,5227.0,5
20200,SUBMISSION,Mark 55,VELVETFRUIT_EXTRACT,XIREC,5225.0,5
22800,SUBMISSION,Mark 38,HYDROGEL_PACK,XIREC,9947.0,6
24100,SUBMISSION,,VELVETFRUIT_EXTRACT,XIREC,5233.0,11
25700,Mark 38,SUBMISSION,VEV_4000,XIREC,1240.0,3
29300,SUBMISSION,Mark 55,VELVETFRUIT_EXTRACT,XIREC,5238.0,4
30800,SUBMISSION,Mark 38,HYDROGEL_PACK,XIREC,9941.0,2
31400,Mark 38,Mark 14,HYDROGEL_PACK,XIREC,9953.0,3
31700,Mark 55,Mark 01,VELVETFRUIT_EXTRACT,XIREC,5237.0,4
32000,SUBMISSION,Mark 38,HYDROGEL_PACK,XIREC,9939.0,5
32600,Mark 55,Mark 01,VELVETFRUIT_EXTRACT,XIREC,5240.0,5
32800,Mark 67,Mark 22,VELVETFRUIT_EXTRACT,XIREC,5238.0,7
33600,SUBMISSION,Mark 38,HYDROGEL_PACK,XIREC,9949.0,6
36200,Mark 38,SUBMISSION,VEV_4000,XIREC,1243.0,2
36200,Mark 38,Mark 14,VEV_4000,XIREC,1244.0,1
36500,SUBMISSION,Mark 55,VELVETFRUIT_EXTRACT,XIREC,5233.0,7
37400,SUBMISSION,Mark 38,HYDROGEL_PACK,XIREC,9937.0,4
38500,SUBMISSION,,VEV_4000,XIREC,1231.0,5
38500,SUBMISSION,,VEV_4500,XIREC,731.0,5
38500,SUBMISSION,,VEV_5000,XIREC,239.0,3
38500,Mark 01,Mark 22,VEV_5500,XIREC,6.0,5
38500,Mark 01,Mark 22,VEV_6000,XIREC,0.0,5
38500,Mark 01,Mark 22,VEV_6500,XIREC,0.0,5
38700,SUBMISSION,Mark 55,VELVETFRUIT_EXTRACT,XIREC,5229.0,6
38700,Mark 01,Mark 55,VELVETFRUIT_EXTRACT,XIREC,5228.0,2
39400,SUBMISSION,,VELVETFRUIT_EXTRACT,XIREC,5233.0,4
39400,Mark 22,Mark 49,VELVETFRUIT_EXTRACT,XIREC,5234.0,5
39400,Mark 67,Mark 49,VELVETFRUIT_EXTRACT,XIREC,5233.0,9
39800,SUBMISSION,Mark 55,VELVETFRUIT_EXTRACT,XIREC,5233.0,4
40400,SUBMISSION,,VEV_4000,XIREC,1233.0,4
40400,SUBMISSION,,VEV_4500,XIREC,733.0,4
40400,SUBMISSION,,VEV_5000,XIREC,240.0,1
40400,Mark 01,Mark 22,VEV_5300,XIREC,41.0,4
40400,Mark 01,Mark 22,VEV_5400,XIREC,14.0,4
40400,Mark 01,Mark 22,VEV_5500,XIREC,6.0,4
40400,Mark 01,Mark 22,VEV_6000,XIREC,0.0,4
40400,Mark 01,Mark 22,VEV_6500,XIREC,0.0,4
40900,SUBMISSION,,VEV_5000,XIREC,242.0,6
40900,Mark 38,Mark 14,HYDROGEL_PACK,XIREC,9951.0,5
41300,Mark 38,Mark 14,HYDROGEL_PACK,XIREC,9953.0,5
43400,SUBMISSION,,VEV_4000,XIREC,1231.0,5
43400,SUBMISSION,,VEV_4500,XIREC,731.0,5
43400,SUBMISSION,,VEV_5000,XIREC,238.0,1
43400,Mark 01,Mark 22,VEV_5400,XIREC,13.0,5
43400,Mark 01,Mark 22,VEV_5500,XIREC,6.0,5
43400,Mark 01,Mark 22,VEV_6000,XIREC,0.0,5
43400,Mark 01,Mark 22,VEV_6500,XIREC,0.0,5
43600,SUBMISSION,Mark 55,VELVETFRUIT_EXTRACT,XIREC,5230.0,2
43600,Mark 01,Mark 55,VELVETFRUIT_EXTRACT,XIREC,5229.0,2
43900,SUBMISSION,Mark 38,HYDROGEL_PACK,XIREC,9953.0,6
45200,SUBMISSION,Mark 38,HYDROGEL_PACK,XIREC,9962.0,2
45400,Mark 67,Mark 22,VELVETFRUIT_EXTRACT,XIREC,5241.0,8
47700,SUBMISSION,Mark 55,VELVETFRUIT_EXTRACT,XIREC,5244.0,2
47700,Mark 01,Mark 55,VELVETFRUIT_EXTRACT,XIREC,5243.0,2
48300,SUBMISSION,Mark 38,HYDROGEL_PACK,XIREC,9961.0,3
48900,SUBMISSION,Mark 55,VELVETFRUIT_EXTRACT,XIREC,5242.0,1
48900,Mark 01,Mark 55,VELVETFRUIT_EXTRACT,XIREC,5241.0,5
49800,SUBMISSION,Mark 55,VELVETFRUIT_EXTRACT,XIREC,5245.0,1
49800,Mark 01,Mark 55,VELVETFRUIT_EXTRACT,XIREC,5244.0,2
50200,Mark 14,Mark 38,VEV_4000,XIREC,1236.0,2
50300,Mark 38,SUBMISSION,VEV_4000,XIREC,1256.0,3
50700,Mark 01,Mark 22,VEV_5400,XIREC,16.0,5
50700,Mark 01,Mark 22,VEV_5500,XIREC,7.0,5
50700,Mark 01,Mark 22,VEV_6000,XIREC,0.0,5
50700,Mark 01,Mark 22,VEV_6500,XIREC,0.0,5
51700,SUBMISSION,Mark 55,VELVETFRUIT_EXTRACT,XIREC,5244.0,1
51700,Mark 14,Mark 55,VELVETFRUIT_EXTRACT,XIREC,5243.0,3
52400,SUBMISSION,Mark 38,HYDROGEL_PACK,XIREC,9962.0,4
52400,Mark 14,Mark 38,HYDROGEL_PACK,XIREC,9961.0,1
52800,Mark 01,Mark 22,VEV_5400,XIREC,16.0,3
52800,Mark 01,Mark 22,VEV_5500,XIREC,7.0,3
52800,Mark 01,Mark 22,VEV_6000,XIREC,0.0,3
52800,Mark 01,Mark 22,VEV_6500,XIREC,0.0,3
53000,SUBMISSION,Mark 38,HYDROGEL_PACK,XIREC,9962.0,3
53000,Mark 14,Mark 38,HYDROGEL_PACK,XIREC,9961.0,1
53400,Mark 14,Mark 22,VEV_5500,XIREC,7.0,2
53400,Mark 01,Mark 22,VEV_6000,XIREC,0.0,2
53400,Mark 01,Mark 22,VEV_6500,XIREC,0.0,2
53800,Mark 38,SUBMISSION,VEV_4000,XIREC,1254.0,2
54400,Mark 14,Mark 38,VEV_4000,XIREC,1234.0,3
57600,Mark 38,SUBMISSION,VEV_4000,XIREC,1256.0,3
59300,SUBMISSION,Mark 38,HYDROGEL_PACK,XIREC,9950.0,2
59300,Mark 14,Mark 38,HYDROGEL_PACK,XIREC,9949.0,2
59600,Mark 14,Mark 55,VELVETFRUIT_EXTRACT,XIREC,5244.0,4
60300,Mark 14,Mark 55,VELVETFRUIT_EXTRACT,XIREC,5245.0,5
61100,Mark 38,Mark 14,HYDROGEL_PACK,XIREC,9961.0,2
61400,Mark 38,Mark 14,HYDROGEL_PACK,XIREC,9962.0,2
62100,Mark 14,Mark 55,VELVETFRUIT_EXTRACT,XIREC,5243.0,6
62600,Mark 38,SUBMISSION,VEV_4000,XIREC,1253.0,1
63100,Mark 38,SUBMISSION,VEV_4000,XIREC,1251.0,3
63200,Mark 38,Mark 14,HYDROGEL_PACK,XIREC,9950.0,5
63200,Mark 14,Mark 55,VELVETFRUIT_EXTRACT,XIREC,5240.0,8
64200,Mark 55,Mark 14,VELVETFRUIT_EXTRACT,XIREC,5245.0,6
64300,SUBMISSION,Mark 38,HYDROGEL_PACK,XIREC,9934.0,2
64300,Mark 14,Mark 38,HYDROGEL_PACK,XIREC,9933.0,2
65400,SUBMISSION,Mark 38,HYDROGEL_PACK,XIREC,9931.0,1
65400,Mark 14,Mark 38,HYDROGEL_PACK,XIREC,9930.0,3
65700,Mark 14,Mark 55,VELVETFRUIT_EXTRACT,XIREC,5240.0,8
65900,SUBMISSION,Mark 38,HYDROGEL_PACK,XIREC,9936.0,1
65900,Mark 14,Mark 38,HYDROGEL_PACK,XIREC,9935.0,1
67700,,SUBMISSION,VELVETFRUIT_EXTRACT,XIREC,5247.0,9
67700,Mark 55,SUBMISSION,VELVETFRUIT_EXTRACT,XIREC,5250.0,4
68000,Mark 38,SUBMISSION,VEV_4000,XIREC,1257.0,2
69500,Mark 14,Mark 38,HYDROGEL_PACK,XIREC,9952.0,2
70500,Mark 14,Mark 38,VEV_4000,XIREC,1232.0,1
73400,SUBMISSION,,VELVETFRUIT_EXTRACT,XIREC,5236.0,4
73400,Mark 22,Mark 49,VELVETFRUIT_EXTRACT,XIREC,5237.0,8
73400,Mark 55,Mark 49,VELVETFRUIT_EXTRACT,XIREC,5236.0,6
73500,Mark 14,Mark 38,HYDROGEL_PACK,XIREC,9966.0,3
74100,SUBMISSION,,VEV_4000,XIREC,1235.0,3
74100,SUBMISSION,,VEV_4500,XIREC,735.0,3
74100,SUBMISSION,,VEV_5000,XIREC,242.0,3
74100,Mark 01,Mark 22,VEV_5300,XIREC,42.0,3
74100,Mark 01,Mark 22,VEV_5400,XIREC,14.0,3
74100,Mark 01,Mark 22,VEV_5500,XIREC,6.0,3
74100,Mark 01,Mark 22,VEV_6000,XIREC,0.0,3
74100,Mark 01,Mark 22,VEV_6500,XIREC,0.0,3
74300,Mark 55,Mark 14,VELVETFRUIT_EXTRACT,XIREC,5238.0,6
74400,SUBMISSION,Mark 55,VELVETFRUIT_EXTRACT,XIREC,5236.0,3
74400,Mark 14,Mark 55,VELVETFRUIT_EXTRACT,XIREC,5235.0,1
76600,Mark 38,Mark 14,HYDROGEL_PACK,XIREC,9995.0,3
77300,Mark 55,Mark 14,VELVETFRUIT_EXTRACT,XIREC,5241.0,8
78300,Mark 14,Mark 38,VEV_4000,XIREC,1229.0,3
78400,Mark 67,Mark 22,VELVETFRUIT_EXTRACT,XIREC,5238.0,7
78500,Mark 38,Mark 14,HYDROGEL_PACK,XIREC,10000.0,4
79000,Mark 14,Mark 38,HYDROGEL_PACK,XIREC,9982.0,3
79800,Mark 38,Mark 14,HYDROGEL_PACK,XIREC,9994.0,6
80700,SUBMISSION,,VEV_5000,XIREC,246.0,6
81300,Mark 14,Mark 38,HYDROGEL_PACK,XIREC,9970.0,6
81500,SUBMISSION,,VEV_5000,XIREC,248.0,14
81700,Mark 38,Mark 14,HYDROGEL_PACK,XIREC,9980.0,3
81900,Mark 38,Mark 14,HYDROGEL_PACK,XIREC,9978.0,2
82300,SUBMISSION,Mark 55,VELVETFRUIT_EXTRACT,XIREC,5236.0,2
82300,Mark 38,Mark 14,HYDROGEL_PACK,XIREC,9977.0,3
82300,Mark 01,Mark 55,VELVETFRUIT_EXTRACT,XIREC,5235.0,1
83200,Mark 55,Mark 01,VELVETFRUIT_EXTRACT,XIREC,5237.0,7
83400,SUBMISSION,,VEV_5000,XIREC,244.0,8
84300,Mark 38,SUBMISSION,VEV_4000,XIREC,1242.0,1
84600,Mark 67,Mark 22,VELVETFRUIT_EXTRACT,XIREC,5233.0,8
85300,SUBMISSION,,VEV_4000,XIREC,1234.0,2
85300,SUBMISSION,,VEV_4500,XIREC,734.0,2
85300,SUBMISSION,,VEV_5000,XIREC,241.0,2
85300,Mark 14,Mark 22,VEV_5300,XIREC,42.0,2
85300,Mark 01,Mark 22,VEV_5400,XIREC,14.0,2
85300,Mark 01,Mark 22,VEV_5500,XIREC,6.0,2
85300,Mark 01,Mark 22,VEV_6000,XIREC,0.0,2
85300,Mark 01,Mark 22,VEV_6500,XIREC,0.0,2
86100,SUBMISSION,,VEV_4000,XIREC,1236.0,5
86100,SUBMISSION,,VEV_4500,XIREC,736.0,5
86100,SUBMISSION,,VEV_5000,XIREC,243.0,5
86100,Mark 01,Mark 22,VEV_5400,XIREC,14.0,5
86100,Mark 01,Mark 22,VEV_5500,XIREC,6.0,5
86100,Mark 01,Mark 22,VEV_6000,XIREC,0.0,5
86100,Mark 01,Mark 22,VEV_6500,XIREC,0.0,5
87900,SUBMISSION,Mark 55,VELVETFRUIT_EXTRACT,XIREC,5240.0,2
87900,Mark 14,Mark 55,VELVETFRUIT_EXTRACT,XIREC,5239.0,1
88500,Mark 67,Mark 22,VELVETFRUIT_EXTRACT,XIREC,5242.0,6
89200,SUBMISSION,,VELVETFRUIT_EXTRACT,XIREC,5241.0,1
89300,Mark 14,Mark 38,VEV_4000,XIREC,1232.0,3
89800,Mark 01,Mark 22,VEV_5300,XIREC,45.0,4
89800,Mark 01,Mark 22,VEV_5400,XIREC,15.0,4
89800,Mark 01,Mark 22,VEV_6000,XIREC,0.0,4
89800,Mark 01,Mark 22,VEV_6500,XIREC,0.0,4
91100,Mark 55,Mark 14,VELVETFRUIT_EXTRACT,XIREC,5244.0,6
92000,Mark 55,Mark 14,VELVETFRUIT_EXTRACT,XIREC,5243.0,8
92100,Mark 14,Mark 38,HYDROGEL_PACK,XIREC,9955.0,4
92500,Mark 14,Mark 38,HYDROGEL_PACK,XIREC,9956.0,2
93700,Mark 55,Mark 01,VELVETFRUIT_EXTRACT,XIREC,5246.0,6
93800,Mark 55,Mark 01,VELVETFRUIT_EXTRACT,XIREC,5246.0,7
94400,Mark 38,Mark 14,HYDROGEL_PACK,XIREC,9974.0,4
97100,Mark 14,Mark 38,HYDROGEL_PACK,XIREC,9950.0,2
98600,Mark 38,Mark 14,HYDROGEL_PACK,XIREC,9962.0,2
99000,Mark 38,Mark 14,HYDROGEL_PACK,XIREC,9961.0,3
100500,Mark 55,Mark 14,VELVETFRUIT_EXTRACT,XIREC,5248.0,4
101200,,SUBMISSION,VELVETFRUIT_EXTRACT,XIREC,5248.0,22
101200,,SUBMISSION,VELVETFRUIT_EXTRACT,XIREC,5247.0,37
101400,Mark 14,Mark 38,HYDROGEL_PACK,XIREC,9936.0,5
101500,Mark 14,Mark 38,HYDROGEL_PACK,XIREC,9935.0,6
102500,Mark 14,Mark 38,VEV_4000,XIREC,1235.0,1
102800,Mark 14,Mark 38,VEV_4000,XIREC,1236.0,1
103100,Mark 38,Mark 14,HYDROGEL_PACK,XIREC,9952.0,4
103500,Mark 14,Mark 38,HYDROGEL_PACK,XIREC,9940.0,3
104400,Mark 55,SUBMISSION,VELVETFRUIT_EXTRACT,XIREC,5251.0,6
105300,,SUBMISSION,VEV_5000,XIREC,257.0,10
105400,,SUBMISSION,VELVETFRUIT_EXTRACT,XIREC,5253.0,4
105400,,SUBMISSION,VEV_5000,XIREC,258.0,11
105500,,SUBMISSION,VELVETFRUIT_EXTRACT,XIREC,5254.0,7
105500,,SUBMISSION,VEV_5000,XIREC,258.0,30
105600,,SUBMISSION,VELVETFRUIT_EXTRACT,XIREC,5255.0,11
105600,,SUBMISSION,VEV_5000,XIREC,260.0,4
105700,,SUBMISSION,VELVETFRUIT_EXTRACT,XIREC,5255.0,12
105800,,SUBMISSION,VELVETFRUIT_EXTRACT,XIREC,5256.0,14
105900,,SUBMISSION,VELVETFRUIT_EXTRACT,XIREC,5255.0,10
106000,,SUBMISSION,VELVETFRUIT_EXTRACT,XIREC,5256.0,16
106100,,SUBMISSION,VELVETFRUIT_EXTRACT,XIREC,5255.0,10
106200,,SUBMISSION,VELVETFRUIT_EXTRACT,XIREC,5256.0,14
106300,,SUBMISSION,VELVETFRUIT_EXTRACT,XIREC,5257.0,17
106400,,SUBMISSION,VELVETFRUIT_EXTRACT,XIREC,5256.0,15
106500,,SUBMISSION,VELVETFRUIT_EXTRACT,XIREC,5257.0,17
106600,,SUBMISSION,VELVETFRUIT_EXTRACT,XIREC,5259.0,9
106600,,SUBMISSION,VELVETFRUIT_EXTRACT,XIREC,5256.0,11
106700,,SUBMISSION,VELVETFRUIT_EXTRACT,XIREC,5257.0,17
106800,,SUBMISSION,VELVETFRUIT_EXTRACT,XIREC,5257.0,17
106900,,SUBMISSION,VELVETFRUIT_EXTRACT,XIREC,5256.0,8
107000,,SUBMISSION,VELVETFRUIT_EXTRACT,XIREC,5257.0,17
107100,,SUBMISSION,VELVETFRUIT_EXTRACT,XIREC,5257.0,18
107100,Mark 14,Mark 38,HYDROGEL_PACK,XIREC,9952.0,5
107200,,SUBMISSION,VELVETFRUIT_EXTRACT,XIREC,5260.0,21
107200,,SUBMISSION,VELVETFRUIT_EXTRACT,XIREC,5259.0,4
107200,,SUBMISSION,VEV_5000,XIREC,264.0,2
107300,,SUBMISSION,VEV_5000,XIREC,264.0,23
107300,,SUBMISSION,VEV_5100,XIREC,176.0,3
107400,,SUBMISSION,VELVETFRUIT_EXTRACT,XIREC,5262.0,5
107400,,SUBMISSION,VEV_5000,XIREC,265.0,6
107400,,SUBMISSION,VEV_5000,XIREC,264.0,13
107400,,SUBMISSION,VEV_5100,XIREC,176.0,5
107500,,SUBMISSION,VEV_5000,XIREC,264.0,6
107500,,SUBMISSION,VEV_5000,XIREC,263.0,20
107600,,SUBMISSION,VEV_5000,XIREC,263.0,22
107700,,SUBMISSION,VEV_5000,XIREC,264.0,25
107700,,SUBMISSION,VEV_5100,XIREC,176.0,1
107800,,SUBMISSION,VEV_5000,XIREC,265.0,11
107800,,SUBMISSION,VEV_5000,XIREC,264.0,18
107900,Mark 55,SUBMISSION,VELVETFRUIT_EXTRACT,XIREC,5266.0,3
107900,,SUBMISSION,VEV_5000,XIREC,266.0,9
107900,,SUBMISSION,VEV_5000,XIREC,265.0,18
107900,,SUBMISSION,VEV_5100,XIREC,177.0,3
108000,,SUBMISSION,VEV_5000,XIREC,264.0,23
108000,,SUBMISSION,VEV_5100,XIREC,176.0,2
108100,,SUBMISSION,VEV_5000,XIREC,264.0,10
108100,,SUBMISSION,VEV_5000,XIREC,263.0,12
108200,,SUBMISSION,VEV_5000,XIREC,265.0,2
108200,,SUBMISSION,VEV_5000,XIREC,265.0,2
108200,,SUBMISSION,VEV_5100,XIREC,177.0,6
108200,,SUBMISSION,VEV_5100,XIREC,176.0,15
108200,,SUBMISSION,VEV_5200,XIREC,105.0,3
108300,,SUBMISSION,VEV_5100,XIREC,176.0,10
108300,,SUBMISSION,VEV_5100,XIREC,175.0,13
108400,,SUBMISSION,VEV_4000,XIREC,1263.0,3
108400,,SUBMISSION,VEV_4500,XIREC,763.0,3
108400,,SUBMISSION,VEV_5100,XIREC,179.0,3
108400,,SUBMISSION,VEV_5100,XIREC,177.0,20
108500,,SUBMISSION,VEV_5100,XIREC,178.0,12
108500,,SUBMISSION,VEV_5100,XIREC,177.0,18
108600,,SUBMISSION,VEV_5100,XIREC,178.0,8
108600,,SUBMISSION,VEV_5100,XIREC,177.0,18
108600,,SUBMISSION,VEV_5200,XIREC,105.0,4
108700,,SUBMISSION,VEV_5100,XIREC,178.0,7
108700,,SUBMISSION,VEV_5100,XIREC,177.0,21
108700,,SUBMISSION,VEV_5200,XIREC,105.0,2
108800,,SUBMISSION,VELVETFRUIT_EXTRACT,XIREC,5264.0,5
108800,,SUBMISSION,VEV_5000,XIREC,268.0,3
108800,,SUBMISSION,VEV_5000,XIREC,268.0,3
108800,,SUBMISSION,VEV_5200,XIREC,107.0,12
108800,,SUBMISSION,VEV_5200,XIREC,106.0,12
108900,,SUBMISSION,VEV_5200,XIREC,106.0,20
108900,,SUBMISSION,VEV_5300,XIREC,53.0,15
109000,,SUBMISSION,VELVETFRUIT_EXTRACT,XIREC,5264.0,16
109000,,SUBMISSION,VEV_5200,XIREC,107.0,11
109000,,SUBMISSION,VEV_5200,XIREC,106.0,16
109000,,SUBMISSION,VEV_5300,XIREC,54.0,2
109000,Mark 67,Mark 49,VELVETFRUIT_EXTRACT,XIREC,5265.0,12
109100,,SUBMISSION,VEV_5200,XIREC,107.0,22
109100,,SUBMISSION,VEV_5300,XIREC,54.0,12
109100,Mark 14,Mark 38,HYDROGEL_PACK,XIREC,9957.0,2
109200,,SUBMISSION,VEV_5200,XIREC,106.0,11
109200,,SUBMISSION,VEV_5300,XIREC,53.0,18
109300,,SUBMISSION,VEV_5200,XIREC,107.0,2
109300,,SUBMISSION,VEV_5300,XIREC,54.0,18
109400,,SUBMISSION,VEV_5300,XIREC,55.0,9
109400,,SUBMISSION,VEV_5300,XIREC,54.0,18
110100,Mark 01,Mark 55,VELVETFRUIT_EXTRACT,XIREC,5265.0,4
112000,Mark 14,Mark 55,VELVETFRUIT_EXTRACT,XIREC,5260.0,3
112700,Mark 14,Mark 38,HYDROGEL_PACK,XIREC,9948.0,2
113900,Mark 38,Mark 14,HYDROGEL_PACK,XIREC,9956.0,2
115500,Mark 14,Mark 38,HYDROGEL_PACK,XIREC,9937.0,3
118800,Mark 14,Mark 55,VELVETFRUIT_EXTRACT,XIREC,5257.0,3
119400,Mark 38,Mark 14,HYDROGEL_PACK,XIREC,9962.0,3
120300,Mark 01,Mark 22,VEV_5400,XIREC,18.0,4
120300,Mark 01,Mark 22,VEV_5500,XIREC,8.0,4
120300,Mark 01,Mark 22,VEV_6000,XIREC,0.0,4
120300,Mark 01,Mark 22,VEV_6500,XIREC,0.0,4
120700,Mark 38,Mark 14,HYDROGEL_PACK,XIREC,9958.0,2
123300,Mark 01,Mark 55,VELVETFRUIT_EXTRACT,XIREC,5262.0,7
125100,,SUBMISSION,VEV_4000,XIREC,1264.0,5
125100,,SUBMISSION,VEV_4500,XIREC,764.0,5
125600,Mark 55,SUBMISSION,VELVETFRUIT_EXTRACT,XIREC,5264.0,3
126000,Mark 38,Mark 14,HYDROGEL_PACK,XIREC,9953.0,4
127200,Mark 01,Mark 22,VEV_5500,XIREC,8.0,3
127200,Mark 01,Mark 22,VEV_6000,XIREC,0.0,3
127200,Mark 01,Mark 22,VEV_6500,XIREC,0.0,3
129100,Mark 38,SUBMISSION,VEV_4000,XIREC,1274.0,1
129100,Mark 38,Mark 14,VEV_4000,XIREC,1275.0,2
129500,Mark 38,Mark 14,HYDROGEL_PACK,XIREC,9967.0,6
129800,Mark 14,Mark 38,HYDROGEL_PACK,XIREC,9951.0,4
130800,Mark 14,Mark 38,HYDROGEL_PACK,XIREC,9946.0,5
131300,Mark 49,Mark 55,VELVETFRUIT_EXTRACT,XIREC,5265.0,5
131800,Mark 01,Mark 55,VELVETFRUIT_EXTRACT,XIREC,5261.0,5
132600,Mark 67,SUBMISSION,VELVETFRUIT_EXTRACT,XIREC,5262.0,8
132600,Mark 67,Mark 49,VELVETFRUIT_EXTRACT,XIREC,5263.0,2
133100,Mark 14,Mark 38,VEV_4000,XIREC,1253.0,3
133700,Mark 14,Mark 38,HYDROGEL_PACK,XIREC,9948.0,4
134000,Mark 14,Mark 55,VELVETFRUIT_EXTRACT,XIREC,5264.0,8
134500,Mark 14,Mark 38,HYDROGEL_PACK,XIREC,9944.0,6
135200,Mark 55,SUBMISSION,VELVETFRUIT_EXTRACT,XIREC,5263.0,7
135200,Mark 55,Mark 01,VELVETFRUIT_EXTRACT,XIREC,5264.0,1
135500,Mark 14,Mark 55,VELVETFRUIT_EXTRACT,XIREC,5257.0,7
135900,Mark 01,Mark 22,VEV_5300,XIREC,52.0,3
135900,Mark 01,Mark 22,VEV_5400,XIREC,19.0,3
135900,Mark 01,Mark 22,VEV_5500,XIREC,8.0,3
135900,Mark 01,Mark 22,VEV_6000,XIREC,0.0,3
135900,Mark 01,Mark 22,VEV_6500,XIREC,0.0,3
137000,Mark 14,Mark 38,VEV_4000,XIREC,1252.0,3
137300,Mark 14,Mark 38,VEV_4000,XIREC,1251.0,3
137600,Mark 38,Mark 14,VEV_4000,XIREC,1269.0,3
137800,Mark 14,Mark 38,HYDROGEL_PACK,XIREC,9942.0,3
138000,Mark 01,Mark 55,VELVETFRUIT_EXTRACT,XIREC,5254.0,7
138100,Mark 38,Mark 14,HYDROGEL_PACK,XIREC,9959.0,2
139700,Mark 67,SUBMISSION,VELVETFRUIT_EXTRACT,XIREC,5256.0,4
139700,Mark 67,Mark 22,VELVETFRUIT_EXTRACT,XIREC,5257.0,4
140000,Mark 55,SUBMISSION,VELVETFRUIT_EXTRACT,XIREC,5260.0,4
140000,Mark 55,Mark 14,VELVETFRUIT_EXTRACT,XIREC,5261.0,1
140100,Mark 55,SUBMISSION,VELVETFRUIT_EXTRACT,XIREC,5259.0,2
140100,Mark 55,Mark 14,VELVETFRUIT_EXTRACT,XIREC,5260.0,2
141000,Mark 55,SUBMISSION,VELVETFRUIT_EXTRACT,XIREC,5259.0,1
141000,Mark 55,Mark 14,VELVETFRUIT_EXTRACT,XIREC,5260.0,3
142000,Mark 55,SUBMISSION,VELVETFRUIT_EXTRACT,XIREC,5261.0,1
142000,Mark 55,Mark 14,VELVETFRUIT_EXTRACT,XIREC,5262.0,5
144500,Mark 01,Mark 55,VELVETFRUIT_EXTRACT,XIREC,5258.0,5
145500,Mark 01,Mark 22,VEV_5400,XIREC,19.0,2
145500,Mark 01,Mark 22,VEV_5500,XIREC,8.0,2
145500,Mark 01,Mark 22,VEV_6000,XIREC,0.0,2
145500,Mark 01,Mark 22,VEV_6500,XIREC,0.0,2
145600,Mark 38,Mark 14,HYDROGEL_PACK,XIREC,9962.0,5
146500,Mark 38,Mark 14,HYDROGEL_PACK,XIREC,9963.0,6
146700,Mark 14,Mark 55,VELVETFRUIT_EXTRACT,XIREC,5260.0,7
147900,Mark 14,Mark 38,VEV_4000,XIREC,1256.0,1
148000,Mark 38,Mark 14,HYDROGEL_PACK,XIREC,9972.0,3
148300,Mark 22,Mark 55,VELVETFRUIT_EXTRACT,XIREC,5265.0,4
148800,,SUBMISSION,VELVETFRUIT_EXTRACT,XIREC,5262.0,1
150600,Mark 01,Mark 22,VEV_5300,XIREC,53.0,2
150600,Mark 01,Mark 22,VEV_5400,XIREC,20.0,2
150600,Mark 01,Mark 22,VEV_5500,XIREC,8.0,2
150600,Mark 01,Mark 22,VEV_6000,XIREC,0.0,2
150600,Mark 01,Mark 22,VEV_6500,XIREC,0.0,2
150700,Mark 55,SUBMISSION,VELVETFRUIT_EXTRACT,XIREC,5267.0,1
150700,Mark 55,Mark 01,VELVETFRUIT_EXTRACT,XIREC,5268.0,6
151100,Mark 14,Mark 38,HYDROGEL_PACK,XIREC,9945.0,4
151200,Mark 14,Mark 38,HYDROGEL_PACK,XIREC,9944.0,6
151400,Mark 01,Mark 55,VELVETFRUIT_EXTRACT,XIREC,5261.0,7
152700,Mark 14,Mark 38,HYDROGEL_PACK,XIREC,9944.0,5
153000,Mark 01,Mark 22,VEV_5400,XIREC,18.0,4
153000,Mark 01,Mark 22,VEV_5500,XIREC,7.0,4
153000,Mark 01,Mark 22,VEV_6000,XIREC,0.0,4
153000,Mark 01,Mark 22,VEV_6500,XIREC,0.0,4
154100,Mark 14,Mark 38,VEV_4000,XIREC,1242.0,3
155500,SUBMISSION,,VELVETFRUIT_EXTRACT,XIREC,5251.0,22
155900,Mark 38,Mark 14,HYDROGEL_PACK,XIREC,9966.0,4
156200,Mark 14,Mark 38,VEV_4000,XIREC,1237.0,1
156400,Mark 14,Mark 38,HYDROGEL_PACK,XIREC,9949.0,6
159900,Mark 14,Mark 38,HYDROGEL_PACK,XIREC,9961.0,3
160600,,SUBMISSION,VELVETFRUIT_EXTRACT,XIREC,5252.0,5
161200,Mark 14,Mark 38,HYDROGEL_PACK,XIREC,9956.0,6
163300,Mark 67,SUBMISSION,VELVETFRUIT_EXTRACT,XIREC,5253.0,4
163300,Mark 67,Mark 22,VELVETFRUIT_EXTRACT,XIREC,5254.0,6
164000,Mark 14,Mark 55,VELVETFRUIT_EXTRACT,XIREC,5251.0,5
164300,Mark 38,Mark 14,HYDROGEL_PACK,XIREC,9973.0,5
165500,Mark 49,Mark 55,VELVETFRUIT_EXTRACT,XIREC,5250.0,4
167300,Mark 14,Mark 38,HYDROGEL_PACK,XIREC,9957.0,3
167600,Mark 01,Mark 55,VELVETFRUIT_EXTRACT,XIREC,5249.0,6
167600,Mark 14,Mark 38,VEV_4000,XIREC,1242.0,2
168400,SUBMISSION,Mark 55,VELVETFRUIT_EXTRACT,XIREC,5248.0,3
168500,Mark 38,Mark 14,VEV_4000,XIREC,1261.0,2
168700,Mark 38,Mark 14,VEV_4000,XIREC,1260.0,1
170400,Mark 01,Mark 22,VEV_5400,XIREC,17.0,5
170400,Mark 01,Mark 22,VEV_5500,XIREC,7.0,5
170400,Mark 01,Mark 22,VEV_6000,XIREC,0.0,5
170400,Mark 01,Mark 22,VEV_6500,XIREC,0.0,5
170500,Mark 14,Mark 22,VEV_5300,XIREC,46.0,3
170500,Mark 01,Mark 22,VEV_5500,XIREC,7.0,3
170500,Mark 01,Mark 22,VEV_6000,XIREC,0.0,3
170500,Mark 01,Mark 22,VEV_6500,XIREC,0.0,3
170900,Mark 38,Mark 14,VEV_4000,XIREC,1260.0,3
171400,Mark 38,Mark 14,HYDROGEL_PACK,XIREC,9992.0,6
171700,SUBMISSION,Mark 55,VELVETFRUIT_EXTRACT,XIREC,5248.0,7
172400,Mark 14,Mark 38,VEV_4000,XIREC,1238.0,1
172500,Mark 01,Mark 22,VEV_5300,XIREC,46.0,5
172500,Mark 01,Mark 22,VEV_5400,XIREC,17.0,5
172500,Mark 01,Mark 22,VEV_5500,XIREC,7.0,5
172500,Mark 01,Mark 22,VEV_6000,XIREC,0.0,5
172500,Mark 01,Mark 22,VEV_6500,XIREC,0.0,5
174200,Mark 38,Mark 14,HYDROGEL_PACK,XIREC,9988.0,5
174400,Mark 38,Mark 14,HYDROGEL_PACK,XIREC,9991.0,6
178000,Mark 14,Mark 38,HYDROGEL_PACK,XIREC,9988.0,3
179200,SUBMISSION,Mark 55,VELVETFRUIT_EXTRACT,XIREC,5244.0,4
179500,SUBMISSION,,VELVETFRUIT_EXTRACT,XIREC,5246.0,1
180100,Mark 55,Mark 01,VELVETFRUIT_EXTRACT,XIREC,5248.0,3
181300,,SUBMISSION,HYDROGEL_PACK,XIREC,10000.0,13
181900,SUBMISSION,,VELVETFRUIT_EXTRACT,XIREC,5246.0,3
181900,SUBMISSION,,VEV_5000,XIREC,252.0,11
182000,SUBMISSION,,VELVETFRUIT_EXTRACT,XIREC,5245.0,6
182100,SUBMISSION,,VELVETFRUIT_EXTRACT,XIREC,5246.0,3
182100,SUBMISSION,,VEV_5000,XIREC,252.0,11
182100,Mark 14,Mark 38,HYDROGEL_PACK,XIREC,10012.0,3
182200,SUBMISSION,,VELVETFRUIT_EXTRACT,XIREC,5246.0,3
182300,SUBMISSION,,VELVETFRUIT_EXTRACT,XIREC,5246.0,3
182300,SUBMISSION,,VEV_5000,XIREC,252.0,10
182800,Mark 14,Mark 38,HYDROGEL_PACK,XIREC,10010.0,5
184000,SUBMISSION,,VELVETFRUIT_EXTRACT,XIREC,5245.0,7
184100,SUBMISSION,,VELVETFRUIT_EXTRACT,XIREC,5244.0,11
184100,SUBMISSION,,VEV_5000,XIREC,250.0,6
184200,SUBMISSION,,VELVETFRUIT_EXTRACT,XIREC,5243.0,15
184200,Mark 38,Mark 14,VEV_4000,XIREC,1251.0,3
184300,SUBMISSION,,VELVETFRUIT_EXTRACT,XIREC,5243.0,15
184400,SUBMISSION,,VELVETFRUIT_EXTRACT,XIREC,5243.0,15
184500,SUBMISSION,,VELVETFRUIT_EXTRACT,XIREC,5244.0,11
184500,SUBMISSION,,VEV_5000,XIREC,250.0,8
184600,SUBMISSION,,VELVETFRUIT_EXTRACT,XIREC,5244.0,11
184700,SUBMISSION,,VELVETFRUIT_EXTRACT,XIREC,5244.0,11
184800,SUBMISSION,,VELVETFRUIT_EXTRACT,XIREC,5240.0,6
184800,SUBMISSION,,VELVETFRUIT_EXTRACT,XIREC,5243.0,15
184900,SUBMISSION,,VELVETFRUIT_EXTRACT,XIREC,5242.0,19
184900,SUBMISSION,,VEV_5000,XIREC,248.0,6
185000,SUBMISSION,,VELVETFRUIT_EXTRACT,XIREC,5244.0,11
185000,SUBMISSION,,VEV_5000,XIREC,250.0,11
185100,SUBMISSION,,VELVETFRUIT_EXTRACT,XIREC,5242.0,19
185100,SUBMISSION,,VEV_5000,XIREC,248.0,6
185200,SUBMISSION,,VELVETFRUIT_EXTRACT,XIREC,5243.0,11
185200,SUBMISSION,,VEV_5000,XIREC,249.0,11
185300,SUBMISSION,,VELVETFRUIT_EXTRACT,XIREC,5241.0,22
185400,,SUBMISSION,HYDROGEL_PACK,XIREC,10017.0,2
185400,SUBMISSION,,VELVETFRUIT_EXTRACT,XIREC,5239.0,23
185400,SUBMISSION,,VELVETFRUIT_EXTRACT,XIREC,5240.0,7
185500,,SUBMISSION,HYDROGEL_PACK,XIREC,10018.0,3
185500,SUBMISSION,,VELVETFRUIT_EXTRACT,XIREC,5239.0,15
185500,SUBMISSION,,VELVETFRUIT_EXTRACT,XIREC,5240.0,15
185600,,SUBMISSION,HYDROGEL_PACK,XIREC,10023.0,8
185600,SUBMISSION,,VELVETFRUIT_EXTRACT,XIREC,5240.0,18
185600,SUBMISSION,,VELVETFRUIT_EXTRACT,XIREC,5241.0,8
185700,,SUBMISSION,HYDROGEL_PACK,XIREC,10023.0,8
185700,SUBMISSION,,VELVETFRUIT_EXTRACT,XIREC,5240.0,3
185800,,SUBMISSION,HYDROGEL_PACK,XIREC,10024.0,9
185800,Mark 38,SUBMISSION,HYDROGEL_PACK,XIREC,10039.0,4
185900,,SUBMISSION,HYDROGEL_PACK,XIREC,10024.0,9
185900,SUBMISSION,,VELVETFRUIT_EXTRACT,XIREC,5240.0,2
186000,,SUBMISSION,HYDROGEL_PACK,XIREC,10023.0,8
186000,SUBMISSION,,VEV_5000,XIREC,245.0,9
186000,SUBMISSION,,VEV_5000,XIREC,246.0,15
186100,,SUBMISSION,HYDROGEL_PACK,XIREC,10022.0,7
186100,SUBMISSION,,VELVETFRUIT_EXTRACT,XIREC,5235.0,6
186100,SUBMISSION,,VELVETFRUIT_EXTRACT,XIREC,5238.0,6
186200,,SUBMISSION,HYDROGEL_PACK,XIREC,10017.0,2
186400,,SUBMISSION,HYDROGEL_PACK,XIREC,10017.0,2
186500,,SUBMISSION,HYDROGEL_PACK,XIREC,10021.0,6
186600,,SUBMISSION,HYDROGEL_PACK,XIREC,10020.0,5
186700,,SUBMISSION,HYDROGEL_PACK,XIREC,10022.0,7
186800,,SUBMISSION,HYDROGEL_PACK,XIREC,10020.0,5
186800,SUBMISSION,,VEV_5000,XIREC,246.0,20
186900,,SUBMISSION,HYDROGEL_PACK,XIREC,10020.0,5
187000,,SUBMISSION,HYDROGEL_PACK,XIREC,10022.0,7
187100,,SUBMISSION,HYDROGEL_PACK,XIREC,10021.0,6
187200,,SUBMISSION,HYDROGEL_PACK,XIREC,10022.0,7
187300,,SUBMISSION,HYDROGEL_PACK,XIREC,10022.0,7
187400,,SUBMISSION,HYDROGEL_PACK,XIREC,10019.0,4
187400,Mark 55,Mark 01,VELVETFRUIT_EXTRACT,XIREC,5235.0,8
187500,,SUBMISSION,HYDROGEL_PACK,XIREC,10018.0,3
187500,SUBMISSION,,VELVETFRUIT_EXTRACT,XIREC,5234.0,2
187600,,SUBMISSION,HYDROGEL_PACK,XIREC,10016.0,1
187600,Mark 55,Mark 01,VELVETFRUIT_EXTRACT,XIREC,5235.0,5
187700,,SUBMISSION,HYDROGEL_PACK,XIREC,10017.0,2
187800,,SUBMISSION,HYDROGEL_PACK,XIREC,10018.0,3
187900,,SUBMISSION,HYDROGEL_PACK,XIREC,10017.0,2
188000,,SUBMISSION,HYDROGEL_PACK,XIREC,10018.0,3
188100,,SUBMISSION,HYDROGEL_PACK,XIREC,10021.0,6
188200,,SUBMISSION,HYDROGEL_PACK,XIREC,10022.0,8
188300,,SUBMISSION,HYDROGEL_PACK,XIREC,10020.0,6
188400,,SUBMISSION,HYDROGEL_PACK,XIREC,10021.0,6
188400,Mark 14,Mark 38,HYDROGEL_PACK,XIREC,10021.0,4
188500,,SUBMISSION,HYDROGEL_PACK,XIREC,10021.0,6
188600,,SUBMISSION,HYDROGEL_PACK,XIREC,10022.0,7
188700,,SUBMISSION,HYDROGEL_PACK,XIREC,10023.0,8
188800,,SUBMISSION,HYDROGEL_PACK,XIREC,10021.0,6
188800,SUBMISSION,Mark 55,VELVETFRUIT_EXTRACT,XIREC,5233.0,6
188800,SUBMISSION,,VEV_5000,XIREC,242.0,11
188900,,SUBMISSION,HYDROGEL_PACK,XIREC,10018.0,3
189000,,SUBMISSION,HYDROGEL_PACK,XIREC,10019.0,4
189100,,SUBMISSION,HYDROGEL_PACK,XIREC,10020.0,5
189200,,SUBMISSION,HYDROGEL_PACK,XIREC,10022.0,7
189300,,SUBMISSION,HYDROGEL_PACK,XIREC,10025.0,10
189400,,SUBMISSION,HYDROGEL_PACK,XIREC,10026.0,11
189500,,SUBMISSION,HYDROGEL_PACK,XIREC,10023.0,9
189600,,SUBMISSION,HYDROGEL_PACK,XIREC,10026.0,10
189600,,SUBMISSION,HYDROGEL_PACK,XIREC,10023.0,1
189700,,SUBMISSION,HYDROGEL_PACK,XIREC,10022.0,7
189800,,SUBMISSION,HYDROGEL_PACK,XIREC,10022.0,7
189900,,SUBMISSION,HYDROGEL_PACK,XIREC,10022.0,7
189900,SUBMISSION,,VEV_5000,XIREC,248.0,6
190000,,SUBMISSION,HYDROGEL_PACK,XIREC,10019.0,4
190100,,SUBMISSION,HYDROGEL_PACK,XIREC,10018.0,3
190100,SUBMISSION,,VEV_4000,XIREC,1238.0,3
190100,SUBMISSION,,VEV_4500,XIREC,738.0,3
190100,SUBMISSION,,VEV_5000,XIREC,244.0,3
190100,Mark 01,Mark 22,VEV_5300,XIREC,42.0,3
190100,Mark 01,Mark 22,VEV_5400,XIREC,15.0,3
190100,Mark 01,Mark 22,VEV_5500,XIREC,6.0,3
190100,Mark 01,Mark 22,VEV_6000,XIREC,0.0,3
190100,Mark 01,Mark 22,VEV_6500,XIREC,0.0,3
190200,,SUBMISSION,HYDROGEL_PACK,XIREC,10019.0,4
190200,SUBMISSION,,VEV_5000,XIREC,246.0,9
190300,,SUBMISSION,HYDROGEL_PACK,XIREC,10018.0,3
190400,,SUBMISSION,HYDROGEL_PACK,XIREC,10018.0,3
190500,,SUBMISSION,HYDROGEL_PACK,XIREC,10018.0,3
190600,SUBMISSION,Mark 55,VELVETFRUIT_EXTRACT,XIREC,5235.0,6
190700,,SUBMISSION,HYDROGEL_PACK,XIREC,10019.0,2
190700,Mark 55,Mark 14,VELVETFRUIT_EXTRACT,XIREC,5239.0,3
190800,,SUBMISSION,HYDROGEL_PACK,XIREC,10020.0,1
191000,,SUBMISSION,HYDROGEL_PACK,XIREC,10026.0,4
191100,SUBMISSION,Mark 55,VELVETFRUIT_EXTRACT,XIREC,5238.0,8
191900,SUBMISSION,,VEV_5000,XIREC,248.0,6
192600,SUBMISSION,Mark 55,VELVETFRUIT_EXTRACT,XIREC,5232.0,3
192800,Mark 14,Mark 38,HYDROGEL_PACK,XIREC,10007.0,5
193400,Mark 38,SUBMISSION,HYDROGEL_PACK,XIREC,10025.0,4
193600,SUBMISSION,,VEV_5000,XIREC,246.0,13
194200,Mark 38,SUBMISSION,VEV_4000,XIREC,1246.0,2
194400,SUBMISSION,Mark 55,VELVETFRUIT_EXTRACT,XIREC,5235.0,5
195200,Mark 55,Mark 14,VELVETFRUIT_EXTRACT,XIREC,5236.0,3
195600,SUBMISSION,,VEV_4000,XIREC,1235.0,3
195600,SUBMISSION,,VEV_4500,XIREC,735.0,3
195600,SUBMISSION,,VEV_5000,XIREC,241.0,3
195600,Mark 01,Mark 22,VEV_5300,XIREC,41.0,3
195600,Mark 01,Mark 22,VEV_5400,XIREC,14.0,3
195600,Mark 01,Mark 22,VEV_5500,XIREC,6.0,3
195600,Mark 01,Mark 22,VEV_6000,XIREC,0.0,3
195600,Mark 01,Mark 22,VEV_6500,XIREC,0.0,3
196100,Mark 55,Mark 14,VELVETFRUIT_EXTRACT,XIREC,5236.0,5
196700,Mark 14,Mark 38,VEV_4000,XIREC,1225.0,1
197000,SUBMISSION,,VELVETFRUIT_EXTRACT,XIREC,5235.0,6
197300,SUBMISSION,,VEV_5000,XIREC,246.0,8
197600,SUBMISSION,,VELVETFRUIT_EXTRACT,XIREC,5237.0,4
197600,Mark 67,Mark 49,VELVETFRUIT_EXTRACT,XIREC,5237.0,9
197800,SUBMISSION,,VEV_5000,XIREC,248.0,8
198200,SUBMISSION,,VEV_5000,XIREC,248.0,8
198800,SUBMISSION,,VEV_5000,XIREC,250.0,7
198900,Mark 55,Mark 14,VELVETFRUIT_EXTRACT,XIREC,5243.0,5
199200,Mark 55,Mark 14,VELVETFRUIT_EXTRACT,XIREC,5243.0,5
199400,Mark 38,SUBMISSION,HYDROGEL_PACK,XIREC,10028.0,3
199700,SUBMISSION,,VEV_5000,XIREC,248.0,10
202300,Mark 38,SUBMISSION,VEV_4000,XIREC,1251.0,3
202700,Mark 38,SUBMISSION,HYDROGEL_PACK,XIREC,10032.0,5
203200,Mark 14,Mark 38,HYDROGEL_PACK,XIREC,10014.0,6
203400,SUBMISSION,,VEV_5000,XIREC,250.0,3
203600,SUBMISSION,,VEV_5000,XIREC,249.0,5
203700,Mark 55,Mark 14,VELVETFRUIT_EXTRACT,XIREC,5241.0,3
205400,SUBMISSION,,VELVETFRUIT_EXTRACT,XIREC,5243.0,2
206200,Mark 14,Mark 22,VEV_5400,XIREC,16.0,3
206200,Mark 01,Mark 22,VEV_6000,XIREC,0.0,3
206200,Mark 01,Mark 22,VEV_6500,XIREC,0.0,3
206600,Mark 38,SUBMISSION,VEV_4000,XIREC,1254.0,1
206800,SUBMISSION,Mark 55,VELVETFRUIT_EXTRACT,XIREC,5242.0,2
206800,Mark 01,Mark 55,VELVETFRUIT_EXTRACT,XIREC,5241.0,4
207600,Mark 55,SUBMISSION,VELVETFRUIT_EXTRACT,XIREC,5250.0,4
210300,Mark 14,Mark 55,VELVETFRUIT_EXTRACT,XIREC,5250.0,5
210600,SUBMISSION,Mark 38,HYDROGEL_PACK,XIREC,9991.0,5
211100,SUBMISSION,Mark 38,HYDROGEL_PACK,XIREC,9997.0,6
211900,,SUBMISSION,VELVETFRUIT_EXTRACT,XIREC,5254.0,7
212000,,SUBMISSION,VELVETFRUIT_EXTRACT,XIREC,5253.0,4
212300,,SUBMISSION,VELVETFRUIT_EXTRACT,XIREC,5253.0,4
212400,,SUBMISSION,VELVETFRUIT_EXTRACT,XIREC,5253.0,4
212500,,SUBMISSION,VELVETFRUIT_EXTRACT,XIREC,5254.0,7
212600,,SUBMISSION,VELVETFRUIT_EXTRACT,XIREC,5254.0,8
212700,,SUBMISSION,VELVETFRUIT_EXTRACT,XIREC,5254.0,7
212800,,SUBMISSION,VELVETFRUIT_EXTRACT,XIREC,5255.0,10
212900,,SUBMISSION,VELVETFRUIT_EXTRACT,XIREC,5256.0,15
213000,,SUBMISSION,VELVETFRUIT_EXTRACT,XIREC,5255.0,10
213100,,SUBMISSION,VELVETFRUIT_EXTRACT,XIREC,5254.0,7
213200,,SUBMISSION,VELVETFRUIT_EXTRACT,XIREC,5256.0,13
213300,,SUBMISSION,VELVETFRUIT_EXTRACT,XIREC,5254.0,7
213400,,SUBMISSION,VELVETFRUIT_EXTRACT,XIREC,5253.0,4
213500,,SUBMISSION,VELVETFRUIT_EXTRACT,XIREC,5254.0,7
213600,,SUBMISSION,VELVETFRUIT_EXTRACT,XIREC,5254.0,7
213700,,SUBMISSION,VELVETFRUIT_EXTRACT,XIREC,5254.0,7
213700,Mark 55,SUBMISSION,VELVETFRUIT_EXTRACT,XIREC,5258.0,5
213800,SUBMISSION,,HYDROGEL_PACK,XIREC,9996.0,1
213800,,SUBMISSION,VELVETFRUIT_EXTRACT,XIREC,5256.0,8
213900,,SUBMISSION,VELVETFRUIT_EXTRACT,XIREC,5253.0,2
214000,,SUBMISSION,VELVETFRUIT_EXTRACT,XIREC,5253.0,2
214200,SUBMISSION,,HYDROGEL_PACK,XIREC,9996.0,1
214300,SUBMISSION,,HYDROGEL_PACK,XIREC,9995.0,3
214400,SUBMISSION,,HYDROGEL_PACK,XIREC,9994.0,4
214400,Mark 01,Mark 55,VELVETFRUIT_EXTRACT,XIREC,5250.0,3
214500,SUBMISSION,,HYDROGEL_PACK,XIREC,9991.0,8
214600,SUBMISSION,,HYDROGEL_PACK,XIREC,9989.0,12
214700,SUBMISSION,,HYDROGEL_PACK,XIREC,9992.0,8
214800,SUBMISSION,,HYDROGEL_PACK,XIREC,9991.0,9
214900,SUBMISSION,,HYDROGEL_PACK,XIREC,9990.0,11
215000,SUBMISSION,,HYDROGEL_PACK,XIREC,9992.0,8
215000,Mark 14,Mark 55,VELVETFRUIT_EXTRACT,XIREC,5249.0,4
215100,SUBMISSION,,HYDROGEL_PACK,XIREC,9994.0,4
215200,SUBMISSION,,HYDROGEL_PACK,XIREC,9994.0,4
215300,SUBMISSION,,HYDROGEL_PACK,XIREC,9994.0,4
215400,SUBMISSION,,HYDROGEL_PACK,XIREC,9992.0,8
215500,SUBMISSION,,HYDROGEL_PACK,XIREC,9994.0,4
215600,SUBMISSION,,HYDROGEL_PACK,XIREC,9995.0,3
215600,,SUBMISSION,VELVETFRUIT_EXTRACT,XIREC,5250.0,17
215700,SUBMISSION,,HYDROGEL_PACK,XIREC,9995.0,3
215800,SUBMISSION,,HYDROGEL_PACK,XIREC,9995.0,3
216000,Mark 38,Mark 14,VEV_4000,XIREC,1263.0,1
217100,Mark 55,SUBMISSION,VELVETFRUIT_EXTRACT,XIREC,5256.0,4
217500,Mark 38,SUBMISSION,HYDROGEL_PACK,XIREC,10010.0,4
217800,Mark 38,Mark 14,VEV_4000,XIREC,1263.0,1
218200,,SUBMISSION,VELVETFRUIT_EXTRACT,XIREC,5254.0,4
218500,Mark 38,SUBMISSION,HYDROGEL_PACK,XIREC,10016.0,5
218900,Mark 38,SUBMISSION,HYDROGEL_PACK,XIREC,10013.0,3
218900,Mark 14,Mark 55,VELVETFRUIT_EXTRACT,XIREC,5249.0,8
221000,SUBMISSION,,VELVETFRUIT_EXTRACT,XIREC,5246.0,1
221000,SUBMISSION,,VEV_5000,XIREC,252.0,4
221100,SUBMISSION,,VELVETFRUIT_EXTRACT,XIREC,5246.0,2
221200,Mark 38,SUBMISSION,HYDROGEL_PACK,XIREC,10010.0,5
221300,SUBMISSION,,VELVETFRUIT_EXTRACT,XIREC,5246.0,2
221400,SUBMISSION,,VELVETFRUIT_EXTRACT,XIREC,5246.0,2
221500,SUBMISSION,,VELVETFRUIT_EXTRACT,XIREC,5246.0,2
221600,SUBMISSION,,VELVETFRUIT_EXTRACT,XIREC,5245.0,5
221700,SUBMISSION,,VELVETFRUIT_EXTRACT,XIREC,5245.0,2
221800,SUBMISSION,,VELVETFRUIT_EXTRACT,XIREC,5246.0,2
221800,SUBMISSION,Mark 55,VELVETFRUIT_EXTRACT,XIREC,5242.0,7
221900,SUBMISSION,,VELVETFRUIT_EXTRACT,XIREC,5245.0,5
222000,SUBMISSION,,VELVETFRUIT_EXTRACT,XIREC,5245.0,2
222900,Mark 14,Mark 38,VEV_4000,XIREC,1236.0,3
223300,Mark 38,Mark 14,VEV_4000,XIREC,1257.0,2
223500,SUBMISSION,,HYDROGEL_PACK,XIREC,9998.0,2
223600,SUBMISSION,,HYDROGEL_PACK,XIREC,9994.0,9
223700,SUBMISSION,,HYDROGEL_PACK,XIREC,9992.0,13
223800,SUBMISSION,,HYDROGEL_PACK,XIREC,9994.0,9
223900,SUBMISSION,,HYDROGEL_PACK,XIREC,9996.0,6
224000,SUBMISSION,,HYDROGEL_PACK,XIREC,9997.0,4
224100,SUBMISSION,,HYDROGEL_PACK,XIREC,9994.0,9
224100,Mark 38,Mark 14,VEV_4000,XIREC,1258.0,2
224200,SUBMISSION,,HYDROGEL_PACK,XIREC,9996.0,6
224300,SUBMISSION,,HYDROGEL_PACK,XIREC,9994.0,10
224400,SUBMISSION,,HYDROGEL_PACK,XIREC,9994.0,10
224500,SUBMISSION,,HYDROGEL_PACK,XIREC,9994.0,9
224600,SUBMISSION,,HYDROGEL_PACK,XIREC,9993.0,10
224600,SUBMISSION,,HYDROGEL_PACK,XIREC,9996.0,1
224700,SUBMISSION,,HYDROGEL_PACK,XIREC,9993.0,10
224700,SUBMISSION,,HYDROGEL_PACK,XIREC,9995.0,1
224800,SUBMISSION,,HYDROGEL_PACK,XIREC,9992.0,12
224800,SUBMISSION,,HYDROGEL_PACK,XIREC,9995.0,1
224900,SUBMISSION,,HYDROGEL_PACK,XIREC,9990.0,15
224900,SUBMISSION,,HYDROGEL_PACK,XIREC,9992.0,2
225000,SUBMISSION,,HYDROGEL_PACK,XIREC,9989.0,11
225000,SUBMISSION,,HYDROGEL_PACK,XIREC,9992.0,3
225100,Mark 55,SUBMISSION,VELVETFRUIT_EXTRACT,XIREC,5253.0,5
225500,SUBMISSION,,HYDROGEL_PACK,XIREC,9988.0,2
225800,SUBMISSION,,HYDROGEL_PACK,XIREC,9987.0,2
226100,SUBMISSION,Mark 38,HYDROGEL_PACK,XIREC,9975.0,5
226100,,SUBMISSION,VELVETFRUIT_EXTRACT,XIREC,5251.0,2
226200,,SUBMISSION,VELVETFRUIT_EXTRACT,XIREC,5252.0,4
226400,,SUBMISSION,VELVETFRUIT_EXTRACT,XIREC,5251.0,2
226500,,SUBMISSION,VELVETFRUIT_EXTRACT,XIREC,5252.0,4
226900,,SUBMISSION,VELVETFRUIT_EXTRACT,XIREC,5252.0,4
227000,,SUBMISSION,VELVETFRUIT_EXTRACT,XIREC,5251.0,2
227100,,SUBMISSION,VELVETFRUIT_EXTRACT,XIREC,5251.0,2
227500,,SUBMISSION,VELVETFRUIT_EXTRACT,XIREC,5252.0,4
227600,,SUBMISSION,VELVETFRUIT_EXTRACT,XIREC,5253.0,8
227700,,SUBMISSION,VELVETFRUIT_EXTRACT,XIREC,5253.0,8
227900,,SUBMISSION,VELVETFRUIT_EXTRACT,XIREC,5252.0,4
228100,,SUBMISSION,VELVETFRUIT_EXTRACT,XIREC,5251.0,2
229000,SUBMISSION,,VELVETFRUIT_EXTRACT,XIREC,5245.0,2
229100,Mark 38,Mark 14,VEV_4000,XIREC,1258.0,1
230000,Mark 38,Mark 14,HYDROGEL_PACK,XIREC,9998.0,4
230500,SUBMISSION,,VELVETFRUIT_EXTRACT,XIREC,5247.0,1
230600,SUBMISSION,,VELVETFRUIT_EXTRACT,XIREC,5247.0,1
230700,SUBMISSION,,VELVETFRUIT_EXTRACT,XIREC,5246.0,5
230800,Mark 38,SUBMISSION,HYDROGEL_PACK,XIREC,10006.0,3
230800,SUBMISSION,,VELVETFRUIT_EXTRACT,XIREC,5245.0,10
230900,SUBMISSION,,VELVETFRUIT_EXTRACT,XIREC,5246.0,7
231000,SUBMISSION,,VELVETFRUIT_EXTRACT,XIREC,5246.0,5
231100,SUBMISSION,,VELVETFRUIT_EXTRACT,XIREC,5246.0,5
231200,SUBMISSION,,VELVETFRUIT_EXTRACT,XIREC,5245.0,10
231300,SUBMISSION,,VELVETFRUIT_EXTRACT,XIREC,5245.0,12
231400,SUBMISSION,,VELVETFRUIT_EXTRACT,XIREC,5246.0,5
231500,SUBMISSION,,VELVETFRUIT_EXTRACT,XIREC,5247.0,1
231600,SUBMISSION,,VELVETFRUIT_EXTRACT,XIREC,5247.0,1
231700,SUBMISSION,,VELVETFRUIT_EXTRACT,XIREC,5246.0,5
231800,SUBMISSION,,VELVETFRUIT_EXTRACT,XIREC,5246.0,8
231900,SUBMISSION,,VELVETFRUIT_EXTRACT,XIREC,5245.0,10
232000,SUBMISSION,,VELVETFRUIT_EXTRACT,XIREC,5246.0,5
232100,SUBMISSION,,VELVETFRUIT_EXTRACT,XIREC,5247.0,3
232200,SUBMISSION,,VELVETFRUIT_EXTRACT,XIREC,5246.0,5
232400,SUBMISSION,,VELVETFRUIT_EXTRACT,XIREC,5246.0,5
232500,SUBMISSION,,VELVETFRUIT_EXTRACT,XIREC,5244.0,3
232600,SUBMISSION,,VELVETFRUIT_EXTRACT,XIREC,5245.0,4
232900,SUBMISSION,,VEV_5000,XIREC,252.0,6
233200,SUBMISSION,,VEV_5000,XIREC,252.0,6
233400,SUBMISSION,,VEV_5000,XIREC,252.0,6
233600,SUBMISSION,,VEV_5000,XIREC,252.0,6
234000,SUBMISSION,,VELVETFRUIT_EXTRACT,XIREC,5243.0,3
235000,,SUBMISSION,HYDROGEL_PACK,XIREC,10006.0,3
235100,,SUBMISSION,HYDROGEL_PACK,XIREC,10005.0,1
235300,Mark 01,Mark 22,VEV_5400,XIREC,16.0,3
235300,Mark 01,Mark 22,VEV_5500,XIREC,7.0,3
235300,Mark 01,Mark 22,VEV_6000,XIREC,0.0,3
235300,Mark 01,Mark 22,VEV_6500,XIREC,0.0,3
235900,SUBMISSION,Mark 38,HYDROGEL_PACK,XIREC,9999.0,3
236400,,SUBMISSION,HYDROGEL_PACK,XIREC,10005.0,2
236600,,SUBMISSION,HYDROGEL_PACK,XIREC,10008.0,8
236700,,SUBMISSION,HYDROGEL_PACK,XIREC,10010.0,11
236700,,SUBMISSION,HYDROGEL_PACK,XIREC,10008.0,1
236800,,SUBMISSION,HYDROGEL_PACK,XIREC,10007.0,6
236900,,SUBMISSION,HYDROGEL_PACK,XIREC,10006.0,4
237000,,SUBMISSION,HYDROGEL_PACK,XIREC,10009.0,10
237100,,SUBMISSION,HYDROGEL_PACK,XIREC,10011.0,11
237100,,SUBMISSION,HYDROGEL_PACK,XIREC,10008.0,3
237200,,SUBMISSION,HYDROGEL_PACK,XIREC,10011.0,12
237200,,SUBMISSION,HYDROGEL_PACK,XIREC,10009.0,2
237300,,SUBMISSION,HYDROGEL_PACK,XIREC,10011.0,10
237300,,SUBMISSION,HYDROGEL_PACK,XIREC,10008.0,4
237400,,SUBMISSION,HYDROGEL_PACK,XIREC,10009.0,10
237500,,SUBMISSION,HYDROGEL_PACK,XIREC,10010.0,10
237500,,SUBMISSION,HYDROGEL_PACK,XIREC,10008.0,2
237600,,SUBMISSION,HYDROGEL_PACK,XIREC,10012.0,13
237600,,SUBMISSION,HYDROGEL_PACK,XIREC,10010.0,3
237700,,SUBMISSION,HYDROGEL_PACK,XIREC,10010.0,12
237800,,SUBMISSION,HYDROGEL_PACK,XIREC,10011.0,14
237900,,SUBMISSION,HYDROGEL_PACK,XIREC,10011.0,10
237900,,SUBMISSION,HYDROGEL_PACK,XIREC,10008.0,4
237900,Mark 55,SUBMISSION,VELVETFRUIT_EXTRACT,XIREC,5253.0,6
238000,,SUBMISSION,HYDROGEL_PACK,XIREC,10011.0,14
238100,,SUBMISSION,HYDROGEL_PACK,XIREC,10010.0,12
238200,,SUBMISSION,HYDROGEL_PACK,XIREC,10009.0,10
238200,Mark 38,SUBMISSION,HYDROGEL_PACK,XIREC,10024.0,2
238300,,SUBMISSION,HYDROGEL_PACK,XIREC,10009.0,10
238400,,SUBMISSION,HYDROGEL_PACK,XIREC,10007.0,6
238500,,SUBMISSION,HYDROGEL_PACK,XIREC,10008.0,8
238600,,SUBMISSION,HYDROGEL_PACK,XIREC,10007.0,6
238700,,SUBMISSION,HYDROGEL_PACK,XIREC,10009.0,10
239100,,SUBMISSION,VELVETFRUIT_EXTRACT,XIREC,5251.0,3
239100,,SUBMISSION,VEV_5000,XIREC,255.0,24
239300,,SUBMISSION,VELVETFRUIT_EXTRACT,XIREC,5251.0,3
239400,,SUBMISSION,VELVETFRUIT_EXTRACT,XIREC,5251.0,3
239400,Mark 14,Mark 55,VELVETFRUIT_EXTRACT,XIREC,5251.0,6
239500,,SUBMISSION,HYDROGEL_PACK,XIREC,10010.0,3
239500,,SUBMISSION,VELVETFRUIT_EXTRACT,XIREC,5251.0,6
239600,,SUBMISSION,VELVETFRUIT_EXTRACT,XIREC,5252.0,6
239600,Mark 55,SUBMISSION,VELVETFRUIT_EXTRACT,XIREC,5254.0,5
239600,Mark 14,Mark 38,HYDROGEL_PACK,XIREC,10006.0,4
239700,Mark 38,SUBMISSION,HYDROGEL_PACK,XIREC,10020.0,6
239700,,SUBMISSION,VELVETFRUIT_EXTRACT,XIREC,5252.0,8
239800,,SUBMISSION,VELVETFRUIT_EXTRACT,XIREC,5253.0,13
239900,,SUBMISSION,VELVETFRUIT_EXTRACT,XIREC,5253.0,13
240000,,SUBMISSION,VELVETFRUIT_EXTRACT,XIREC,5252.0,8
240100,,SUBMISSION,VELVETFRUIT_EXTRACT,XIREC,5252.0,11
240200,,SUBMISSION,VELVETFRUIT_EXTRACT,XIREC,5253.0,13
240200,Mark 55,SUBMISSION,VELVETFRUIT_EXTRACT,XIREC,5257.0,3
240300,,SUBMISSION,VELVETFRUIT_EXTRACT,XIREC,5252.0,8
240400,,SUBMISSION,VELVETFRUIT_EXTRACT,XIREC,5252.0,8
240500,,SUBMISSION,HYDROGEL_PACK,XIREC,10014.0,4
240500,,SUBMISSION,VELVETFRUIT_EXTRACT,XIREC,5252.0,11
240600,,SUBMISSION,VELVETFRUIT_EXTRACT,XIREC,5254.0,15
240600,,SUBMISSION,VELVETFRUIT_EXTRACT,XIREC,5253.0,3
240600,Mark 14,Mark 38,HYDROGEL_PACK,XIREC,10013.0,3
240700,,SUBMISSION,HYDROGEL_PACK,XIREC,10015.0,3
240700,,SUBMISSION,VELVETFRUIT_EXTRACT,XIREC,5255.0,22
240700,,SUBMISSION,VELVETFRUIT_EXTRACT,XIREC,5254.0,1
240800,,SUBMISSION,HYDROGEL_PACK,XIREC,10015.0,1
240800,,SUBMISSION,VELVETFRUIT_EXTRACT,XIREC,5254.0,20
240900,,SUBMISSION,VELVETFRUIT_EXTRACT,XIREC,5254.0,20
241000,,SUBMISSION,VELVETFRUIT_EXTRACT,XIREC,5255.0,23
241100,,SUBMISSION,VELVETFRUIT_EXTRACT,XIREC,5257.0,16
241100,,SUBMISSION,VELVETFRUIT_EXTRACT,XIREC,5256.0,14
241100,,SUBMISSION,VEV_5000,XIREC,261.0,2
241200,,SUBMISSION,VEV_5000,XIREC,260.0,25
241300,,SUBMISSION,VEV_5000,XIREC,260.0,25
241400,,SUBMISSION,VEV_5000,XIREC,260.0,7
241400,,SUBMISSION,VEV_5000,XIREC,259.0,16
241500,,SUBMISSION,VEV_5000,XIREC,259.0,24
241600,,SUBMISSION,VEV_5000,XIREC,261.0,23
241700,,SUBMISSION,VELVETFRUIT_EXTRACT,XIREC,5258.0,5
241700,,SUBMISSION,VEV_5000,XIREC,262.0,9
241700,,SUBMISSION,VEV_5000,XIREC,261.0,19
241800,,SUBMISSION,VEV_5000,XIREC,260.0,26
241900,,SUBMISSION,VEV_5000,XIREC,262.0,6
241900,,SUBMISSION,VEV_5000,XIREC,261.0,22
241900,Mark 14,Mark 38,HYDROGEL_PACK,XIREC,10005.0,2
242000,,SUBMISSION,VEV_5000,XIREC,262.0,21
242900,Mark 67,SUBMISSION,VELVETFRUIT_EXTRACT,XIREC,5253.0,5
245600,Mark 55,SUBMISSION,VELVETFRUIT_EXTRACT,XIREC,5255.0,6
247800,,SUBMISSION,VEV_4000,XIREC,1257.0,2
247800,,SUBMISSION,VEV_4500,XIREC,757.0,2
248200,Mark 38,SUBMISSION,HYDROGEL_PACK,XIREC,10024.0,5
248300,Mark 01,Mark 55,VELVETFRUIT_EXTRACT,XIREC,5257.0,5
248500,,SUBMISSION,VEV_5000,XIREC,264.0,1
248500,,SUBMISSION,VEV_5000,XIREC,264.0,1
249800,,SUBMISSION,VEV_4000,XIREC,1266.0,3
249800,,SUBMISSION,VEV_4500,XIREC,766.0,3
250500,Mark 01,Mark 55,VELVETFRUIT_EXTRACT,XIREC,5260.0,4
250600,SUBMISSION,Mark 38,VEV_4000,XIREC,1253.0,2
251200,Mark 01,Mark 55,VELVETFRUIT_EXTRACT,XIREC,5262.0,8
251600,Mark 38,Mark 14,VEV_4000,XIREC,1275.0,3
251900,Mark 67,SUBMISSION,VELVETFRUIT_EXTRACT,XIREC,5262.0,12
251900,Mark 67,Mark 49,VELVETFRUIT_EXTRACT,XIREC,5263.0,2
252400,Mark 55,SUBMISSION,VELVETFRUIT_EXTRACT,XIREC,5266.0,6
252500,SUBMISSION,Mark 38,HYDROGEL_PACK,XIREC,9989.0,3
252500,Mark 01,Mark 22,VEV_5300,XIREC,53.0,2
252500,Mark 01,Mark 22,VEV_5400,XIREC,19.0,2
252500,Mark 01,Mark 22,VEV_5500,XIREC,8.0,2
252500,Mark 01,Mark 22,VEV_6000,XIREC,0.0,2
252500,Mark 01,Mark 22,VEV_6500,XIREC,0.0,2
253100,SUBMISSION,,HYDROGEL_PACK,XIREC,10001.0,1
253900,SUBMISSION,,HYDROGEL_PACK,XIREC,10001.0,1
253900,Mark 55,SUBMISSION,VELVETFRUIT_EXTRACT,XIREC,5265.0,3
254200,SUBMISSION,,HYDROGEL_PACK,XIREC,10001.0,2
254300,SUBMISSION,,HYDROGEL_PACK,XIREC,10001.0,2
254400,SUBMISSION,,HYDROGEL_PACK,XIREC,9998.0,9
254500,SUBMISSION,,HYDROGEL_PACK,XIREC,10000.0,4
254600,SUBMISSION,,HYDROGEL_PACK,XIREC,9999.0,7
254700,SUBMISSION,,HYDROGEL_PACK,XIREC,9997.0,3
254700,Mark 38,Mark 14,HYDROGEL_PACK,XIREC,9997.0,5
254800,SUBMISSION,,HYDROGEL_PACK,XIREC,9997.0,11
254800,SUBMISSION,,HYDROGEL_PACK,XIREC,9999.0,1
254900,SUBMISSION,,HYDROGEL_PACK,XIREC,9997.0,12
255000,SUBMISSION,,HYDROGEL_PACK,XIREC,9996.0,13
255000,SUBMISSION,,HYDROGEL_PACK,XIREC,9998.0,1
255000,SUBMISSION,Mark 38,HYDROGEL_PACK,XIREC,9981.0,4
255100,SUBMISSION,,HYDROGEL_PACK,XIREC,9995.0,11
255100,SUBMISSION,,HYDROGEL_PACK,XIREC,9998.0,5
255200,SUBMISSION,,HYDROGEL_PACK,XIREC,9993.0,12
255200,SUBMISSION,,HYDROGEL_PACK,XIREC,9996.0,10
255300,SUBMISSION,,HYDROGEL_PACK,XIREC,9989.0,13
255300,SUBMISSION,,HYDROGEL_PACK,XIREC,9991.0,19
255300,SUBMISSION,Mark 38,HYDROGEL_PACK,XIREC,9974.0,2
255400,SUBMISSION,,HYDROGEL_PACK,XIREC,9989.0,14
255400,SUBMISSION,,HYDROGEL_PACK,XIREC,9991.0,18
255400,SUBMISSION,Mark 38,HYDROGEL_PACK,XIREC,9974.0,3
255500,SUBMISSION,,HYDROGEL_PACK,XIREC,9986.0,13
255500,SUBMISSION,,HYDROGEL_PACK,XIREC,9989.0,23
255600,SUBMISSION,,HYDROGEL_PACK,XIREC,9985.0,14
255600,SUBMISSION,,HYDROGEL_PACK,XIREC,9988.0,21
255700,SUBMISSION,,HYDROGEL_PACK,XIREC,9987.0,12
255700,SUBMISSION,,HYDROGEL_PACK,XIREC,9989.0,14
255800,SUBMISSION,,HYDROGEL_PACK,XIREC,9983.0,6
257600,,SUBMISSION,VEV_4000,XIREC,1263.0,3
257600,,SUBMISSION,VEV_4500,XIREC,763.0,3
258400,Mark 67,SUBMISSION,VELVETFRUIT_EXTRACT,XIREC,5256.0,4
258400,Mark 67,Mark 22,VELVETFRUIT_EXTRACT,XIREC,5257.0,4
262200,Mark 01,Mark 55,VELVETFRUIT_EXTRACT,XIREC,5250.0,4
262300,Mark 38,SUBMISSION,HYDROGEL_PACK,XIREC,10004.0,4
262800,Mark 38,SUBMISSION,HYDROGEL_PACK,XIREC,10007.0,2
263100,Mark 38,Mark 14,VEV_4000,XIREC,1268.0,3
263900,Mark 55,SUBMISSION,VELVETFRUIT_EXTRACT,XIREC,5256.0,3
263900,Mark 55,Mark 14,VELVETFRUIT_EXTRACT,XIREC,5257.0,4
265400,Mark 67,SUBMISSION,VELVETFRUIT_EXTRACT,XIREC,5250.0,2
265400,Mark 67,Mark 49,VELVETFRUIT_EXTRACT,XIREC,5250.0,7
265600,SUBMISSION,Mark 55,VELVETFRUIT_EXTRACT,XIREC,5248.0,5
265700,SUBMISSION,,VELVETFRUIT_EXTRACT,XIREC,5247.0,14
265800,Mark 55,SUBMISSION,VELVETFRUIT_EXTRACT,XIREC,5251.0,4
265800,Mark 55,Mark 14,VELVETFRUIT_EXTRACT,XIREC,5252.0,3
265900,SUBMISSION,Mark 38,VEV_4000,XIREC,1241.0,1
266300,Mark 38,Mark 14,HYDROGEL_PACK,XIREC,9999.0,4
266500,Mark 55,SUBMISSION,VELVETFRUIT_EXTRACT,XIREC,5252.0,4
266500,Mark 55,Mark 01,VELVETFRUIT_EXTRACT,XIREC,5253.0,1
266600,Mark 38,Mark 14,HYDROGEL_PACK,XIREC,9997.0,4
267400,Mark 55,SUBMISSION,VELVETFRUIT_EXTRACT,XIREC,5252.0,3
268300,Mark 38,Mark 14,VEV_4000,XIREC,1257.0,2
268700,Mark 55,SUBMISSION,VELVETFRUIT_EXTRACT,XIREC,5250.0,3
268700,Mark 55,Mark 14,VELVETFRUIT_EXTRACT,XIREC,5251.0,2
269300,SUBMISSION,Mark 38,HYDROGEL_PACK,XIREC,9974.0,3
269300,SUBMISSION,Mark 55,VELVETFRUIT_EXTRACT,XIREC,5248.0,5
271600,SUBMISSION,Mark 38,VEV_4000,XIREC,1249.0,1
272600,Mark 67,SUBMISSION,VELVETFRUIT_EXTRACT,XIREC,5260.0,5
272600,Mark 67,Mark 22,VELVETFRUIT_EXTRACT,XIREC,5261.0,2
274600,Mark 38,Mark 14,HYDROGEL_PACK,XIREC,9989.0,2
274900,,SUBMISSION,VELVETFRUIT_EXTRACT,XIREC,5255.0,3
275300,Mark 55,SUBMISSION,VELVETFRUIT_EXTRACT,XIREC,5258.0,3
275300,Mark 55,Mark 01,VELVETFRUIT_EXTRACT,XIREC,5259.0,5
275700,Mark 38,Mark 14,HYDROGEL_PACK,XIREC,9996.0,2
276500,Mark 55,SUBMISSION,VELVETFRUIT_EXTRACT,XIREC,5254.0,2
276500,Mark 55,Mark 14,VELVETFRUIT_EXTRACT,XIREC,5255.0,5
277400,Mark 55,SUBMISSION,VELVETFRUIT_EXTRACT,XIREC,5253.0,1
277400,Mark 55,Mark 14,VELVETFRUIT_EXTRACT,XIREC,5254.0,3
278300,Mark 55,SUBMISSION,VELVETFRUIT_EXTRACT,XIREC,5257.0,1
278300,Mark 55,Mark 14,VELVETFRUIT_EXTRACT,XIREC,5258.0,4
279600,Mark 55,SUBMISSION,VELVETFRUIT_EXTRACT,XIREC,5259.0,1
279600,Mark 55,Mark 01,VELVETFRUIT_EXTRACT,XIREC,5260.0,3
280000,SUBMISSION,,HYDROGEL_PACK,XIREC,9967.0,3
280500,Mark 38,Mark 14,HYDROGEL_PACK,XIREC,9973.0,2
281100,SUBMISSION,Mark 38,HYDROGEL_PACK,XIREC,9953.0,3
281400,,SUBMISSION,VELVETFRUIT_EXTRACT,XIREC,5252.0,1
281400,Mark 67,Mark 49,VELVETFRUIT_EXTRACT,XIREC,5253.0,15
281500,Mark 38,Mark 14,VEV_4000,XIREC,1267.0,1
282200,Mark 38,Mark 14,HYDROGEL_PACK,XIREC,9979.0,2
282200,Mark 14,Mark 55,VELVETFRUIT_EXTRACT,XIREC,5260.0,7
283400,Mark 55,Mark 14,VELVETFRUIT_EXTRACT,XIREC,5259.0,7
285400,SUBMISSION,Mark 38,HYDROGEL_PACK,XIREC,9966.0,5
286000,,SUBMISSION,VEV_4000,XIREC,1262.0,5
286000,,SUBMISSION,VEV_4500,XIREC,762.0,5
286300,Mark 55,SUBMISSION,VELVETFRUIT_EXTRACT,XIREC,5265.0,1
286300,Mark 55,Mark 01,VELVETFRUIT_EXTRACT,XIREC,5266.0,5
286600,Mark 38,Mark 14,VEV_4000,XIREC,1277.0,2
288800,Mark 38,Mark 14,VEV_4000,XIREC,1278.0,1
289100,Mark 55,Mark 14,VELVETFRUIT_EXTRACT,XIREC,5271.0,5
289200,Mark 67,Mark 49,VELVETFRUIT_EXTRACT,XIREC,5266.0,11
290900,Mark 38,Mark 14,HYDROGEL_PACK,XIREC,9965.0,3
291400,Mark 55,Mark 49,VELVETFRUIT_EXTRACT,XIREC,5274.0,5
291800,Mark 67,Mark 22,VELVETFRUIT_EXTRACT,XIREC,5270.0,5
292000,,SUBMISSION,VEV_4000,XIREC,1272.0,3
292000,,SUBMISSION,VEV_4500,XIREC,772.0,3
292400,Mark 55,Mark 01,VELVETFRUIT_EXTRACT,XIREC,5275.0,8
292800,SUBMISSION,Mark 38,HYDROGEL_PACK,XIREC,9952.0,6
295000,Mark 38,Mark 14,HYDROGEL_PACK,XIREC,9959.0,5
295600,,SUBMISSION,VEV_4000,XIREC,1274.0,4
295600,,SUBMISSION,VEV_4500,XIREC,774.0,4
296900,Mark 01,Mark 55,VELVETFRUIT_EXTRACT,XIREC,5270.0,5
297100,Mark 38,Mark 14,HYDROGEL_PACK,XIREC,9958.0,3
297400,Mark 55,Mark 14,VELVETFRUIT_EXTRACT,XIREC,5275.0,4
297500,SUBMISSION,Mark 38,VEV_4000,XIREC,1263.0,1
301100,Mark 38,Mark 14,HYDROGEL_PACK,XIREC,9966.0,3
301300,Mark 38,Mark 14,HYDROGEL_PACK,XIREC,9967.0,2
302400,SUBMISSION,Mark 38,HYDROGEL_PACK,XIREC,9937.0,6
304000,Mark 01,Mark 22,VEV_5400,XIREC,19.0,3
304000,Mark 01,Mark 22,VEV_5500,XIREC,8.0,3
304000,Mark 01,Mark 22,VEV_6000,XIREC,0.0,3
304000,Mark 01,Mark 22,VEV_6500,XIREC,0.0,3
304200,SUBMISSION,Mark 38,HYDROGEL_PACK,XIREC,9945.0,2
304800,,SUBMISSION,VEV_4000,XIREC,1267.0,5
304800,,SUBMISSION,VEV_4500,XIREC,767.0,5
306500,Mark 38,Mark 14,HYDROGEL_PACK,XIREC,9967.0,5
307100,Mark 38,Mark 14,VEV_4000,XIREC,1279.0,1
307500,Mark 55,Mark 01,VELVETFRUIT_EXTRACT,XIREC,5275.0,8
308000,SUBMISSION,Mark 38,HYDROGEL_PACK,XIREC,9944.0,3
308100,SUBMISSION,Mark 38,HYDROGEL_PACK,XIREC,9946.0,4
308100,Mark 67,Mark 22,VELVETFRUIT_EXTRACT,XIREC,5271.0,6
309500,Mark 55,Mark 01,VELVETFRUIT_EXTRACT,XIREC,5268.0,4
310100,Mark 14,Mark 22,VEV_5400,XIREC,20.0,5
310100,Mark 01,Mark 22,VEV_5500,XIREC,8.0,5
310100,Mark 01,Mark 22,VEV_6000,XIREC,0.0,5
310100,Mark 01,Mark 22,VEV_6500,XIREC,0.0,5
310500,Mark 67,Mark 49,VELVETFRUIT_EXTRACT,XIREC,5266.0,11
310600,Mark 14,Mark 55,VELVETFRUIT_EXTRACT,XIREC,5264.0,3
313000,Mark 55,Mark 01,VELVETFRUIT_EXTRACT,XIREC,5267.0,5
314500,Mark 14,Mark 55,VELVETFRUIT_EXTRACT,XIREC,5251.0,4
315200,SUBMISSION,,VELVETFRUIT_EXTRACT,XIREC,5251.0,20
316200,Mark 38,Mark 14,HYDROGEL_PACK,XIREC,9939.0,5
317100,SUBMISSION,Mark 38,HYDROGEL_PACK,XIREC,9930.0,4
318300,Mark 38,Mark 14,HYDROGEL_PACK,XIREC,9950.0,4
318900,Mark 55,SUBMISSION,VELVETFRUIT_EXTRACT,XIREC,5250.0,3
318900,Mark 55,Mark 14,VELVETFRUIT_EXTRACT,XIREC,5250.0,1
319100,SUBMISSION,,VELVETFRUIT_EXTRACT,XIREC,5246.0,9
321900,Mark 55,SUBMISSION,VELVETFRUIT_EXTRACT,XIREC,5252.0,4
321900,Mark 55,Mark 14,VELVETFRUIT_EXTRACT,XIREC,5253.0,3
322000,Mark 01,Mark 22,VEV_5400,XIREC,16.0,2
322000,Mark 01,Mark 22,VEV_5500,XIREC,7.0,2
322000,Mark 01,Mark 22,VEV_6000,XIREC,0.0,2
322000,Mark 01,Mark 22,VEV_6500,XIREC,0.0,2
322600,Mark 14,Mark 22,VEV_5200,XIREC,98.0,4
322600,Mark 01,Mark 22,VEV_5500,XIREC,7.0,4
322600,Mark 01,Mark 22,VEV_6000,XIREC,0.0,4
322600,Mark 01,Mark 22,VEV_6500,XIREC,0.0,4
323300,Mark 38,Mark 14,HYDROGEL_PACK,XIREC,9956.0,5
323300,Mark 38,Mark 14,VEV_4000,XIREC,1262.0,3
324100,Mark 55,SUBMISSION,VELVETFRUIT_EXTRACT,XIREC,5253.0,3
324100,Mark 55,Mark 14,VELVETFRUIT_EXTRACT,XIREC,5254.0,4
324600,Mark 38,Mark 14,HYDROGEL_PACK,XIREC,9946.0,6
325300,SUBMISSION,Mark 38,VEV_4000,XIREC,1238.0,2
326300,Mark 38,Mark 14,VEV_4000,XIREC,1261.0,1
327600,SUBMISSION,Mark 38,HYDROGEL_PACK,XIREC,9929.0,5
327700,Mark 38,Mark 14,HYDROGEL_PACK,XIREC,9946.0,6
328000,SUBMISSION,Mark 38,VEV_4000,XIREC,1244.0,1
328400,SUBMISSION,Mark 38,VEV_4000,XIREC,1241.0,1
328500,Mark 14,Mark 55,VELVETFRUIT_EXTRACT,XIREC,5249.0,4
331400,SUBMISSION,Mark 38,VEV_4000,XIREC,1233.0,1
331600,SUBMISSION,,VELVETFRUIT_EXTRACT,XIREC,5243.0,1
332200,SUBMISSION,,VELVETFRUIT_EXTRACT,XIREC,5243.0,1
332400,SUBMISSION,,VELVETFRUIT_EXTRACT,XIREC,5243.0,1
332500,SUBMISSION,,VELVETFRUIT_EXTRACT,XIREC,5243.0,1
332600,SUBMISSION,,VELVETFRUIT_EXTRACT,XIREC,5243.0,1
332700,SUBMISSION,,VELVETFRUIT_EXTRACT,XIREC,5241.0,6
332800,SUBMISSION,,VELVETFRUIT_EXTRACT,XIREC,5241.0,6
332900,SUBMISSION,,VELVETFRUIT_EXTRACT,XIREC,5241.0,6
333000,SUBMISSION,,VELVETFRUIT_EXTRACT,XIREC,5237.0,8
333000,SUBMISSION,,VELVETFRUIT_EXTRACT,XIREC,5241.0,3
333100,SUBMISSION,,VELVETFRUIT_EXTRACT,XIREC,5241.0,6
333100,SUBMISSION,Mark 55,VELVETFRUIT_EXTRACT,XIREC,5237.0,4
333200,SUBMISSION,,VELVETFRUIT_EXTRACT,XIREC,5242.0,4
333200,SUBMISSION,,VEV_5000,XIREC,248.0,8
333300,SUBMISSION,,VELVETFRUIT_EXTRACT,XIREC,5243.0,1
334900,SUBMISSION,Mark 38,VEV_4000,XIREC,1238.0,1
335300,SUBMISSION,Mark 38,HYDROGEL_PACK,XIREC,9944.0,4
335300,SUBMISSION,Mark 55,VELVETFRUIT_EXTRACT,XIREC,5246.0,3
335300,Mark 14,Mark 38,HYDROGEL_PACK,XIREC,9943.0,1
335500,Mark 38,Mark 14,HYDROGEL_PACK,XIREC,9961.0,4
338100,SUBMISSION,Mark 38,HYDROGEL_PACK,XIREC,9932.0,2
338100,Mark 14,Mark 38,HYDROGEL_PACK,XIREC,9931.0,1
339500,SUBMISSION,Mark 38,HYDROGEL_PACK,XIREC,9933.0,2
339500,Mark 14,Mark 38,HYDROGEL_PACK,XIREC,9932.0,1
340100,Mark 38,Mark 14,VEV_4000,XIREC,1260.0,2
340500,Mark 67,Mark 49,VELVETFRUIT_EXTRACT,XIREC,5249.0,9
342000,Mark 14,Mark 55,VELVETFRUIT_EXTRACT,XIREC,5249.0,6
342400,SUBMISSION,Mark 38,HYDROGEL_PACK,XIREC,9945.0,1
342400,Mark 14,Mark 38,HYDROGEL_PACK,XIREC,9944.0,4
343100,Mark 38,Mark 14,HYDROGEL_PACK,XIREC,9966.0,2
343400,,SUBMISSION,VELVETFRUIT_EXTRACT,XIREC,5250.0,11
343400,Mark 67,Mark 49,VELVETFRUIT_EXTRACT,XIREC,5251.0,13
344000,SUBMISSION,Mark 38,HYDROGEL_PACK,XIREC,9954.0,1
344000,Mark 14,Mark 38,HYDROGEL_PACK,XIREC,9953.0,4
344200,Mark 55,SUBMISSION,VELVETFRUIT_EXTRACT,XIREC,5252.0,4
345700,SUBMISSION,Mark 55,VELVETFRUIT_EXTRACT,XIREC,5246.0,7
345700,Mark 38,Mark 14,HYDROGEL_PACK,XIREC,9957.0,6
345900,Mark 38,Mark 14,HYDROGEL_PACK,XIREC,9958.0,3
348500,SUBMISSION,Mark 38,HYDROGEL_PACK,XIREC,9965.0,1
348500,Mark 14,Mark 38,HYDROGEL_PACK,XIREC,9964.0,4
350300,Mark 01,Mark 22,VEV_5400,XIREC,15.0,4
350300,Mark 01,Mark 22,VEV_5500,XIREC,6.0,4
350300,Mark 01,Mark 22,VEV_6000,XIREC,0.0,4
350300,Mark 01,Mark 22,VEV_6500,XIREC,0.0,4
350900,Mark 38,Mark 14,VEV_4000,XIREC,1256.0,3
351000,Mark 38,Mark 14,HYDROGEL_PACK,XIREC,9973.0,3
351400,SUBMISSION,,VELVETFRUIT_EXTRACT,XIREC,5246.0,1
351400,SUBMISSION,,VEV_5000,XIREC,252.0,9
353000,SUBMISSION,,VELVETFRUIT_EXTRACT,XIREC,5246.0,2
353000,SUBMISSION,,VEV_5000,XIREC,252.0,18
354100,SUBMISSION,,VELVETFRUIT_EXTRACT,XIREC,5246.0,2
354100,SUBMISSION,,VEV_5000,XIREC,252.0,21
354200,SUBMISSION,,VELVETFRUIT_EXTRACT,XIREC,5246.0,2
354200,SUBMISSION,,VEV_5000,XIREC,252.0,24
354300,SUBMISSION,,VELVETFRUIT_EXTRACT,XIREC,5246.0,2
354300,SUBMISSION,,VEV_5000,XIREC,251.0,8
354400,SUBMISSION,,VELVETFRUIT_EXTRACT,XIREC,5246.0,4
354400,SUBMISSION,,VEV_5000,XIREC,251.0,9
354500,SUBMISSION,,VELVETFRUIT_EXTRACT,XIREC,5246.0,2
354500,SUBMISSION,,VEV_5000,XIREC,251.0,8
354600,SUBMISSION,,VELVETFRUIT_EXTRACT,XIREC,5245.0,6
354700,SUBMISSION,,VELVETFRUIT_EXTRACT,XIREC,5246.0,4
354700,SUBMISSION,,VEV_5000,XIREC,251.0,12
354900,SUBMISSION,,VELVETFRUIT_EXTRACT,XIREC,5245.0,6
355000,SUBMISSION,,VELVETFRUIT_EXTRACT,XIREC,5246.0,4
355000,SUBMISSION,,VEV_5000,XIREC,251.0,8
355100,SUBMISSION,,VELVETFRUIT_EXTRACT,XIREC,5245.0,6
355200,SUBMISSION,,VELVETFRUIT_EXTRACT,XIREC,5245.0,8
355200,SUBMISSION,,VEV_5000,XIREC,250.0,8
355300,SUBMISSION,,VELVETFRUIT_EXTRACT,XIREC,5244.0,10
355300,SUBMISSION,,VEV_5000,XIREC,249.0,9
355400,SUBMISSION,,VELVETFRUIT_EXTRACT,XIREC,5243.0,14
355500,SUBMISSION,,VELVETFRUIT_EXTRACT,XIREC,5245.0,8
355500,SUBMISSION,,VEV_5000,XIREC,250.0,12
355600,SUBMISSION,,VELVETFRUIT_EXTRACT,XIREC,5244.0,10
355600,SUBMISSION,,VEV_5000,XIREC,250.0,30
355700,SUBMISSION,,VELVETFRUIT_EXTRACT,XIREC,5243.0,13
355700,SUBMISSION,,VEV_5000,XIREC,248.0,7
355800,SUBMISSION,,VELVETFRUIT_EXTRACT,XIREC,5242.0,17
355800,SUBMISSION,,VEV_5000,XIREC,248.0,28
355900,SUBMISSION,,VELVETFRUIT_EXTRACT,XIREC,5242.0,17
355900,SUBMISSION,,VEV_5000,XIREC,248.0,8
356000,SUBMISSION,,VELVETFRUIT_EXTRACT,XIREC,5244.0,10
356100,SUBMISSION,,VELVETFRUIT_EXTRACT,XIREC,5244.0,10
356200,SUBMISSION,,VELVETFRUIT_EXTRACT,XIREC,5245.0,6
356300,SUBMISSION,,VELVETFRUIT_EXTRACT,XIREC,5246.0,4
356400,SUBMISSION,,VELVETFRUIT_EXTRACT,XIREC,5246.0,2
356500,SUBMISSION,,VELVETFRUIT_EXTRACT,XIREC,5245.0,6
356600,SUBMISSION,,VELVETFRUIT_EXTRACT,XIREC,5246.0,2
356800,SUBMISSION,Mark 38,VEV_4000,XIREC,1235.0,2
357100,SUBMISSION,,VELVETFRUIT_EXTRACT,XIREC,5245.0,6
357100,Mark 38,Mark 14,HYDROGEL_PACK,XIREC,9963.0,6
357200,SUBMISSION,,VELVETFRUIT_EXTRACT,XIREC,5246.0,2
357300,SUBMISSION,,VELVETFRUIT_EXTRACT,XIREC,5246.0,2
357400,SUBMISSION,,VELVETFRUIT_EXTRACT,XIREC,5246.0,2
358100,SUBMISSION,Mark 55,VELVETFRUIT_EXTRACT,XIREC,5246.0,6
358300,SUBMISSION,Mark 38,VEV_4000,XIREC,1238.0,3
358500,Mark 38,Mark 14,HYDROGEL_PACK,XIREC,9960.0,6
360600,Mark 14,Mark 38,HYDROGEL_PACK,XIREC,9951.0,2
362700,Mark 14,Mark 38,HYDROGEL_PACK,XIREC,9961.0,3
363100,Mark 38,Mark 14,HYDROGEL_PACK,XIREC,9983.0,4
363300,,SUBMISSION,VELVETFRUIT_EXTRACT,XIREC,5251.0,1
363400,,SUBMISSION,VELVETFRUIT_EXTRACT,XIREC,5252.0,5
363500,,SUBMISSION,VELVETFRUIT_EXTRACT,XIREC,5252.0,5
363600,,SUBMISSION,VELVETFRUIT_EXTRACT,XIREC,5255.0,18
363700,,SUBMISSION,VELVETFRUIT_EXTRACT,XIREC,5254.0,16
363800,,SUBMISSION,VELVETFRUIT_EXTRACT,XIREC,5254.0,14
363900,,SUBMISSION,VELVETFRUIT_EXTRACT,XIREC,5254.0,14
364000,,SUBMISSION,VELVETFRUIT_EXTRACT,XIREC,5252.0,22
364100,,SUBMISSION,VELVETFRUIT_EXTRACT,XIREC,5252.0,5
364200,,SUBMISSION,VELVETFRUIT_EXTRACT,XIREC,5251.0,3
364300,,SUBMISSION,VELVETFRUIT_EXTRACT,XIREC,5252.0,5
364400,,SUBMISSION,VELVETFRUIT_EXTRACT,XIREC,5251.0,1
364800,,SUBMISSION,VELVETFRUIT_EXTRACT,XIREC,5251.0,1
364800,Mark 38,Mark 14,HYDROGEL_PACK,XIREC,9978.0,5
364900,,SUBMISSION,VELVETFRUIT_EXTRACT,XIREC,5251.0,1
364900,Mark 14,Mark 55,VELVETFRUIT_EXTRACT,XIREC,5251.0,7
365000,SUBMISSION,Mark 38,VEV_4000,XIREC,1243.0,2
365400,,SUBMISSION,VELVETFRUIT_EXTRACT,XIREC,5251.0,4
365600,Mark 14,Mark 55,VELVETFRUIT_EXTRACT,XIREC,5250.0,8
366200,,SUBMISSION,VELVETFRUIT_EXTRACT,XIREC,5252.0,4
367900,Mark 67,Mark 22,VELVETFRUIT_EXTRACT,XIREC,5248.0,5
368500,Mark 38,Mark 14,HYDROGEL_PACK,XIREC,9983.0,6
370000,,SUBMISSION,VELVETFRUIT_EXTRACT,XIREC,5251.0,3
370100,,SUBMISSION,VELVETFRUIT_EXTRACT,XIREC,5250.0,1
371100,,SUBMISSION,VELVETFRUIT_EXTRACT,XIREC,5252.0,4
371400,Mark 14,Mark 38,HYDROGEL_PACK,XIREC,9953.0,2
372100,,SUBMISSION,VELVETFRUIT_EXTRACT,XIREC,5250.0,2
372200,,SUBMISSION,VELVETFRUIT_EXTRACT,XIREC,5251.0,4
372300,,SUBMISSION,VELVETFRUIT_EXTRACT,XIREC,5251.0,7
372600,,SUBMISSION,VELVETFRUIT_EXTRACT,XIREC,5251.0,4
372700,,SUBMISSION,VELVETFRUIT_EXTRACT,XIREC,5251.0,4
372800,,SUBMISSION,VELVETFRUIT_EXTRACT,XIREC,5251.0,7
372900,,SUBMISSION,VELVETFRUIT_EXTRACT,XIREC,5251.0,4
373000,,SUBMISSION,VELVETFRUIT_EXTRACT,XIREC,5252.0,10
373100,,SUBMISSION,VEV_5000,XIREC,255.0,4
373200,,SUBMISSION,VEV_5000,XIREC,255.0,4
373300,,SUBMISSION,VELVETFRUIT_EXTRACT,XIREC,5252.0,4
373300,,SUBMISSION,VEV_5000,XIREC,256.0,6
373400,,SUBMISSION,VELVETFRUIT_EXTRACT,XIREC,5253.0,7
373400,,SUBMISSION,VEV_5000,XIREC,257.0,8
373400,Mark 38,Mark 14,HYDROGEL_PACK,XIREC,9970.0,3
373500,,SUBMISSION,VEV_5000,XIREC,256.0,9
373500,,SUBMISSION,VEV_5000,XIREC,255.0,1
373600,,SUBMISSION,VELVETFRUIT_EXTRACT,XIREC,5253.0,4
373600,,SUBMISSION,VEV_5000,XIREC,257.0,12
373600,,SUBMISSION,VEV_5000,XIREC,256.0,1
373700,,SUBMISSION,VEV_5000,XIREC,256.0,9
373700,Mark 14,Mark 38,HYDROGEL_PACK,XIREC,9954.0,5
373800,,SUBMISSION,VEV_5000,XIREC,255.0,7
373900,,SUBMISSION,VEV_5000,XIREC,256.0,8
373900,,SUBMISSION,VEV_5000,XIREC,255.0,1
374000,,SUBMISSION,VEV_5000,XIREC,256.0,9
374100,,SUBMISSION,VEV_5000,XIREC,256.0,15
374100,Mark 14,Mark 55,VELVETFRUIT_EXTRACT,XIREC,5253.0,6
374200,,SUBMISSION,VEV_5000,XIREC,257.0,10
374200,,SUBMISSION,VEV_5000,XIREC,256.0,7
374300,,SUBMISSION,VEV_5000,XIREC,256.0,11
374400,,SUBMISSION,VEV_5000,XIREC,257.0,11
374400,,SUBMISSION,VEV_5000,XIREC,256.0,6
374400,Mark 14,Mark 55,VELVETFRUIT_EXTRACT,XIREC,5253.0,4
374500,,SUBMISSION,VEV_5000,XIREC,255.0,8
374600,,SUBMISSION,VEV_5000,XIREC,255.0,8
374700,,SUBMISSION,VEV_5000,XIREC,255.0,6
374800,SUBMISSION,Mark 38,VEV_4000,XIREC,1243.0,3
375100,Mark 14,Mark 38,HYDROGEL_PACK,XIREC,9947.0,2
376300,SUBMISSION,Mark 38,VEV_4000,XIREC,1237.0,2
376600,Mark 01,Mark 22,VEV_5300,XIREC,46.0,5
376600,Mark 01,Mark 22,VEV_5400,XIREC,15.0,5
376600,Mark 01,Mark 22,VEV_5500,XIREC,6.0,5
376600,Mark 01,Mark 22,VEV_6000,XIREC,0.0,5
376600,Mark 01,Mark 22,VEV_6500,XIREC,0.0,5
376800,SUBMISSION,,VELVETFRUIT_EXTRACT,XIREC,5246.0,3
377900,Mark 14,Mark 22,VEV_5300,XIREC,47.0,2
377900,Mark 01,Mark 22,VEV_5500,XIREC,6.0,2
377900,Mark 01,Mark 22,VEV_6000,XIREC,0.0,2
377900,Mark 01,Mark 22,VEV_6500,XIREC,0.0,2
379500,,SUBMISSION,VEV_5000,XIREC,254.0,2
380100,Mark 38,Mark 14,HYDROGEL_PACK,XIREC,9957.0,6
380200,,SUBMISSION,VEV_5000,XIREC,254.0,3
380300,,SUBMISSION,VEV_5000,XIREC,255.0,8
380400,,SUBMISSION,VEV_5000,XIREC,254.0,6
380700,,SUBMISSION,VEV_5000,XIREC,254.0,6
380700,Mark 38,Mark 14,HYDROGEL_PACK,XIREC,9948.0,4
380800,,SUBMISSION,VEV_5000,XIREC,255.0,9
380900,,SUBMISSION,VEV_5000,XIREC,254.0,6
380900,Mark 01,Mark 55,VELVETFRUIT_EXTRACT,XIREC,5250.0,8
381000,,SUBMISSION,VEV_5000,XIREC,255.0,7
381400,,SUBMISSION,VEV_5000,XIREC,254.0,2
381700,Mark 55,SUBMISSION,VELVETFRUIT_EXTRACT,XIREC,5254.0,8
383300,Mark 38,Mark 14,HYDROGEL_PACK,XIREC,9945.0,5
383600,Mark 38,Mark 14,HYDROGEL_PACK,XIREC,9948.0,4
383700,SUBMISSION,Mark 55,VELVETFRUIT_EXTRACT,XIREC,5247.0,7
384200,SUBMISSION,Mark 38,VEV_4000,XIREC,1240.0,1
384500,SUBMISSION,Mark 38,VEV_4000,XIREC,1239.0,1
384500,Mark 14,Mark 38,VEV_4000,XIREC,1238.0,2
385800,Mark 38,Mark 14,HYDROGEL_PACK,XIREC,9943.0,6
385900,SUBMISSION,Mark 55,VELVETFRUIT_EXTRACT,XIREC,5246.0,3
386000,SUBMISSION,Mark 55,VELVETFRUIT_EXTRACT,XIREC,5245.0,8
386100,SUBMISSION,,VELVETFRUIT_EXTRACT,XIREC,5248.0,4
386100,SUBMISSION,,VEV_5000,XIREC,253.0,10
386200,SUBMISSION,,VEV_5000,XIREC,253.0,23
386200,SUBMISSION,,VEV_5100,XIREC,164.0,6
386300,SUBMISSION,,VELVETFRUIT_EXTRACT,XIREC,5247.0,10
386300,SUBMISSION,,VEV_5000,XIREC,252.0,10
386400,SUBMISSION,,VELVETFRUIT_EXTRACT,XIREC,5246.0,7
386500,SUBMISSION,,VELVETFRUIT_EXTRACT,XIREC,5248.0,4
386500,SUBMISSION,,VEV_5000,XIREC,253.0,6
386600,SUBMISSION,,VELVETFRUIT_EXTRACT,XIREC,5248.0,4
386600,SUBMISSION,,VEV_5000,XIREC,254.0,26
386700,SUBMISSION,,VELVETFRUIT_EXTRACT,XIREC,5248.0,4
386700,SUBMISSION,,VEV_5000,XIREC,253.0,10
386800,Mark 38,Mark 14,VEV_4000,XIREC,1257.0,2
386900,SUBMISSION,,VELVETFRUIT_EXTRACT,XIREC,5248.0,4
386900,SUBMISSION,,VEV_5000,XIREC,253.0,11
387000,SUBMISSION,,VELVETFRUIT_EXTRACT,XIREC,5247.0,10
387100,SUBMISSION,,VELVETFRUIT_EXTRACT,XIREC,5248.0,4
387100,SUBMISSION,,VEV_5000,XIREC,254.0,22
387400,SUBMISSION,,VELVETFRUIT_EXTRACT,XIREC,5248.0,4
387400,SUBMISSION,,VEV_5000,XIREC,254.0,30
387500,SUBMISSION,,VELVETFRUIT_EXTRACT,XIREC,5245.0,13
388700,SUBMISSION,,VELVETFRUIT_EXTRACT,XIREC,5248.0,4
388700,SUBMISSION,,VEV_5000,XIREC,253.0,6
388800,SUBMISSION,,VELVETFRUIT_EXTRACT,XIREC,5248.0,4
388800,SUBMISSION,,VEV_5000,XIREC,253.0,12
388900,SUBMISSION,,VELVETFRUIT_EXTRACT,XIREC,5247.0,11
388900,SUBMISSION,,VEV_5000,XIREC,252.0,6
389000,SUBMISSION,,VELVETFRUIT_EXTRACT,XIREC,5246.0,17
389000,SUBMISSION,,VEV_5000,XIREC,252.0,24
389100,SUBMISSION,,VELVETFRUIT_EXTRACT,XIREC,5245.0,21
389100,SUBMISSION,,VELVETFRUIT_EXTRACT,XIREC,5246.0,3
389200,SUBMISSION,,VELVETFRUIT_EXTRACT,XIREC,5245.0,17
389200,SUBMISSION,,VEV_5000,XIREC,251.0,11
389300,SUBMISSION,,VELVETFRUIT_EXTRACT,XIREC,5244.0,18
389300,SUBMISSION,,VELVETFRUIT_EXTRACT,XIREC,5245.0,12
389300,SUBMISSION,,VEV_5000,XIREC,250.0,3
389400,SUBMISSION,,VELVETFRUIT_EXTRACT,XIREC,5243.0,8
389400,SUBMISSION,,VELVETFRUIT_EXTRACT,XIREC,5246.0,19
389500,SUBMISSION,,VELVETFRUIT_EXTRACT,XIREC,5246.0,16
389500,SUBMISSION,,VELVETFRUIT_EXTRACT,XIREC,5247.0,1
389600,SUBMISSION,,VELVETFRUIT_EXTRACT,XIREC,5246.0,15
389600,SUBMISSION,,VEV_5000,XIREC,252.0,2
389700,SUBMISSION,,VEV_5000,XIREC,252.0,4
389700,SUBMISSION,,VEV_5100,XIREC,164.0,20
389800,SUBMISSION,,VEV_5000,XIREC,253.0,7
389900,SUBMISSION,,VEV_5000,XIREC,252.0,11
390000,SUBMISSION,,VEV_5000,XIREC,252.0,17
390100,SUBMISSION,,VELVETFRUIT_EXTRACT,XIREC,5244.0,5
390100,Mark 67,Mark 49,VELVETFRUIT_EXTRACT,XIREC,5244.0,10
390200,SUBMISSION,,VEV_5000,XIREC,253.0,12
390300,SUBMISSION,,VEV_5000,XIREC,253.0,10
390400,SUBMISSION,,VEV_5000,XIREC,253.0,9
390400,SUBMISSION,,VEV_5000,XIREC,254.0,5
390500,SUBMISSION,,VELVETFRUIT_EXTRACT,XIREC,5246.0,10
390500,SUBMISSION,,VEV_5000,XIREC,252.0,17
390600,SUBMISSION,,VEV_5000,XIREC,252.0,6
390700,SUBMISSION,,VELVETFRUIT_EXTRACT,XIREC,5246.0,5
390700,SUBMISSION,,VEV_5000,XIREC,251.0,8
390800,SUBMISSION,,VEV_5000,XIREC,251.0,10
390800,SUBMISSION,,VEV_5000,XIREC,252.0,17
390800,Mark 14,Mark 38,VEV_4000,XIREC,1233.0,3
390900,SUBMISSION,,VEV_5000,XIREC,253.0,11
390900,SUBMISSION,,VEV_5000,XIREC,254.0,3
391100,SUBMISSION,,VEV_5000,XIREC,252.0,9
391400,SUBMISSION,,VEV_5000,XIREC,253.0,11
391400,SUBMISSION,,VEV_5100,XIREC,164.0,11
391500,SUBMISSION,,VELVETFRUIT_EXTRACT,XIREC,5245.0,8
391500,SUBMISSION,,VEV_5000,XIREC,250.0,11
391800,SUBMISSION,,VEV_5000,XIREC,252.0,9
392000,SUBMISSION,,VEV_5000,XIREC,253.0,6
392200,SUBMISSION,,VEV_5000,XIREC,254.0,14
392300,SUBMISSION,Mark 55,VELVETFRUIT_EXTRACT,XIREC,5243.0,5
392300,SUBMISSION,,VEV_5000,XIREC,252.0,5
393000,SUBMISSION,Mark 55,VELVETFRUIT_EXTRACT,XIREC,5243.0,4
393900,SUBMISSION,Mark 55,VELVETFRUIT_EXTRACT,XIREC,5242.0,6
394100,SUBMISSION,,VEV_5000,XIREC,250.0,6
394200,SUBMISSION,,VEV_5000,XIREC,248.0,4
394300,SUBMISSION,,VEV_5000,XIREC,248.0,1
394700,SUBMISSION,Mark 55,VELVETFRUIT_EXTRACT,XIREC,5238.0,8
394800,Mark 14,Mark 38,HYDROGEL_PACK,XIREC,9941.0,5
396000,Mark 55,Mark 01,VELVETFRUIT_EXTRACT,XIREC,5246.0,8
396200,SUBMISSION,Mark 55,VELVETFRUIT_EXTRACT,XIREC,5241.0,7
396300,Mark 38,Mark 14,HYDROGEL_PACK,XIREC,9956.0,4
397800,Mark 38,Mark 14,HYDROGEL_PACK,XIREC,9950.0,4
398400,SUBMISSION,Mark 55,VELVETFRUIT_EXTRACT,XIREC,5236.0,6
399700,SUBMISSION,,VEV_4000,XIREC,1240.0,5
399700,SUBMISSION,,VEV_4500,XIREC,740.0,5
399700,SUBMISSION,,VEV_5100,XIREC,158.0,5
399700,Mark 01,Mark 22,VEV_5400,XIREC,14.0,5
399700,Mark 01,Mark 22,VEV_5500,XIREC,6.0,5
399700,Mark 01,Mark 22,VEV_6000,XIREC,0.0,5
399700,Mark 01,Mark 22,VEV_6500,XIREC,0.0,5
399900,Mark 14,Mark 38,VEV_4000,XIREC,1231.0,1
400100,SUBMISSION,Mark 55,VELVETFRUIT_EXTRACT,XIREC,5241.0,3
400100,Mark 14,Mark 55,VELVETFRUIT_EXTRACT,XIREC,5240.0,5
400300,SUBMISSION,,VEV_5100,XIREC,162.0,7
400600,SUBMISSION,,VELVETFRUIT_EXTRACT,XIREC,5244.0,2
401900,SUBMISSION,Mark 55,VELVETFRUIT_EXTRACT,XIREC,5243.0,2
401900,Mark 01,Mark 55,VELVETFRUIT_EXTRACT,XIREC,5242.0,6
402400,SUBMISSION,Mark 55,VELVETFRUIT_EXTRACT,XIREC,5241.0,2
402400,Mark 14,Mark 55,VELVETFRUIT_EXTRACT,XIREC,5240.0,4
403500,SUBMISSION,Mark 55,VELVETFRUIT_EXTRACT,XIREC,5240.0,1
403500,Mark 01,Mark 55,VELVETFRUIT_EXTRACT,XIREC,5239.0,7
403600,Mark 14,Mark 38,HYDROGEL_PACK,XIREC,9922.0,6
404200,Mark 55,Mark 14,VELVETFRUIT_EXTRACT,XIREC,5247.0,4
406400,Mark 55,Mark 14,VELVETFRUIT_EXTRACT,XIREC,5246.0,5
407300,SUBMISSION,,VEV_5100,XIREC,162.0,10
407900,SUBMISSION,,VELVETFRUIT_EXTRACT,XIREC,5239.0,1
408700,SUBMISSION,,VEV_5000,XIREC,244.0,1
409300,Mark 14,Mark 38,HYDROGEL_PACK,XIREC,9929.0,6
410400,SUBMISSION,,VEV_4000,XIREC,1235.0,3
410400,SUBMISSION,,VEV_4500,XIREC,735.0,3
410400,SUBMISSION,,VEV_5100,XIREC,154.0,3
410400,Mark 01,Mark 22,VEV_5400,XIREC,13.0,3
410400,Mark 01,Mark 22,VEV_5500,XIREC,5.0,3
410400,Mark 01,Mark 22,VEV_6000,XIREC,0.0,3
410400,Mark 01,Mark 22,VEV_6500,XIREC,0.0,3
410600,Mark 55,Mark 14,VELVETFRUIT_EXTRACT,XIREC,5239.0,6
411000,Mark 38,Mark 14,HYDROGEL_PACK,XIREC,9951.0,4
411200,Mark 55,Mark 01,VELVETFRUIT_EXTRACT,XIREC,5236.0,7
411300,Mark 55,Mark 01,VELVETFRUIT_EXTRACT,XIREC,5236.0,7
411400,Mark 38,Mark 14,HYDROGEL_PACK,XIREC,9952.0,3
412300,Mark 38,Mark 14,HYDROGEL_PACK,XIREC,9953.0,2
414000,Mark 38,Mark 14,HYDROGEL_PACK,XIREC,9962.0,2
414400,Mark 14,Mark 38,HYDROGEL_PACK,XIREC,9945.0,3
414800,Mark 14,Mark 38,HYDROGEL_PACK,XIREC,9940.0,3
415700,Mark 55,Mark 14,VELVETFRUIT_EXTRACT,XIREC,5234.0,3
419700,Mark 38,SUBMISSION,VEV_4000,XIREC,1240.0,1
419900,Mark 55,Mark 01,VELVETFRUIT_EXTRACT,XIREC,5231.0,6
421500,Mark 14,Mark 38,HYDROGEL_PACK,XIREC,9946.0,3
424500,Mark 55,Mark 14,VELVETFRUIT_EXTRACT,XIREC,5235.0,7
425100,SUBMISSION,,VELVETFRUIT_EXTRACT,XIREC,5233.0,1
425400,Mark 38,SUBMISSION,VEV_4000,XIREC,1245.0,1
426800,Mark 14,Mark 55,VELVETFRUIT_EXTRACT,XIREC,5232.0,8
427000,Mark 14,Mark 38,HYDROGEL_PACK,XIREC,9950.0,2
427600,Mark 55,Mark 14,VELVETFRUIT_EXTRACT,XIREC,5237.0,8
428000,SUBMISSION,,VEV_4000,XIREC,1232.0,2
428000,SUBMISSION,,VEV_4500,XIREC,732.0,2
428000,Mark 01,Mark 22,VEV_5400,XIREC,13.0,2
428000,Mark 01,Mark 22,VEV_5500,XIREC,5.0,2
428000,Mark 01,Mark 22,VEV_6000,XIREC,0.0,2
428000,Mark 01,Mark 22,VEV_6500,XIREC,0.0,2
430200,Mark 55,Mark 14,VELVETFRUIT_EXTRACT,XIREC,5230.0,3
431000,Mark 55,Mark 01,VELVETFRUIT_EXTRACT,XIREC,5233.0,5
431700,Mark 55,Mark 14,VELVETFRUIT_EXTRACT,XIREC,5233.0,4
432100,Mark 55,Mark 14,VELVETFRUIT_EXTRACT,XIREC,5234.0,3
435300,Mark 01,Mark 55,VELVETFRUIT_EXTRACT,XIREC,5225.0,8
436200,Mark 38,Mark 14,HYDROGEL_PACK,XIREC,9935.0,5
437100,SUBMISSION,,VEV_4000,XIREC,1233.0,4
437100,SUBMISSION,,VEV_4500,XIREC,733.0,4
437100,Mark 38,SUBMISSION,VEV_5000,XIREC,237.0,1
437100,SUBMISSION,,VEV_5100,XIREC,152.0,4
437100,Mark 38,Mark 22,VEV_4000,XIREC,1233.0,1
437100,Mark 38,Mark 22,VEV_4500,XIREC,733.0,1
437100,Mark 38,Mark 22,VEV_5100,XIREC,152.0,1
437100,Mark 38,Mark 22,VEV_5200,XIREC,87.0,1
437100,Mark 38,Mark 22,VEV_5300,XIREC,41.0,1
437100,Mark 01,Mark 22,VEV_5400,XIREC,13.0,4
437100,Mark 01,Mark 22,VEV_5500,XIREC,5.0,4
437100,Mark 01,Mark 22,VEV_6000,XIREC,0.0,4
437100,Mark 01,Mark 22,VEV_6500,XIREC,0.0,4
438000,Mark 01,Mark 55,VELVETFRUIT_EXTRACT,XIREC,5230.0,7
440300,Mark 38,Mark 14,HYDROGEL_PACK,XIREC,9922.0,2
441300,Mark 14,Mark 38,HYDROGEL_PACK,XIREC,9902.0,2
443600,Mark 14,Mark 38,HYDROGEL_PACK,XIREC,9908.0,2
444000,Mark 14,Mark 38,VEV_4000,XIREC,1230.0,3
444300,Mark 01,Mark 55,VELVETFRUIT_EXTRACT,XIREC,5238.0,7
445900,Mark 55,Mark 14,VELVETFRUIT_EXTRACT,XIREC,5249.0,4
446500,,SUBMISSION,VELVETFRUIT_EXTRACT,XIREC,5247.0,17
448100,Mark 55,SUBMISSION,VELVETFRUIT_EXTRACT,XIREC,5253.0,3
448700,Mark 14,Mark 38,VEV_4000,XIREC,1238.0,3
450000,Mark 14,Mark 38,HYDROGEL_PACK,XIREC,9932.0,5
453500,SUBMISSION,Mark 55,VELVETFRUIT_EXTRACT,XIREC,5246.0,3
453500,Mark 01,Mark 55,VELVETFRUIT_EXTRACT,XIREC,5245.0,5
453600,Mark 55,SUBMISSION,VELVETFRUIT_EXTRACT,XIREC,5251.0,4
454800,SUBMISSION,Mark 55,VELVETFRUIT_EXTRACT,XIREC,5246.0,3
455200,SUBMISSION,Mark 55,VELVETFRUIT_EXTRACT,XIREC,5245.0,3
455200,Mark 01,Mark 55,VELVETFRUIT_EXTRACT,XIREC,5244.0,3
455400,Mark 38,SUBMISSION,VEV_4000,XIREC,1256.0,1
455700,Mark 01,Mark 22,VEV_5400,XIREC,15.0,4
455700,Mark 01,Mark 22,VEV_5500,XIREC,6.0,4
455700,Mark 01,Mark 22,VEV_6000,XIREC,0.0,4
455700,Mark 01,Mark 22,VEV_6500,XIREC,0.0,4
457700,Mark 14,Mark 38,HYDROGEL_PACK,XIREC,9914.0,4
458400,Mark 55,Mark 14,VELVETFRUIT_EXTRACT,XIREC,5248.0,3
459900,Mark 55,SUBMISSION,VELVETFRUIT_EXTRACT,XIREC,5251.0,8
459900,Mark 14,Mark 38,VEV_4000,XIREC,1239.0,2
460400,Mark 01,Mark 22,VEV_5300,XIREC,47.0,3
460400,Mark 14,Mark 22,VEV_5400,XIREC,16.0,3
460400,Mark 01,Mark 22,VEV_5500,XIREC,6.0,3
460400,Mark 01,Mark 22,VEV_6000,XIREC,0.0,3
460400,Mark 01,Mark 22,VEV_6500,XIREC,0.0,3
460700,Mark 55,SUBMISSION,VELVETFRUIT_EXTRACT,XIREC,5253.0,6
462000,,SUBMISSION,VELVETFRUIT_EXTRACT,XIREC,5254.0,1
462000,,SUBMISSION,VEV_5000,XIREC,257.0,27
462200,,SUBMISSION,VELVETFRUIT_EXTRACT,XIREC,5254.0,1
462200,,SUBMISSION,VEV_5000,XIREC,258.0,8
462300,Mark 55,SUBMISSION,VELVETFRUIT_EXTRACT,XIREC,5258.0,8
462300,,SUBMISSION,VEV_5000,XIREC,257.0,8
462400,,SUBMISSION,VELVETFRUIT_EXTRACT,XIREC,5254.0,1
462400,,SUBMISSION,VEV_5000,XIREC,257.0,30
462500,Mark 38,Mark 14,HYDROGEL_PACK,XIREC,9932.0,2
462800,,SUBMISSION,VELVETFRUIT_EXTRACT,XIREC,5254.0,2
462800,,SUBMISSION,VEV_5000,XIREC,257.0,30
464200,Mark 14,Mark 38,VEV_4000,XIREC,1241.0,1
465300,Mark 55,SUBMISSION,VELVETFRUIT_EXTRACT,XIREC,5254.0,8
468000,SUBMISSION,Mark 55,VELVETFRUIT_EXTRACT,XIREC,5248.0,3
469200,,SUBMISSION,VELVETFRUIT_EXTRACT,XIREC,5253.0,1
469200,,SUBMISSION,VEV_5000,XIREC,256.0,25
469300,Mark 01,Mark 55,VELVETFRUIT_EXTRACT,XIREC,5252.0,6
469600,Mark 14,Mark 55,VELVETFRUIT_EXTRACT,XIREC,5252.0,7
470400,Mark 55,SUBMISSION,VELVETFRUIT_EXTRACT,XIREC,5256.0,4
470500,,SUBMISSION,VELVETFRUIT_EXTRACT,XIREC,5253.0,2
470500,,SUBMISSION,VEV_5000,XIREC,257.0,8
472600,Mark 14,Mark 55,VELVETFRUIT_EXTRACT,XIREC,5249.0,3
474100,,SUBMISSION,VELVETFRUIT_EXTRACT,XIREC,5252.0,1
474100,,SUBMISSION,VEV_5000,XIREC,255.0,23
474200,,SUBMISSION,VELVETFRUIT_EXTRACT,XIREC,5253.0,5
474200,,SUBMISSION,VEV_5000,XIREC,257.0,11
474300,,SUBMISSION,VELVETFRUIT_EXTRACT,XIREC,5252.0,1
474300,,SUBMISSION,VEV_5000,XIREC,255.0,26
474400,,SUBMISSION,VELVETFRUIT_EXTRACT,XIREC,5252.0,1
474400,,SUBMISSION,VEV_5000,XIREC,255.0,21
475400,Mark 55,SUBMISSION,VELVETFRUIT_EXTRACT,XIREC,5253.0,7
475500,,SUBMISSION,VELVETFRUIT_EXTRACT,XIREC,5252.0,1
475500,,SUBMISSION,VEV_5000,XIREC,256.0,8
475500,Mark 14,Mark 38,VEV_4000,XIREC,1244.0,1
475600,,SUBMISSION,VELVETFRUIT_EXTRACT,XIREC,5252.0,1
475700,,SUBMISSION,VELVETFRUIT_EXTRACT,XIREC,5253.0,4
475800,,SUBMISSION,VELVETFRUIT_EXTRACT,XIREC,5252.0,2
475900,,SUBMISSION,VELVETFRUIT_EXTRACT,XIREC,5254.0,8
476000,,SUBMISSION,VELVETFRUIT_EXTRACT,XIREC,5254.0,9
476100,,SUBMISSION,VELVETFRUIT_EXTRACT,XIREC,5256.0,15
476200,,SUBMISSION,VELVETFRUIT_EXTRACT,XIREC,5254.0,8
476200,Mark 38,Mark 14,HYDROGEL_PACK,XIREC,9959.0,3
476300,,SUBMISSION,VELVETFRUIT_EXTRACT,XIREC,5254.0,9
476400,,SUBMISSION,VELVETFRUIT_EXTRACT,XIREC,5254.0,8
476500,,SUBMISSION,VELVETFRUIT_EXTRACT,XIREC,5254.0,8
476500,Mark 01,Mark 22,VEV_5400,XIREC,17.0,2
476500,Mark 01,Mark 22,VEV_5500,XIREC,7.0,2
476500,Mark 01,Mark 22,VEV_6000,XIREC,0.0,2
476500,Mark 01,Mark 22,VEV_6500,XIREC,0.0,2
476600,,SUBMISSION,VELVETFRUIT_EXTRACT,XIREC,5253.0,4
476700,,SUBMISSION,VELVETFRUIT_EXTRACT,XIREC,5253.0,4
476800,,SUBMISSION,VELVETFRUIT_EXTRACT,XIREC,5252.0,2
476900,,SUBMISSION,VELVETFRUIT_EXTRACT,XIREC,5253.0,4
477000,,SUBMISSION,VELVETFRUIT_EXTRACT,XIREC,5253.0,6
477100,,SUBMISSION,VELVETFRUIT_EXTRACT,XIREC,5254.0,2
477200,,SUBMISSION,VELVETFRUIT_EXTRACT,XIREC,5255.0,11
477300,,SUBMISSION,VELVETFRUIT_EXTRACT,XIREC,5256.0,15
477400,,SUBMISSION,VELVETFRUIT_EXTRACT,XIREC,5256.0,15
477500,,SUBMISSION,VELVETFRUIT_EXTRACT,XIREC,5256.0,15
477600,,SUBMISSION,VELVETFRUIT_EXTRACT,XIREC,5256.0,15
477600,,SUBMISSION,VEV_4000,XIREC,1258.0,3
477600,,SUBMISSION,VEV_4500,XIREC,758.0,3
477600,Mark 14,Mark 38,HYDROGEL_PACK,XIREC,9941.0,5
477700,,SUBMISSION,VELVETFRUIT_EXTRACT,XIREC,5254.0,8
477800,,SUBMISSION,VELVETFRUIT_EXTRACT,XIREC,5254.0,8
477900,,SUBMISSION,VELVETFRUIT_EXTRACT,XIREC,5252.0,2
477900,Mark 55,SUBMISSION,VELVETFRUIT_EXTRACT,XIREC,5257.0,5
478000,,SUBMISSION,VELVETFRUIT_EXTRACT,XIREC,5253.0,4
478100,,SUBMISSION,VELVETFRUIT_EXTRACT,XIREC,5252.0,1
478100,,SUBMISSION,VEV_4000,XIREC,1254.0,5
478100,,SUBMISSION,VEV_4500,XIREC,754.0,5
478600,,SUBMISSION,VELVETFRUIT_EXTRACT,XIREC,5252.0,1
478700,,SUBMISSION,VELVETFRUIT_EXTRACT,XIREC,5252.0,1
478900,Mark 14,Mark 55,VELVETFRUIT_EXTRACT,XIREC,5250.0,4
479100,Mark 38,Mark 14,HYDROGEL_PACK,XIREC,9973.0,5
480100,Mark 67,SUBMISSION,VELVETFRUIT_EXTRACT,XIREC,5250.0,10
480700,Mark 38,SUBMISSION,VEV_4000,XIREC,1258.0,2
480900,Mark 14,Mark 38,VEV_4000,XIREC,1239.0,2
481300,Mark 38,SUBMISSION,VEV_4000,XIREC,1256.0,1
481300,Mark 38,Mark 14,VEV_4000,XIREC,1257.0,2
481700,SUBMISSION,,VELVETFRUIT_EXTRACT,XIREC,5246.0,2
481700,SUBMISSION,,VEV_5100,XIREC,162.0,12
481800,SUBMISSION,,VELVETFRUIT_EXTRACT,XIREC,5246.0,4
481900,SUBMISSION,,VELVETFRUIT_EXTRACT,XIREC,5245.0,6
482000,SUBMISSION,,VELVETFRUIT_EXTRACT,XIREC,5246.0,2
482000,SUBMISSION,,VEV_5100,XIREC,162.0,30
482100,SUBMISSION,,VELVETFRUIT_EXTRACT,XIREC,5246.0,2
482100,SUBMISSION,,VEV_5100,XIREC,162.0,28
482200,SUBMISSION,,VELVETFRUIT_EXTRACT,XIREC,5246.0,4
482300,SUBMISSION,,VELVETFRUIT_EXTRACT,XIREC,5246.0,4
482900,SUBMISSION,,VELVETFRUIT_EXTRACT,XIREC,5245.0,6
483000,SUBMISSION,,VELVETFRUIT_EXTRACT,XIREC,5245.0,6
483100,SUBMISSION,,VELVETFRUIT_EXTRACT,XIREC,5245.0,6
483100,Mark 55,Mark 14,VELVETFRUIT_EXTRACT,XIREC,5245.0,8
483200,SUBMISSION,,VELVETFRUIT_EXTRACT,XIREC,5244.0,13
483200,SUBMISSION,,VEV_5100,XIREC,160.0,7
483200,Mark 38,Mark 14,VEV_4000,XIREC,1252.0,3
483300,SUBMISSION,,VELVETFRUIT_EXTRACT,XIREC,5243.0,17
483400,SUBMISSION,,VELVETFRUIT_EXTRACT,XIREC,5242.0,21
483500,SUBMISSION,,VELVETFRUIT_EXTRACT,XIREC,5243.0,19
483600,SUBMISSION,,VELVETFRUIT_EXTRACT,XIREC,5239.0,9
483600,SUBMISSION,,VELVETFRUIT_EXTRACT,XIREC,5243.0,15
483700,SUBMISSION,,VELVETFRUIT_EXTRACT,XIREC,5242.0,15
483700,SUBMISSION,,VELVETFRUIT_EXTRACT,XIREC,5243.0,5
483800,SUBMISSION,,VELVETFRUIT_EXTRACT,XIREC,5244.0,15
483800,SUBMISSION,Mark 55,VELVETFRUIT_EXTRACT,XIREC,5239.0,7
483900,SUBMISSION,,VELVETFRUIT_EXTRACT,XIREC,5245.0,6
484000,SUBMISSION,,VEV_5000,XIREC,250.0,6
484200,SUBMISSION,,VEV_5000,XIREC,251.0,2
484200,SUBMISSION,,VEV_5100,XIREC,162.0,22
484300,SUBMISSION,,VEV_5000,XIREC,251.0,2
484500,SUBMISSION,,VEV_5000,XIREC,250.0,6
484600,SUBMISSION,,VELVETFRUIT_EXTRACT,XIREC,5244.0,6
484600,SUBMISSION,,VEV_5000,XIREC,250.0,4
484700,SUBMISSION,,VEV_5000,XIREC,251.0,4
484800,SUBMISSION,,VEV_5000,XIREC,251.0,4
484900,SUBMISSION,,VEV_5000,XIREC,249.0,10
485000,SUBMISSION,,VEV_5000,XIREC,250.0,6
485100,SUBMISSION,,VEV_5000,XIREC,250.0,8
485200,SUBMISSION,,VEV_5000,XIREC,249.0,7
485200,SUBMISSION,,VEV_5000,XIREC,250.0,3
485300,SUBMISSION,,VEV_5000,XIREC,250.0,10
485300,Mark 14,Mark 38,HYDROGEL_PACK,XIREC,9952.0,3
485400,SUBMISSION,,VEV_5000,XIREC,251.0,2
485500,SUBMISSION,,VEV_5000,XIREC,250.0,8
485600,SUBMISSION,,VEV_5000,XIREC,250.0,7
485700,SUBMISSION,,VELVETFRUIT_EXTRACT,XIREC,5242.0,3
485900,SUBMISSION,,VEV_5000,XIREC,251.0,2
486000,SUBMISSION,,VEV_5000,XIREC,250.0,6
486200,SUBMISSION,,VEV_5000,XIREC,251.0,4
486300,SUBMISSION,,VEV_5000,XIREC,250.0,6
486400,SUBMISSION,Mark 55,VELVETFRUIT_EXTRACT,XIREC,5240.0,7
486400,SUBMISSION,,VEV_5000,XIREC,250.0,7
486500,SUBMISSION,,VEV_5000,XIREC,249.0,8
486500,SUBMISSION,,VEV_5000,XIREC,250.0,2
486700,SUBMISSION,,VELVETFRUIT_EXTRACT,XIREC,5242.0,1
486700,SUBMISSION,,VEV_5000,XIREC,248.0,17
486800,SUBMISSION,,VEV_5000,XIREC,247.0,12
486800,SUBMISSION,,VEV_5000,XIREC,248.0,6
486900,SUBMISSION,,VELVETFRUIT_EXTRACT,XIREC,5242.0,2
486900,SUBMISSION,,VEV_5000,XIREC,247.0,6
487000,SUBMISSION,,VELVETFRUIT_EXTRACT,XIREC,5241.0,3
487100,SUBMISSION,,VELVETFRUIT_EXTRACT,XIREC,5240.0,5
487100,SUBMISSION,,VEV_5000,XIREC,246.0,20
487300,SUBMISSION,,VEV_5000,XIREC,248.0,17
487500,SUBMISSION,,VEV_5000,XIREC,246.0,11
488300,SUBMISSION,,VEV_5100,XIREC,160.0,6
489300,SUBMISSION,,VEV_5100,XIREC,160.0,6
489600,Mark 14,Mark 38,HYDROGEL_PACK,XIREC,9948.0,4
489700,SUBMISSION,Mark 55,VELVETFRUIT_EXTRACT,XIREC,5238.0,6
489700,SUBMISSION,,VEV_4000,XIREC,1239.0,4
489700,SUBMISSION,,VEV_4500,XIREC,739.0,4
489700,SUBMISSION,,VEV_5100,XIREC,156.0,4
489700,,SUBMISSION,VEV_5100,XIREC,155.0,8
489700,Mark 01,Mark 22,VEV_5300,XIREC,43.0,4
489700,Mark 01,Mark 22,VEV_5400,XIREC,14.0,4
489700,Mark 01,Mark 22,VEV_5500,XIREC,5.0,4
489700,Mark 01,Mark 22,VEV_6000,XIREC,0.0,4
489700,Mark 01,Mark 22,VEV_6500,XIREC,0.0,4
489800,SUBMISSION,,VEV_5100,XIREC,160.0,6
490500,SUBMISSION,,VEV_5100,XIREC,160.0,6
490900,SUBMISSION,,VEV_5100,XIREC,162.0,1
490900,Mark 55,Mark 14,VELVETFRUIT_EXTRACT,XIREC,5246.0,5
491000,SUBMISSION,,VEV_5100,XIREC,162.0,3
491100,SUBMISSION,,VEV_5100,XIREC,162.0,3
491100,Mark 14,Mark 38,VEV_4000,XIREC,1233.0,3
491200,SUBMISSION,,VEV_5100,XIREC,162.0,3
492000,SUBMISSION,,VEV_5100,XIREC,162.0,3
492100,SUBMISSION,Mark 55,VELVETFRUIT_EXTRACT,XIREC,5242.0,5
492100,SUBMISSION,,VEV_5100,XIREC,162.0,3
492900,SUBMISSION,,VEV_5100,XIREC,162.0,2
493200,SUBMISSION,,VEV_5100,XIREC,160.0,9
493500,SUBMISSION,,VEV_5100,XIREC,160.0,9
493900,SUBMISSION,Mark 55,VELVETFRUIT_EXTRACT,XIREC,5238.0,3
494500,Mark 38,Mark 14,HYDROGEL_PACK,XIREC,9975.0,4
494600,SUBMISSION,,VEV_5000,XIREC,246.0,4
494700,Mark 14,Mark 38,VEV_4000,XIREC,1228.0,2
495100,SUBMISSION,,VEV_5000,XIREC,245.0,1
495300,SUBMISSION,,VEV_5100,XIREC,158.0,15
495300,Mark 14,Mark 38,HYDROGEL_PACK,XIREC,9964.0,5
496200,SUBMISSION,Mark 55,VELVETFRUIT_EXTRACT,XIREC,5240.0,5
496300,Mark 14,Mark 38,VEV_4000,XIREC,1230.0,2
498200,SUBMISSION,,VELVETFRUIT_EXTRACT,XIREC,5240.0,6
498200,Mark 22,Mark 49,VELVETFRUIT_EXTRACT,XIREC,5241.0,5
498400,SUBMISSION,Mark 55,VELVETFRUIT_EXTRACT,XIREC,5239.0,7
499700,SUBMISSION,,VEV_5100,XIREC,162.0,1
499900,SUBMISSION,,VEV_5100,XIREC,162.0,8
499900,Mark 14,Mark 38,HYDROGEL_PACK,XIREC,9990.0,6
500000,SUBMISSION,,VEV_5100,XIREC,162.0,8
500300,SUBMISSION,,VEV_5100,XIREC,162.0,22
500800,Mark 14,Mark 38,HYDROGEL_PACK,XIREC,9987.0,4
501400,Mark 14,Mark 38,HYDROGEL_PACK,XIREC,9987.0,6
502000,Mark 14,Mark 38,HYDROGEL_PACK,XIREC,9985.0,3
502700,Mark 01,Mark 22,VEV_5500,XIREC,6.0,2
502700,Mark 01,Mark 22,VEV_6000,XIREC,0.0,2
502700,Mark 01,Mark 22,VEV_6500,XIREC,0.0,2
503500,Mark 14,Mark 38,HYDROGEL_PACK,XIREC,9994.0,6
503500,Mark 14,Mark 38,VEV_4000,XIREC,1240.0,3
504300,,SUBMISSION,HYDROGEL_PACK,XIREC,10004.0,8
504500,,SUBMISSION,VELVETFRUIT_EXTRACT,XIREC,5252.0,3
504500,,SUBMISSION,VEV_5000,XIREC,256.0,7
504500,,SUBMISSION,VEV_5100,XIREC,167.0,7
504600,,SUBMISSION,VELVETFRUIT_EXTRACT,XIREC,5251.0,1
504600,,SUBMISSION,VEV_5000,XIREC,255.0,21
504600,,SUBMISSION,VEV_5100,XIREC,167.0,6
504700,,SUBMISSION,VELVETFRUIT_EXTRACT,XIREC,5252.0,3
504700,,SUBMISSION,VEV_5000,XIREC,256.0,7
504700,,SUBMISSION,VEV_5100,XIREC,167.0,7
504800,,SUBMISSION,HYDROGEL_PACK,XIREC,10004.0,8
505000,,SUBMISSION,VELVETFRUIT_EXTRACT,XIREC,5252.0,3
505000,,SUBMISSION,VEV_5000,XIREC,255.0,29
505000,,SUBMISSION,VEV_5100,XIREC,167.0,8
505100,,SUBMISSION,VELVETFRUIT_EXTRACT,XIREC,5252.0,3
505100,,SUBMISSION,VEV_5000,XIREC,256.0,10
505100,,SUBMISSION,VEV_5100,XIREC,167.0,10
505200,,SUBMISSION,VELVETFRUIT_EXTRACT,XIREC,5252.0,3
505200,,SUBMISSION,VEV_5000,XIREC,256.0,12
505200,,SUBMISSION,VEV_5100,XIREC,167.0,12
505300,,SUBMISSION,VELVETFRUIT_EXTRACT,XIREC,5253.0,3
505300,Mark 55,SUBMISSION,VELVETFRUIT_EXTRACT,XIREC,5255.0,3
505300,,SUBMISSION,VEV_5000,XIREC,257.0,26
505300,,SUBMISSION,VEV_5100,XIREC,168.0,26
505400,,SUBMISSION,VELVETFRUIT_EXTRACT,XIREC,5255.0,14
505400,,SUBMISSION,VEV_5000,XIREC,258.0,24
505400,,SUBMISSION,VEV_5100,XIREC,169.0,24
505500,,SUBMISSION,VELVETFRUIT_EXTRACT,XIREC,5255.0,14
505500,,SUBMISSION,VEV_5000,XIREC,258.0,30
505500,,SUBMISSION,VEV_5100,XIREC,169.0,10
505600,,SUBMISSION,VELVETFRUIT_EXTRACT,XIREC,5255.0,16
505600,,SUBMISSION,VEV_5000,XIREC,259.0,11
505700,,SUBMISSION,VELVETFRUIT_EXTRACT,XIREC,5256.0,18
505700,,SUBMISSION,VEV_5000,XIREC,259.0,23
505800,,SUBMISSION,VELVETFRUIT_EXTRACT,XIREC,5255.0,14
505800,,SUBMISSION,VEV_5000,XIREC,259.0,10
505900,,SUBMISSION,VELVETFRUIT_EXTRACT,XIREC,5255.0,14
505900,,SUBMISSION,VEV_5000,XIREC,259.0,8
506000,,SUBMISSION,VELVETFRUIT_EXTRACT,XIREC,5255.0,14
506100,,SUBMISSION,VELVETFRUIT_EXTRACT,XIREC,5255.0,14
506200,,SUBMISSION,VELVETFRUIT_EXTRACT,XIREC,5254.0,10
506200,Mark 14,Mark 55,VELVETFRUIT_EXTRACT,XIREC,5254.0,5
506300,,SUBMISSION,VELVETFRUIT_EXTRACT,XIREC,5253.0,8
506400,,SUBMISSION,VELVETFRUIT_EXTRACT,XIREC,5253.0,10
506500,,SUBMISSION,VELVETFRUIT_EXTRACT,XIREC,5254.0,12
506600,,SUBMISSION,VELVETFRUIT_EXTRACT,XIREC,5255.0,16
506700,,SUBMISSION,VELVETFRUIT_EXTRACT,XIREC,5256.0,20
506800,,SUBMISSION,VELVETFRUIT_EXTRACT,XIREC,5257.0,20
506800,,SUBMISSION,VELVETFRUIT_EXTRACT,XIREC,5256.0,3
506900,,SUBMISSION,VELVETFRUIT_EXTRACT,XIREC,5257.0,21
506900,,SUBMISSION,VELVETFRUIT_EXTRACT,XIREC,5256.0,2
507000,,SUBMISSION,VELVETFRUIT_EXTRACT,XIREC,5256.0,21
507100,,SUBMISSION,VELVETFRUIT_EXTRACT,XIREC,5258.0,24
507100,,SUBMISSION,VEV_5000,XIREC,262.0,5
507200,Mark 38,SUBMISSION,HYDROGEL_PACK,XIREC,10011.0,4
507200,,SUBMISSION,VELVETFRUIT_EXTRACT,XIREC,5260.0,8
507200,,SUBMISSION,VEV_5000,XIREC,263.0,12
507200,,SUBMISSION,VEV_5000,XIREC,262.0,14
507300,,SUBMISSION,VEV_5000,XIREC,261.0,26
507400,,SUBMISSION,VEV_5000,XIREC,261.0,9
507400,,SUBMISSION,VEV_5000,XIREC,260.0,13
507500,,SUBMISSION,VEV_5000,XIREC,261.0,9
507500,,SUBMISSION,VEV_5000,XIREC,260.0,17
507600,,SUBMISSION,VEV_5000,XIREC,261.0,8
507600,,SUBMISSION,VEV_5000,XIREC,260.0,18
507700,,SUBMISSION,VEV_5000,XIREC,262.0,29
507800,SUBMISSION,Mark 38,HYDROGEL_PACK,XIREC,9993.0,4
507800,,SUBMISSION,VEV_5000,XIREC,263.0,12
507800,,SUBMISSION,VEV_5000,XIREC,262.0,21
507800,Mark 14,Mark 38,HYDROGEL_PACK,XIREC,9992.0,2
507900,,SUBMISSION,VEV_5000,XIREC,263.0,8
507900,,SUBMISSION,VEV_5000,XIREC,262.0,12
507900,,SUBMISSION,VEV_5100,XIREC,173.0,12
508000,,SUBMISSION,VELVETFRUIT_EXTRACT,XIREC,5261.0,3
508000,,SUBMISSION,VEV_5000,XIREC,264.0,9
508000,,SUBMISSION,VEV_5000,XIREC,263.0,13
508000,,SUBMISSION,VEV_5100,XIREC,174.0,11
508100,,SUBMISSION,VEV_5100,XIREC,174.0,7
508100,,SUBMISSION,VEV_5100,XIREC,173.0,23
508200,,SUBMISSION,VEV_5100,XIREC,174.0,9
508200,,SUBMISSION,VEV_5100,XIREC,173.0,14
508300,,SUBMISSION,VEV_5100,XIREC,174.0,27
508400,,SUBMISSION,VEV_5100,XIREC,173.0,23
508500,,SUBMISSION,VEV_5100,XIREC,173.0,8
508500,,SUBMISSION,VEV_5100,XIREC,172.0,19
508600,,SUBMISSION,VEV_5100,XIREC,172.0,7
509000,,SUBMISSION,VEV_5100,XIREC,172.0,1
509100,Mark 14,Mark 38,VEV_4000,XIREC,1250.0,3
509200,,SUBMISSION,VEV_5100,XIREC,173.0,2
509700,,SUBMISSION,VELVETFRUIT_EXTRACT,XIREC,5259.0,14
509700,Mark 67,Mark 49,VELVETFRUIT_EXTRACT,XIREC,5260.0,13
509900,Mark 14,Mark 38,HYDROGEL_PACK,XIREC,10005.0,5
510000,,SUBMISSION,VEV_4000,XIREC,1262.0,3
510000,,SUBMISSION,VEV_4500,XIREC,762.0,3
510100,Mark 14,Mark 38,HYDROGEL_PACK,XIREC,10003.0,3
510900,,SUBMISSION,VEV_5100,XIREC,176.0,1
510900,,SUBMISSION,VEV_5100,XIREC,176.0,1
513200,Mark 38,SUBMISSION,HYDROGEL_PACK,XIREC,10009.0,5
514100,Mark 49,Mark 22,VELVETFRUIT_EXTRACT,XIREC,5263.0,7
514500,Mark 14,Mark 55,VELVETFRUIT_EXTRACT,XIREC,5265.0,6
515200,SUBMISSION,Mark 38,HYDROGEL_PACK,XIREC,10001.0,4
516800,Mark 14,Mark 55,VELVETFRUIT_EXTRACT,XIREC,5261.0,5
517900,Mark 14,Mark 38,VEV_4000,XIREC,1249.0,1
518800,Mark 38,SUBMISSION,VEV_4000,XIREC,1270.0,1
519000,Mark 14,Mark 38,HYDROGEL_PACK,XIREC,10002.0,5
519100,Mark 14,Mark 38,VEV_4000,XIREC,1246.0,2
519400,Mark 38,SUBMISSION,HYDROGEL_PACK,XIREC,10016.0,2
519500,Mark 01,Mark 22,VEV_5300,XIREC,50.0,4
519500,Mark 01,Mark 22,VEV_5400,XIREC,17.0,4
519500,Mark 01,Mark 22,VEV_5500,XIREC,6.0,4
519500,Mark 01,Mark 22,VEV_6000,XIREC,0.0,4
519500,Mark 01,Mark 22,VEV_6500,XIREC,0.0,4
520400,Mark 38,SUBMISSION,HYDROGEL_PACK,XIREC,10018.0,2
520500,Mark 01,Mark 55,VELVETFRUIT_EXTRACT,XIREC,5256.0,4
521100,Mark 14,Mark 38,VEV_4000,XIREC,1248.0,2
521800,Mark 55,SUBMISSION,VELVETFRUIT_EXTRACT,XIREC,5264.0,3
523300,Mark 55,SUBMISSION,VELVETFRUIT_EXTRACT,XIREC,5261.0,3
524000,Mark 01,Mark 22,VEV_5400,XIREC,17.0,4
524000,Mark 14,Mark 22,VEV_5500,XIREC,7.0,4
524000,Mark 01,Mark 22,VEV_6000,XIREC,0.0,4
524000,Mark 01,Mark 22,VEV_6500,XIREC,0.0,4
524500,Mark 67,SUBMISSION,VELVETFRUIT_EXTRACT,XIREC,5258.0,7
525500,Mark 14,Mark 38,VEV_4000,XIREC,1247.0,1
526200,Mark 01,Mark 55,VELVETFRUIT_EXTRACT,XIREC,5250.0,8
526600,Mark 38,SUBMISSION,HYDROGEL_PACK,XIREC,10020.0,4
527700,Mark 38,SUBMISSION,HYDROGEL_PACK,XIREC,10020.0,6
527700,Mark 55,SUBMISSION,VELVETFRUIT_EXTRACT,XIREC,5254.0,5
527700,Mark 55,Mark 14,VELVETFRUIT_EXTRACT,XIREC,5255.0,1
528100,,SUBMISSION,HYDROGEL_PACK,XIREC,10013.0,1
528200,,SUBMISSION,HYDROGEL_PACK,XIREC,10013.0,1
528300,,SUBMISSION,HYDROGEL_PACK,XIREC,10013.0,2
528400,,SUBMISSION,HYDROGEL_PACK,XIREC,10014.0,3
528500,,SUBMISSION,HYDROGEL_PACK,XIREC,10014.0,3
528600,,SUBMISSION,HYDROGEL_PACK,XIREC,10017.0,6
528600,Mark 55,SUBMISSION,VELVETFRUIT_EXTRACT,XIREC,5253.0,3
528600,Mark 55,Mark 14,VELVETFRUIT_EXTRACT,XIREC,5254.0,1
528700,,SUBMISSION,HYDROGEL_PACK,XIREC,10016.0,5
528800,,SUBMISSION,HYDROGEL_PACK,XIREC,10017.0,6
528900,,SUBMISSION,HYDROGEL_PACK,XIREC,10016.0,5
529000,,SUBMISSION,HYDROGEL_PACK,XIREC,10014.0,3
529100,,SUBMISSION,HYDROGEL_PACK,XIREC,10017.0,7
529200,,SUBMISSION,HYDROGEL_PACK,XIREC,10013.0,2
529300,,SUBMISSION,HYDROGEL_PACK,XIREC,10015.0,4
529400,,SUBMISSION,HYDROGEL_PACK,XIREC,10018.0,8
529400,Mark 55,SUBMISSION,VELVETFRUIT_EXTRACT,XIREC,5255.0,3
529400,Mark 55,Mark 14,VELVETFRUIT_EXTRACT,XIREC,5256.0,1
529500,,SUBMISSION,HYDROGEL_PACK,XIREC,10026.0,9
529500,,SUBMISSION,HYDROGEL_PACK,XIREC,10019.0,4
529600,,SUBMISSION,HYDROGEL_PACK,XIREC,10019.0,9
529700,,SUBMISSION,HYDROGEL_PACK,XIREC,10017.0,7
529800,,SUBMISSION,HYDROGEL_PACK,XIREC,10015.0,4
529900,,SUBMISSION,HYDROGEL_PACK,XIREC,10013.0,2
530000,,SUBMISSION,HYDROGEL_PACK,XIREC,10013.0,2
530000,Mark 01,Mark 55,VELVETFRUIT_EXTRACT,XIREC,5249.0,6
530100,,SUBMISSION,HYDROGEL_PACK,XIREC,10013.0,2
530300,Mark 14,Mark 38,HYDROGEL_PACK,XIREC,10010.0,3
530600,Mark 14,Mark 38,HYDROGEL_PACK,XIREC,10010.0,5
530700,,SUBMISSION,HYDROGEL_PACK,XIREC,10013.0,2
530800,,SUBMISSION,HYDROGEL_PACK,XIREC,10015.0,4
530900,,SUBMISSION,HYDROGEL_PACK,XIREC,10017.0,7
531000,,SUBMISSION,HYDROGEL_PACK,XIREC,10016.0,6
531100,,SUBMISSION,HYDROGEL_PACK,XIREC,10016.0,6
531200,,SUBMISSION,HYDROGEL_PACK,XIREC,10016.0,6
531300,,SUBMISSION,HYDROGEL_PACK,XIREC,10014.0,3
531400,,SUBMISSION,HYDROGEL_PACK,XIREC,10015.0,5
531500,,SUBMISSION,HYDROGEL_PACK,XIREC,10013.0,2
531600,,SUBMISSION,HYDROGEL_PACK,XIREC,10013.0,2
531700,,SUBMISSION,HYDROGEL_PACK,XIREC,10015.0,5
531800,,SUBMISSION,HYDROGEL_PACK,XIREC,10018.0,8
531900,,SUBMISSION,HYDROGEL_PACK,XIREC,10017.0,7
532000,,SUBMISSION,HYDROGEL_PACK,XIREC,10026.0,4
532000,,SUBMISSION,HYDROGEL_PACK,XIREC,10018.0,9
532100,,SUBMISSION,HYDROGEL_PACK,XIREC,10018.0,8
532200,,SUBMISSION,HYDROGEL_PACK,XIREC,10020.0,10
532200,,SUBMISSION,HYDROGEL_PACK,XIREC,10018.0,1
532300,,SUBMISSION,HYDROGEL_PACK,XIREC,10018.0,8
532400,,SUBMISSION,HYDROGEL_PACK,XIREC,10017.0,7
532500,,SUBMISSION,HYDROGEL_PACK,XIREC,10015.0,5
532600,,SUBMISSION,HYDROGEL_PACK,XIREC,10014.0,3
532700,,SUBMISSION,HYDROGEL_PACK,XIREC,10015.0,5
532800,,SUBMISSION,HYDROGEL_PACK,XIREC,10016.0,6
532900,,SUBMISSION,HYDROGEL_PACK,XIREC,10017.0,7
533000,,SUBMISSION,HYDROGEL_PACK,XIREC,10018.0,8
533100,,SUBMISSION,HYDROGEL_PACK,XIREC,10013.0,2
533100,Mark 38,SUBMISSION,HYDROGEL_PACK,XIREC,10028.0,2
533200,,SUBMISSION,HYDROGEL_PACK,XIREC,10013.0,2
533300,,SUBMISSION,HYDROGEL_PACK,XIREC,10014.0,4
533400,,SUBMISSION,HYDROGEL_PACK,XIREC,10014.0,4
533400,Mark 38,SUBMISSION,HYDROGEL_PACK,XIREC,10029.0,5
533500,,SUBMISSION,HYDROGEL_PACK,XIREC,10014.0,4
533600,,SUBMISSION,HYDROGEL_PACK,XIREC,10013.0,2
533700,,SUBMISSION,HYDROGEL_PACK,XIREC,10014.0,4
533800,,SUBMISSION,HYDROGEL_PACK,XIREC,10014.0,4
534100,SUBMISSION,Mark 55,VELVETFRUIT_EXTRACT,XIREC,5245.0,3
534800,Mark 38,SUBMISSION,HYDROGEL_PACK,XIREC,10017.0,3
535600,SUBMISSION,,VELVETFRUIT_EXTRACT,XIREC,5244.0,4
535600,SUBMISSION,,VEV_5000,XIREC,250.0,30
535600,SUBMISSION,,VEV_5100,XIREC,160.0,10
535700,SUBMISSION,,VELVETFRUIT_EXTRACT,XIREC,5243.0,7
535800,SUBMISSION,,VELVETFRUIT_EXTRACT,XIREC,5245.0,1
535800,SUBMISSION,,VEV_5000,XIREC,250.0,12
535900,SUBMISSION,,VELVETFRUIT_EXTRACT,XIREC,5244.0,4
535900,SUBMISSION,,VEV_5000,XIREC,250.0,30
535900,SUBMISSION,,VEV_5100,XIREC,160.0,12
536000,SUBMISSION,,VELVETFRUIT_EXTRACT,XIREC,5245.0,1
536100,SUBMISSION,,VELVETFRUIT_EXTRACT,XIREC,5244.0,4
536100,SUBMISSION,,VEV_5000,XIREC,250.0,30
536200,SUBMISSION,,VELVETFRUIT_EXTRACT,XIREC,5245.0,1
536200,SUBMISSION,,VEV_5000,XIREC,250.0,11
536300,SUBMISSION,,VELVETFRUIT_EXTRACT,XIREC,5243.0,7
536400,SUBMISSION,,VELVETFRUIT_EXTRACT,XIREC,5244.0,4
536400,SUBMISSION,,VEV_5000,XIREC,249.0,9
536400,SUBMISSION,,VEV_5100,XIREC,160.0,9
536500,SUBMISSION,,VELVETFRUIT_EXTRACT,XIREC,5244.0,4
536500,SUBMISSION,,VEV_5000,XIREC,250.0,30
536600,SUBMISSION,,VELVETFRUIT_EXTRACT,XIREC,5244.0,4
536600,SUBMISSION,,VEV_5000,XIREC,249.0,7
536600,SUBMISSION,,VEV_5100,XIREC,160.0,7
536700,SUBMISSION,,VELVETFRUIT_EXTRACT,XIREC,5243.0,7
536700,SUBMISSION,,VEV_5000,XIREC,248.0,8
536800,SUBMISSION,,VELVETFRUIT_EXTRACT,XIREC,5242.0,10
536800,SUBMISSION,,VEV_5000,XIREC,248.0,22
536900,SUBMISSION,,VELVETFRUIT_EXTRACT,XIREC,5241.0,13
537000,SUBMISSION,,VELVETFRUIT_EXTRACT,XIREC,5241.0,13
537100,SUBMISSION,,VELVETFRUIT_EXTRACT,XIREC,5240.0,16
537100,SUBMISSION,,VEV_5000,XIREC,246.0,11
537200,SUBMISSION,,VELVETFRUIT_EXTRACT,XIREC,5240.0,16
537200,SUBMISSION,,VEV_5000,XIREC,245.0,6
537300,SUBMISSION,,VELVETFRUIT_EXTRACT,XIREC,5241.0,15
537300,SUBMISSION,,VEV_5000,XIREC,246.0,11
537400,,SUBMISSION,HYDROGEL_PACK,XIREC,10021.0,5
537400,SUBMISSION,,VELVETFRUIT_EXTRACT,XIREC,5241.0,15
537400,SUBMISSION,,VEV_5000,XIREC,246.0,6
537500,SUBMISSION,,VELVETFRUIT_EXTRACT,XIREC,5241.0,13
537500,SUBMISSION,,VEV_5000,XIREC,246.0,6
537500,Mark 14,Mark 38,HYDROGEL_PACK,XIREC,10014.0,2
537500,Mark 55,Mark 01,VELVETFRUIT_EXTRACT,XIREC,5241.0,4
537600,SUBMISSION,,VELVETFRUIT_EXTRACT,XIREC,5240.0,17
537600,SUBMISSION,,VEV_5000,XIREC,246.0,6
537700,SUBMISSION,,VELVETFRUIT_EXTRACT,XIREC,5240.0,17
537800,SUBMISSION,,VELVETFRUIT_EXTRACT,XIREC,5241.0,11
537800,SUBMISSION,,VEV_5100,XIREC,158.0,27
537900,SUBMISSION,,VELVETFRUIT_EXTRACT,XIREC,5242.0,8
537900,SUBMISSION,Mark 55,VELVETFRUIT_EXTRACT,XIREC,5240.0,6
537900,SUBMISSION,,VEV_5100,XIREC,158.0,10
538000,Mark 38,SUBMISSION,HYDROGEL_PACK,XIREC,10023.0,2
538000,SUBMISSION,,VELVETFRUIT_EXTRACT,XIREC,5242.0,10
538100,SUBMISSION,,VELVETFRUIT_EXTRACT,XIREC,5241.0,14
538200,SUBMISSION,,VELVETFRUIT_EXTRACT,XIREC,5241.0,13
538300,SUBMISSION,,VELVETFRUIT_EXTRACT,XIREC,5239.0,15
538300,SUBMISSION,,VELVETFRUIT_EXTRACT,XIREC,5240.0,4
538400,SUBMISSION,,VELVETFRUIT_EXTRACT,XIREC,5239.0,19
538500,SUBMISSION,,VELVETFRUIT_EXTRACT,XIREC,5238.0,20
538500,SUBMISSION,,VELVETFRUIT_EXTRACT,XIREC,5239.0,2
538600,SUBMISSION,,VELVETFRUIT_EXTRACT,XIREC,5238.0,1
538600,SUBMISSION,,VEV_5000,XIREC,244.0,6
538700,SUBMISSION,,VEV_5000,XIREC,244.0,11
538800,SUBMISSION,,VEV_5000,XIREC,244.0,9
538900,Mark 38,SUBMISSION,HYDROGEL_PACK,XIREC,10021.0,6
538900,SUBMISSION,,VEV_5000,XIREC,244.0,12
539100,SUBMISSION,,VEV_5000,XIREC,246.0,15
539200,SUBMISSION,,VEV_5000,XIREC,246.0,15
539300,SUBMISSION,,VEV_5000,XIREC,244.0,7
539400,SUBMISSION,,VEV_5000,XIREC,245.0,15
539400,SUBMISSION,,VEV_5100,XIREC,156.0,22
539500,SUBMISSION,,VEV_5000,XIREC,244.0,9
539600,SUBMISSION,,VEV_5000,XIREC,244.0,6
539700,SUBMISSION,,VEV_5000,XIREC,244.0,6
539800,SUBMISSION,,VEV_5000,XIREC,244.0,8
539900,SUBMISSION,,VEV_5000,XIREC,244.0,8
540100,SUBMISSION,,VEV_5000,XIREC,246.0,14
540200,SUBMISSION,,VEV_5000,XIREC,245.0,6
540700,SUBMISSION,Mark 55,VELVETFRUIT_EXTRACT,XIREC,5239.0,7
541300,SUBMISSION,,VEV_5000,XIREC,247.0,8
541400,SUBMISSION,,VEV_5000,XIREC,245.0,9
541400,SUBMISSION,,VEV_5000,XIREC,246.0,5
541500,SUBMISSION,,VEV_5000,XIREC,246.0,10
541600,SUBMISSION,,VEV_5000,XIREC,246.0,6
541800,SUBMISSION,,VEV_5000,XIREC,245.0,8
541900,SUBMISSION,,VEV_5000,XIREC,245.0,12
542000,SUBMISSION,,VEV_5000,XIREC,246.0,2
542000,SUBMISSION,,VEV_5100,XIREC,157.0,8
542100,SUBMISSION,,VEV_5000,XIREC,246.0,3
542600,Mark 38,SUBMISSION,HYDROGEL_PACK,XIREC,10011.0,6
542600,SUBMISSION,,VEV_5000,XIREC,245.0,1
542900,SUBMISSION,,VEV_5000,XIREC,244.0,2
543200,SUBMISSION,,VEV_5100,XIREC,156.0,10
544300,SUBMISSION,Mark 55,VELVETFRUIT_EXTRACT,XIREC,5237.0,4
544400,Mark 55,Mark 01,VELVETFRUIT_EXTRACT,XIREC,5240.0,6
544500,Mark 38,Mark 14,VEV_4000,XIREC,1246.0,2
545000,SUBMISSION,Mark 55,VELVETFRUIT_EXTRACT,XIREC,5236.0,4
546200,SUBMISSION,,VEV_5000,XIREC,242.0,3
547100,SUBMISSION,,VEV_5000,XIREC,240.0,3
547600,SUBMISSION,,VEV_4000,XIREC,1233.0,4
547600,SUBMISSION,,VEV_4500,XIREC,733.0,4
547600,Mark 01,Mark 22,VEV_5400,XIREC,12.0,4
547600,Mark 01,Mark 22,VEV_6000,XIREC,0.0,4
547600,Mark 01,Mark 22,VEV_6500,XIREC,0.0,4
547800,SUBMISSION,Mark 55,VELVETFRUIT_EXTRACT,XIREC,5233.0,3
548400,SUBMISSION,,VEV_4000,XIREC,1232.0,5
548400,SUBMISSION,,VEV_4500,XIREC,732.0,5
548400,Mark 01,Mark 22,VEV_5400,XIREC,12.0,5
548400,Mark 01,Mark 22,VEV_6000,XIREC,0.0,5
548400,Mark 01,Mark 22,VEV_6500,XIREC,0.0,5
548900,SUBMISSION,,VEV_5000,XIREC,238.0,2
549800,Mark 55,Mark 01,VELVETFRUIT_EXTRACT,XIREC,5236.0,5
550300,Mark 38,SUBMISSION,VEV_4000,XIREC,1241.0,1
550400,SUBMISSION,Mark 38,HYDROGEL_PACK,XIREC,9999.0,2
550900,Mark 14,Mark 38,VEV_4000,XIREC,1221.0,2
551100,SUBMISSION,,VEV_5100,XIREC,154.0,12
551600,Mark 67,Mark 22,VELVETFRUIT_EXTRACT,XIREC,5234.0,8
552300,SUBMISSION,,VELVETFRUIT_EXTRACT,XIREC,5231.0,14
552600,Mark 38,SUBMISSION,VEV_4000,XIREC,1243.0,3
553100,SUBMISSION,,VEV_4000,XIREC,1229.0,4
553100,SUBMISSION,,VEV_4500,XIREC,729.0,4
553100,SUBMISSION,,VEV_5000,XIREC,235.0,1
553100,SUBMISSION,,VEV_5000,XIREC,235.0,1
553100,SUBMISSION,,VEV_5100,XIREC,148.0,4
553100,Mark 01,Mark 22,VEV_5300,XIREC,39.0,4
