timestamp;buyer;seller;symbol;currency;price;quantity
2500;;;VELVETFRUIT_EXTRACT;XIREC;5250.0;4
2900;SUBMISSION;;VEV_5400;XIREC;22.0;3
2900;SUBMISSION;;VEV_5500;XIREC;8.0;3
2900;;;VEV_6000;XIREC;0.0;3
2900;;;VEV_6500;XIREC;0.0;3
3400;SUBMISSION;;VELVETFRUIT_EXTRACT;XIREC;5247.0;19
3600;SUBMISSION;;VELVETFRUIT_EXTRACT;XIREC;5246.0;16
3800;SUBMISSION;;VELVETFRUIT_EXTRACT;XIREC;5243.0;11
3900;SUBMISSION;;VELVETFRUIT_EXTRACT;XIREC;5246.0;54
5200;;;VELVETFRUIT_EXTRACT;XIREC;5236.0;3
5500;;;VELVETFRUIT_EXTRACT;XIREC;5241.0;8
8000;;SUBMISSION;HYDROGEL_PACK;XIREC;10017.0;6
9000;SUBMISSION;;VEV_4000;XIREC;1227.0;2
9300;;;VELVETFRUIT_EXTRACT;XIREC;5229.0;6
9900;SUBMISSION;;VEV_5200;XIREC;94.0;29
9900;SUBMISSION;;VEV_5300;XIREC;48.0;22
9900;SUBMISSION;;VEV_5400;XIREC;20.0;9
9900;SUBMISSION;;VEV_5400;XIREC;21.0;13
9900;SUBMISSION;;VEV_5500;XIREC;8.0;22
10000;SUBMISSION;;VEV_5200;XIREC;93.0;21
10000;SUBMISSION;;VEV_5300;XIREC;47.0;28
10000;SUBMISSION;;VEV_5400;XIREC;20.0;28
10000;SUBMISSION;;VEV_5500;XIREC;8.0;28
10100;;SUBMISSION;HYDROGEL_PACK;XIREC;10013.0;5
10100;SUBMISSION;;VEV_5200;XIREC;92.0;28
10100;SUBMISSION;;VEV_5300;XIREC;47.0;20
10100;SUBMISSION;;VEV_5400;XIREC;20.0;20
10100;SUBMISSION;;VEV_5500;XIREC;8.0;20
10200;SUBMISSION;;VEV_5200;XIREC;93.0;17
10200;SUBMISSION;;VEV_5300;XIREC;47.0;20
10200;SUBMISSION;;VEV_5400;XIREC;20.0;20
10200;SUBMISSION;;VEV_5500;XIREC;8.0;20
10300;SUBMISSION;;VEV_5300;XIREC;47.0;5
10300;SUBMISSION;;VEV_5400;XIREC;20.0;2
10300;SUBMISSION;;VEV_5500;XIREC;8.0;2
11100;;SUBMISSION;VEV_4000;XIREC;1241.0;1
11900;;;VELVETFRUIT_EXTRACT;XIREC;5237.0;4
14000;;;VELVETFRUIT_EXTRACT;XIREC;5243.0;7
15200;;;VEV_5400;XIREC;21.0;5
15200;;;VEV_5500;XIREC;7.0;5
15200;;;VEV_6000;XIREC;0.0;5
15200;;;VEV_6500;XIREC;0.0;5
15300;;SUBMISSION;HYDROGEL_PACK;XIREC;10025.0;3
15400;SUBMISSION;;VEV_4000;XIREC;1237.0;3
15700;;;HYDROGEL_PACK;XIREC;10009.0;2
16400;;;HYDROGEL_PACK;XIREC;10009.0;4
16500;;SUBMISSION;VEV_5400;XIREC;21.0;7
16500;SUBMISSION;;VEV_5400;XIREC;22.0;7
16700;;SUBMISSION;VEV_5400;XIREC;21.0;6
16700;SUBMISSION;;VEV_5400;XIREC;22.0;6
17000;;;VELVETFRUIT_EXTRACT;XIREC;5239.0;6
17300;;SUBMISSION;VEV_5400;XIREC;21.0;9
17300;SUBMISSION;;VEV_5400;XIREC;22.0;9
18000;;SUBMISSION;VEV_5400;XIREC;20.0;20
18000;SUBMISSION;;VEV_5400;XIREC;21.0;20
18100;;SUBMISSION;VEV_5400;XIREC;20.0;17
18100;SUBMISSION;;VEV_5400;XIREC;21.0;17
18600;;SUBMISSION;VEV_4000;XIREC;1242.0;3
19900;;;VELVETFRUIT_EXTRACT;XIREC;5236.0;7
20300;;;HYDROGEL_PACK;XIREC;10002.0;5
20500;;;HYDROGEL_PACK;XIREC;10000.0;3
20700;;;VELVETFRUIT_EXTRACT;XIREC;5238.0;5
22500;;;VELVETFRUIT_EXTRACT;XIREC;5234.0;4
23200;;;VELVETFRUIT_EXTRACT;XIREC;5234.0;4
23300;;;HYDROGEL_PACK;XIREC;9997.0;2
24100;SUBMISSION;;HYDROGEL_PACK;XIREC;9995.0;5
24400;SUBMISSION;;VEV_4000;XIREC;1230.0;1
25800;;SUBMISSION;VEV_5500;XIREC;6.0;17
25800;SUBMISSION;;VEV_5500;XIREC;7.0;17
26000;;SUBMISSION;VEV_5500;XIREC;6.0;27
26000;SUBMISSION;;VEV_5500;XIREC;7.0;27
26100;;SUBMISSION;VEV_5500;XIREC;6.0;22
26100;SUBMISSION;;VEV_5500;XIREC;7.0;22
26100;;;VELVETFRUIT_EXTRACT;XIREC;5227.0;5
26200;;SUBMISSION;VEV_5500;XIREC;6.0;18
26200;SUBMISSION;;VEV_5500;XIREC;7.0;18
26300;;SUBMISSION;VEV_5500;XIREC;6.0;21
26300;SUBMISSION;;VEV_5500;XIREC;7.0;21
27300;;;VELVETFRUIT_EXTRACT;XIREC;5230.0;3
28400;SUBMISSION;;HYDROGEL_PACK;XIREC;9995.0;14
28400;;;VELVETFRUIT_EXTRACT;XIREC;5230.0;8
28500;SUBMISSION;;HYDROGEL_PACK;XIREC;9994.0;10
28500;;;HYDROGEL_PACK;XIREC;9994.0;5
28600;SUBMISSION;;HYDROGEL_PACK;XIREC;9991.0;12
28600;SUBMISSION;;HYDROGEL_PACK;XIREC;9994.0;29
28700;SUBMISSION;;HYDROGEL_PACK;XIREC;9992.0;13
28700;SUBMISSION;;HYDROGEL_PACK;XIREC;9995.0;24
28800;SUBMISSION;;HYDROGEL_PACK;XIREC;9991.0;7
29100;;;HYDROGEL_PACK;XIREC;9973.0;6
29300;;SUBMISSION;VEV_5500;XIREC;6.0;25
29300;SUBMISSION;;VEV_5500;XIREC;7.0;25
29800;;;VELVETFRUIT_EXTRACT;XIREC;5232.0;4
31700;;;VEV_5400;XIREC;18.0;5
31700;;;VEV_5500;XIREC;6.0;5
31700;;;VEV_6000;XIREC;0.0;5
31700;;;VEV_6500;XIREC;0.0;5
32400;;SUBMISSION;VEV_5500;XIREC;6.0;22
32400;SUBMISSION;;VEV_5500;XIREC;7.0;22
32500;;SUBMISSION;VEV_5500;XIREC;6.0;25
32500;SUBMISSION;;VEV_5500;XIREC;7.0;25
32600;;SUBMISSION;VEV_5500;XIREC;6.0;21
32600;SUBMISSION;;VEV_5500;XIREC;7.0;21
32700;;SUBMISSION;VEV_5400;XIREC;18.0;18
32700;SUBMISSION;;VEV_5400;XIREC;19.0;18
32700;;SUBMISSION;VEV_5500;XIREC;6.0;18
32700;SUBMISSION;;VEV_5500;XIREC;7.0;18
32800;;SUBMISSION;VEV_5400;XIREC;18.0;29
32800;SUBMISSION;;VEV_5400;XIREC;19.0;29
32800;;SUBMISSION;VEV_5500;XIREC;6.0;29
32800;SUBMISSION;;VEV_5500;XIREC;7.0;29
32900;;SUBMISSION;VEV_5400;XIREC;18.0;27
32900;SUBMISSION;;VEV_5400;XIREC;19.0;27
32900;;SUBMISSION;VEV_5500;XIREC;6.0;27
32900;SUBMISSION;;VEV_5500;XIREC;7.0;27
33000;;SUBMISSION;VEV_5400;XIREC;18.0;26
33000;SUBMISSION;;VEV_5400;XIREC;19.0;26
33000;;SUBMISSION;VEV_5500;XIREC;6.0;26
33000;SUBMISSION;;VEV_5500;XIREC;7.0;26
33100;;SUBMISSION;VEV_5500;XIREC;6.0;25
33100;SUBMISSION;;VEV_5500;XIREC;7.0;25
33200;;SUBMISSION;VEV_5500;XIREC;6.0;27
33200;SUBMISSION;;VEV_5500;XIREC;7.0;27
33300;;SUBMISSION;VEV_5500;XIREC;6.0;19
33300;SUBMISSION;;VEV_5500;XIREC;7.0;19
33300;;;VELVETFRUIT_EXTRACT;XIREC;5233.0;6
33400;;SUBMISSION;VEV_5500;XIREC;6.0;29
33400;SUBMISSION;;VEV_5500;XIREC;7.0;29
33500;;SUBMISSION;VEV_5500;XIREC;6.0;22
33500;SUBMISSION;;VEV_5500;XIREC;7.0;22
33600;;SUBMISSION;VEV_5500;XIREC;6.0;28
33600;SUBMISSION;;VEV_5500;XIREC;7.0;28
33700;;SUBMISSION;VEV_5500;XIREC;6.0;20
33700;SUBMISSION;;VEV_5500;XIREC;7.0;20
33800;;SUBMISSION;VEV_5500;XIREC;6.0;22
33800;SUBMISSION;;VEV_5500;XIREC;7.0;22
33900;;SUBMISSION;VEV_5400;XIREC;18.0;19
33900;SUBMISSION;;VEV_5400;XIREC;19.0;19
33900;;SUBMISSION;VEV_5500;XIREC;6.0;19
33900;SUBMISSION;;VEV_5500;XIREC;7.0;19
34000;;SUBMISSION;VEV_5400;XIREC;18.0;22
34000;SUBMISSION;;VEV_5400;XIREC;19.0;22
34000;;SUBMISSION;VEV_5500;XIREC;6.0;22
34000;SUBMISSION;;VEV_5500;XIREC;7.0;22
34100;;SUBMISSION;VEV_5400;XIREC;18.0;17
34100;SUBMISSION;;VEV_5400;XIREC;19.0;17
34100;;SUBMISSION;VEV_5500;XIREC;6.0;17
34100;SUBMISSION;;VEV_5500;XIREC;7.0;17
34200;;SUBMISSION;VEV_5400;XIREC;18.0;22
34200;SUBMISSION;;VEV_5400;XIREC;19.0;22
34200;;SUBMISSION;VEV_5500;XIREC;6.0;22
34200;SUBMISSION;;VEV_5500;XIREC;7.0;22
34300;;SUBMISSION;VEV_5400;XIREC;18.0;17
34300;SUBMISSION;;VEV_5400;XIREC;19.0;17
34300;;SUBMISSION;VEV_5500;XIREC;6.0;17
34300;SUBMISSION;;VEV_5500;XIREC;7.0;17
34400;;SUBMISSION;VEV_5400;XIREC;18.0;22
34400;SUBMISSION;;VEV_5400;XIREC;19.0;22
34400;;SUBMISSION;VEV_5500;XIREC;6.0;22
34400;SUBMISSION;;VEV_5500;XIREC;7.0;22
34500;;SUBMISSION;VEV_5400;XIREC;18.0;21
34500;SUBMISSION;;VEV_5400;XIREC;19.0;21
34500;;SUBMISSION;VEV_5500;XIREC;6.0;21
34500;SUBMISSION;;VEV_5500;XIREC;7.0;21
34600;;SUBMISSION;VEV_5400;XIREC;18.0;16
34600;SUBMISSION;;VEV_5400;XIREC;19.0;16
34600;;SUBMISSION;VEV_5500;XIREC;6.0;16
34600;SUBMISSION;;VEV_5500;XIREC;7.0;16
34700;;SUBMISSION;VEV_5400;XIREC;18.0;26
34700;SUBMISSION;;VEV_5400;XIREC;19.0;26
34700;;SUBMISSION;VEV_5500;XIREC;6.0;26
34700;SUBMISSION;;VEV_5500;XIREC;7.0;26
35000;;SUBMISSION;VEV_5500;XIREC;6.0;22
35000;SUBMISSION;;VEV_5500;XIREC;7.0;22
35100;;SUBMISSION;VEV_5500;XIREC;6.0;16
35100;SUBMISSION;;VEV_5500;XIREC;7.0;16
35200;;SUBMISSION;VEV_5500;XIREC;6.0;23
35200;SUBMISSION;;VEV_5500;XIREC;7.0;23
35300;;SUBMISSION;VEV_5500;XIREC;6.0;18
35300;SUBMISSION;;VEV_5500;XIREC;7.0;18
35900;;SUBMISSION;VEV_5500;XIREC;7.0;7
35900;SUBMISSION;;VEV_5500;XIREC;8.0;7
36200;;SUBMISSION;VEV_5400;XIREC;19.0;10
36200;SUBMISSION;;VEV_5400;XIREC;20.0;10
36500;;;VELVETFRUIT_EXTRACT;XIREC;5229.0;7
36600;;SUBMISSION;VEV_5500;XIREC;6.0;20
36600;SUBMISSION;;VEV_5500;XIREC;7.0;20
36700;;SUBMISSION;VEV_5500;XIREC;6.0;23
36700;SUBMISSION;;VEV_5500;XIREC;7.0;23
36800;;;VELVETFRUIT_EXTRACT;XIREC;5228.0;7
37300;;;VELVETFRUIT_EXTRACT;XIREC;5231.0;5
38200;;SUBMISSION;VEV_5500;XIREC;7.0;6
38200;SUBMISSION;;VEV_5500;XIREC;8.0;6
38200;;;VELVETFRUIT_EXTRACT;XIREC;5232.0;5
38400;;;VELVETFRUIT_EXTRACT;XIREC;5235.0;3
38500;;SUBMISSION;VEV_5500;XIREC;6.0;25
38500;SUBMISSION;;VEV_5500;XIREC;7.0;25
38600;;SUBMISSION;VEV_5500;XIREC;6.0;22
38600;SUBMISSION;;VEV_5500;XIREC;7.0;22
38700;;;VELVETFRUIT_EXTRACT;XIREC;5236.0;6
39500;;SUBMISSION;VEV_5500;XIREC;6.0;17
39500;SUBMISSION;;VEV_5500;XIREC;7.0;17
39600;;SUBMISSION;VEV_5500;XIREC;6.0;21
39600;SUBMISSION;;VEV_5500;XIREC;7.0;21
39900;;SUBMISSION;VEV_5400;XIREC;19.0;8
39900;SUBMISSION;;VEV_5400;XIREC;20.0;8
39900;;;VELVETFRUIT_EXTRACT;XIREC;5230.0;8
40300;;SUBMISSION;VEV_5500;XIREC;7.0;7
40300;SUBMISSION;;VEV_5500;XIREC;8.0;7
40400;;SUBMISSION;VEV_5500;XIREC;7.0;8
40400;SUBMISSION;;VEV_5500;XIREC;8.0;8
40500;;;VELVETFRUIT_EXTRACT;XIREC;5232.0;7
40800;;SUBMISSION;VEV_5500;XIREC;6.0;28
40800;SUBMISSION;;VEV_5500;XIREC;7.0;25
40900;;SUBMISSION;VEV_5500;XIREC;6.0;23
40900;SUBMISSION;;VEV_5500;XIREC;7.0;23
41000;SUBMISSION;;VEV_5500;XIREC;8.0;3
41500;;SUBMISSION;VEV_4000;XIREC;1237.0;1
41800;;SUBMISSION;VEV_5400;XIREC;18.0;21
41800;SUBMISSION;;VEV_5400;XIREC;19.0;21
41800;;SUBMISSION;VEV_5500;XIREC;6.0;21
41800;SUBMISSION;;VEV_5500;XIREC;7.0;21
41900;;SUBMISSION;VEV_5400;XIREC;18.0;21
41900;SUBMISSION;;VEV_5400;XIREC;19.0;21
42000;;SUBMISSION;VEV_5400;XIREC;18.0;18
42000;SUBMISSION;;VEV_5400;XIREC;19.0;18
42000;;SUBMISSION;VEV_5500;XIREC;6.0;18
42000;SUBMISSION;;VEV_5500;XIREC;7.0;18
42100;;SUBMISSION;VEV_5500;XIREC;7.0;8
42100;SUBMISSION;;VEV_5500;XIREC;8.0;8
42200;;SUBMISSION;VEV_5500;XIREC;7.0;10
42200;SUBMISSION;;VEV_5500;XIREC;8.0;10
42300;;SUBMISSION;VEV_5500;XIREC;7.0;10
42300;SUBMISSION;;VEV_5500;XIREC;8.0;10
43400;;SUBMISSION;VEV_5400;XIREC;19.0;9
43400;SUBMISSION;;VEV_5400;XIREC;20.0;9
43600;;SUBMISSION;VEV_5400;XIREC;19.0;9
43600;SUBMISSION;;VEV_5400;XIREC;20.0;9
43900;;SUBMISSION;VEV_5500;XIREC;7.0;5
43900;SUBMISSION;;VEV_5500;XIREC;8.0;5
44100;;SUBMISSION;VEV_5400;XIREC;19.0;9
44100;SUBMISSION;;VEV_5400;XIREC;20.0;9
44500;;SUBMISSION;VEV_5400;XIREC;19.0;9
44500;SUBMISSION;;VEV_5400;XIREC;20.0;9
44700;;SUBMISSION;VEV_5500;XIREC;7.0;7
44700;SUBMISSION;;VEV_5500;XIREC;8.0;7
45100;;;VEV_5400;XIREC;19.0;2
45100;;;VEV_5500;XIREC;7.0;2
45100;;;VEV_6000;XIREC;0.0;2
45100;;;VEV_6500;XIREC;0.0;2
45800;;;HYDROGEL_PACK;XIREC;9978.0;2
46300;;SUBMISSION;VEV_5400;XIREC;20.0;28
46300;SUBMISSION;;VEV_5400;XIREC;21.0;28
46400;;SUBMISSION;VEV_5400;XIREC;20.0;9
46400;SUBMISSION;;VEV_5400;XIREC;21.0;9
46500;;SUBMISSION;VEV_5400;XIREC;20.0;18
46500;SUBMISSION;;VEV_5400;XIREC;21.0;18
46600;;SUBMISSION;VEV_5400;XIREC;20.0;22
46600;SUBMISSION;;VEV_5400;XIREC;21.0;22
46800;;SUBMISSION;VEV_5400;XIREC;20.0;26
46800;SUBMISSION;;VEV_5400;XIREC;21.0;26
46900;;SUBMISSION;VEV_5400;XIREC;20.0;24
46900;SUBMISSION;;VEV_5400;XIREC;21.0;24
47100;;SUBMISSION;VEV_5400;XIREC;20.0;8
47100;SUBMISSION;;VEV_5400;XIREC;21.0;8
47900;;;VELVETFRUIT_EXTRACT;XIREC;5234.0;4
49900;;SUBMISSION;VEV_5400;XIREC;20.0;20
49900;SUBMISSION;;VEV_5400;XIREC;21.0;20
50000;;SUBMISSION;VEV_5400;XIREC;20.0;5
50000;SUBMISSION;;VEV_5400;XIREC;21.0;5
50100;;SUBMISSION;VEV_5400;XIREC;20.0;24
50100;SUBMISSION;;VEV_5400;XIREC;21.0;24
50200;;SUBMISSION;VEV_5400;XIREC;20.0;20
50200;SUBMISSION;;VEV_5400;XIREC;21.0;20
50300;;SUBMISSION;VEV_5400;XIREC;20.0;17
50300;SUBMISSION;;VEV_5400;XIREC;21.0;17
50900;;SUBMISSION;VEV_5400;XIREC;20.0;30
50900;SUBMISSION;;VEV_5400;XIREC;21.0;30
51300;;SUBMISSION;VEV_5400;XIREC;21.0;6
51300;SUBMISSION;;VEV_5400;XIREC;22.0;6
51700;;SUBMISSION;VEV_5400;XIREC;20.0;25
51700;SUBMISSION;;VEV_5400;XIREC;21.0;25
51800;;SUBMISSION;VEV_5400;XIREC;20.0;22
51800;SUBMISSION;;VEV_5400;XIREC;21.0;22
51900;;SUBMISSION;VEV_5400;XIREC;20.0;19
51900;SUBMISSION;;VEV_5400;XIREC;21.0;19
52000;;SUBMISSION;VEV_5400;XIREC;20.0;7
52000;SUBMISSION;;VEV_5400;XIREC;21.0;7
52200;;SUBMISSION;VEV_5400;XIREC;20.0;6
52200;SUBMISSION;;VEV_5400;XIREC;21.0;6
52700;;SUBMISSION;VEV_5400;XIREC;20.0;17
52700;SUBMISSION;;VEV_5400;XIREC;21.0;17
52800;;SUBMISSION;VEV_5400;XIREC;20.0;21
52800;SUBMISSION;;VEV_5400;XIREC;21.0;21
52900;;SUBMISSION;VEV_5400;XIREC;20.0;20
52900;SUBMISSION;;VEV_5400;XIREC;21.0;20
53000;;SUBMISSION;VEV_5400;XIREC;20.0;10
53000;SUBMISSION;;VEV_5400;XIREC;21.0;10
54000;;SUBMISSION;VEV_5400;XIREC;20.0;24
54000;SUBMISSION;;VEV_5400;XIREC;21.0;24
54100;;SUBMISSION;VEV_5400;XIREC;20.0;16
54100;SUBMISSION;;VEV_5400;XIREC;21.0;16
54200;;SUBMISSION;VEV_5400;XIREC;20.0;17
54200;SUBMISSION;;VEV_5400;XIREC;21.0;17
54300;;;VELVETFRUIT_EXTRACT;XIREC;5239.0;4
54500;;SUBMISSION;VEV_5400;XIREC;20.0;20
54500;SUBMISSION;;VEV_5400;XIREC;21.0;20
54600;;;HYDROGEL_PACK;XIREC;9987.0;3
54700;;SUBMISSION;VEV_5400;XIREC;20.0;25
54700;SUBMISSION;;VEV_5400;XIREC;21.0;25
54800;;SUBMISSION;VEV_5400;XIREC;20.0;18
54800;SUBMISSION;;VEV_5400;XIREC;21.0;18
54900;;SUBMISSION;VELVETFRUIT_EXTRACT;XIREC;5240.0;4
55000;SUBMISSION;;VELVETFRUIT_EXTRACT;XIREC;5237.0;4
55000;;;HYDROGEL_PACK;XIREC;9987.0;6
55100;;SUBMISSION;VEV_5400;XIREC;20.0;5
55100;SUBMISSION;;VEV_5400;XIREC;21.0;5
55500;;SUBMISSION;VEV_5400;XIREC;20.0;24
55500;SUBMISSION;;VEV_5400;XIREC;21.0;24
55600;;SUBMISSION;VEV_5400;XIREC;20.0;7
55600;SUBMISSION;;VEV_5400;XIREC;21.0;7
55700;;SUBMISSION;VEV_5400;XIREC;20.0;26
55700;SUBMISSION;;VEV_5400;XIREC;21.0;26
56300;;SUBMISSION;VEV_5500;XIREC;8.0;25
56300;SUBMISSION;;VEV_5500;XIREC;9.0;25
56400;;SUBMISSION;VEV_5500;XIREC;8.0;27
56400;SUBMISSION;;VEV_5500;XIREC;9.0;27
56500;;SUBMISSION;VEV_5500;XIREC;8.0;25
56500;SUBMISSION;;VEV_5500;XIREC;9.0;25
56600;;SUBMISSION;VEV_5500;XIREC;8.0;24
56600;SUBMISSION;;VEV_5500;XIREC;9.0;24
56700;;SUBMISSION;VEV_5500;XIREC;8.0;21
56700;SUBMISSION;;VEV_5500;XIREC;9.0;21
56700;;;HYDROGEL_PACK;XIREC;9991.0;6
56800;;SUBMISSION;VEV_5500;XIREC;8.0;23
56800;SUBMISSION;;VEV_5500;XIREC;9.0;23
57000;;SUBMISSION;VEV_5500;XIREC;8.0;21
57000;SUBMISSION;;VEV_5500;XIREC;9.0;21
57100;;SUBMISSION;VEV_5500;XIREC;8.0;8
57100;SUBMISSION;;VEV_5500;XIREC;9.0;8
57200;;SUBMISSION;VEV_5500;XIREC;8.0;17
57200;SUBMISSION;;VEV_5500;XIREC;9.0;17
57300;;SUBMISSION;VEV_5500;XIREC;8.0;16
57300;SUBMISSION;;VEV_5500;XIREC;9.0;16
57400;;SUBMISSION;VEV_5400;XIREC;21.0;8
57400;SUBMISSION;;VEV_5400;XIREC;22.0;8
57500;;SUBMISSION;VELVETFRUIT_EXTRACT;XIREC;5245.0;4
57500;;SUBMISSION;VEV_5500;XIREC;8.0;8
57500;SUBMISSION;;VEV_5500;XIREC;9.0;8
57700;;SUBMISSION;VEV_5400;XIREC;21.0;5
57700;SUBMISSION;;VEV_5400;XIREC;22.0;5
57900;SUBMISSION;;VEV_4000;XIREC;1237.0;1
58300;;SUBMISSION;VEV_5500;XIREC;8.0;9
58300;SUBMISSION;;VEV_5500;XIREC;9.0;9
59500;;SUBMISSION;VEV_5500;XIREC;8.0;25
59500;SUBMISSION;;VEV_5500;XIREC;9.0;25
59600;;SUBMISSION;VEV_5500;XIREC;8.0;18
59600;SUBMISSION;;VEV_5500;XIREC;9.0;18
59900;;SUBMISSION;VEV_5400;XIREC;21.0;9
59900;SUBMISSION;;VEV_5400;XIREC;22.0;9
60000;;;HYDROGEL_PACK;XIREC;9988.0;4
60300;;SUBMISSION;VEV_5500;XIREC;8.0;29
60300;SUBMISSION;;VEV_5500;XIREC;9.0;29
60400;;SUBMISSION;VEV_5500;XIREC;8.0;21
60400;SUBMISSION;;VEV_5500;XIREC;9.0;21
60500;;SUBMISSION;VEV_5500;XIREC;8.0;20
60500;SUBMISSION;;VEV_5500;XIREC;9.0;20
60600;;SUBMISSION;VEV_5400;XIREC;21.0;10
60600;SUBMISSION;;VEV_5400;XIREC;22.0;10
61400;;SUBMISSION;VEV_5400;XIREC;20.0;15
61400;SUBMISSION;;VEV_5400;XIREC;21.0;15
61500;;SUBMISSION;VEV_5400;XIREC;20.0;20
61500;SUBMISSION;;VEV_5400;XIREC;21.0;20
61600;;SUBMISSION;VEV_5400;XIREC;20.0;15
61600;SUBMISSION;;VEV_5400;XIREC;21.0;15
61900;;SUBMISSION;VELVETFRUIT_EXTRACT;XIREC;5241.0;5
61900;;SUBMISSION;VEV_5400;XIREC;20.0;20
61900;SUBMISSION;;VEV_5400;XIREC;21.0;20
62100;;SUBMISSION;VEV_5400;XIREC;20.0;30
62100;SUBMISSION;;VEV_5400;XIREC;21.0;30
62300;;SUBMISSION;VEV_5400;XIREC;20.0;9
62300;SUBMISSION;;VEV_5400;XIREC;21.0;9
62400;SUBMISSION;;VEV_4000;XIREC;1234.0;2
62400;;SUBMISSION;VEV_5400;XIREC;20.0;25
62400;SUBMISSION;;VEV_5400;XIREC;21.0;25
62600;;SUBMISSION;VEV_5400;XIREC;20.0;17
62600;SUBMISSION;;VEV_5400;XIREC;21.0;17
62700;;SUBMISSION;VEV_5400;XIREC;20.0;19
62700;SUBMISSION;;VEV_5400;XIREC;21.0;19
63100;;SUBMISSION;VEV_5400;XIREC;20.0;26
63100;SUBMISSION;;VEV_5400;XIREC;21.0;26
63200;;SUBMISSION;VEV_5400;XIREC;20.0;25
63200;SUBMISSION;;VEV_5400;XIREC;21.0;25
63300;;SUBMISSION;VEV_5400;XIREC;20.0;27
63300;SUBMISSION;;VEV_5400;XIREC;21.0;27
63400;;SUBMISSION;VEV_5400;XIREC;20.0;19
63400;SUBMISSION;;VEV_5400;XIREC;21.0;19
63600;;SUBMISSION;VEV_5400;XIREC;20.0;23
63600;SUBMISSION;;VEV_5400;XIREC;21.0;23
63700;;SUBMISSION;VEV_5400;XIREC;20.0;24
63700;SUBMISSION;;VEV_5400;XIREC;21.0;24
63800;;SUBMISSION;VEV_5400;XIREC;20.0;24
63800;SUBMISSION;;VEV_5400;XIREC;21.0;24
63900;;SUBMISSION;VEV_5400;XIREC;20.0;23
63900;SUBMISSION;;VEV_5400;XIREC;21.0;23
63900;;;HYDROGEL_PACK;XIREC;9986.0;5
64100;;SUBMISSION;VEV_5400;XIREC;20.0;19
64100;SUBMISSION;;VEV_5400;XIREC;21.0;19
64400;SUBMISSION;;VELVETFRUIT_EXTRACT;XIREC;5237.0;9
65100;;SUBMISSION;VEV_5400;XIREC;19.0;5
65100;SUBMISSION;;VEV_5400;XIREC;20.0;5
65600;;;VELVETFRUIT_EXTRACT;XIREC;5238.0;8
66700;;SUBMISSION;VEV_5400;XIREC;20.0;19
66700;SUBMISSION;;VEV_5400;XIREC;21.0;19
66800;;SUBMISSION;VEV_5400;XIREC;20.0;7
66800;SUBMISSION;;VEV_5400;XIREC;21.0;7
66900;;SUBMISSION;VEV_5400;XIREC;20.0;29
66900;SUBMISSION;;VEV_5400;XIREC;21.0;29
67600;;;HYDROGEL_PACK;XIREC;9993.0;5
68100;;SUBMISSION;VEV_5500;XIREC;7.0;7
68100;SUBMISSION;;VEV_5500;XIREC;8.0;7
68200;;SUBMISSION;VEV_5400;XIREC;19.0;8
68200;SUBMISSION;;VEV_5400;XIREC;20.0;8
68300;;SUBMISSION;VEV_5500;XIREC;7.0;7
68300;SUBMISSION;;VEV_5500;XIREC;8.0;7
68400;;;VEV_6000;XIREC;0.0;5
68400;;;VEV_6500;XIREC;0.0;5
68900;;SUBMISSION;VEV_5400;XIREC;20.0;25
68900;SUBMISSION;;VEV_5400;XIREC;21.0;25
69000;;SUBMISSION;VEV_5400;XIREC;20.0;27
69000;SUBMISSION;;VEV_5400;XIREC;21.0;27
69100;;SUBMISSION;VEV_5400;XIREC;20.0;20
69100;SUBMISSION;;VEV_5400;XIREC;21.0;20
69200;;SUBMISSION;VEV_5400;XIREC;20.0;20
69200;SUBMISSION;;VEV_5400;XIREC;21.0;20
69200;;;VELVETFRUIT_EXTRACT;XIREC;5239.0;8
69300;;SUBMISSION;VEV_5400;XIREC;20.0;17
69300;SUBMISSION;;VEV_5400;XIREC;21.0;17
69400;;SUBMISSION;VEV_5400;XIREC;20.0;25
69400;SUBMISSION;;VEV_5400;XIREC;21.0;25
69500;;;VEV_5300;XIREC;48.0;5
69500;;;VEV_5400;XIREC;20.0;5
69500;;;VEV_5500;XIREC;7.0;5
69500;;;VEV_6000;XIREC;0.0;5
69500;;;VEV_6500;XIREC;0.0;5
69900;;SUBMISSION;VEV_5400;XIREC;20.0;28
69900;SUBMISSION;;VEV_5400;XIREC;21.0;28
70100;;SUBMISSION;VEV_5400;XIREC;20.0;28
70100;SUBMISSION;;VEV_5400;XIREC;21.0;28
70200;;SUBMISSION;VEV_5400;XIREC;20.0;22
70200;SUBMISSION;;VEV_5400;XIREC;21.0;22
70300;;SUBMISSION;VEV_5400;XIREC;20.0;26
70300;SUBMISSION;;VEV_5400;XIREC;21.0;26
70400;;SUBMISSION;VEV_5400;XIREC;20.0;23
70400;SUBMISSION;;VEV_5400;XIREC;21.0;23
70500;;SUBMISSION;VEV_5400;XIREC;20.0;20
70500;SUBMISSION;;VEV_5400;XIREC;21.0;20
70600;;SUBMISSION;VEV_5400;XIREC;20.0;20
70600;SUBMISSION;;VEV_5400;XIREC;21.0;20
70700;;SUBMISSION;VEV_5400;XIREC;20.0;19
70700;SUBMISSION;;VEV_5400;XIREC;21.0;19
70900;;SUBMISSION;VEV_5400;XIREC;20.0;19
70900;SUBMISSION;;VEV_5400;XIREC;21.0;19
71500;;SUBMISSION;VEV_5400;XIREC;21.0;5
71500;SUBMISSION;;VEV_5400;XIREC;22.0;5
71800;;SUBMISSION;VEV_5400;XIREC;21.0;7
71800;SUBMISSION;;VEV_5400;XIREC;22.0;7
72200;;SUBMISSION;VEV_5400;XIREC;21.0;6
72200;SUBMISSION;;VEV_5400;XIREC;22.0;6
72900;;SUBMISSION;VEV_5500;XIREC;8.0;21
72900;SUBMISSION;;VEV_5500;XIREC;9.0;21
73000;;SUBMISSION;VEV_5500;XIREC;8.0;25
73000;SUBMISSION;;VEV_5500;XIREC;9.0;25
73000;;;HYDROGEL_PACK;XIREC;9980.0;3
73300;;SUBMISSION;VEV_5500;XIREC;8.0;18
73300;SUBMISSION;;VEV_5500;XIREC;9.0;18
73400;;SUBMISSION;VEV_5500;XIREC;8.0;26
73400;SUBMISSION;;VEV_5500;XIREC;9.0;26
73500;;SUBMISSION;VEV_5500;XIREC;8.0;21
73500;SUBMISSION;;VEV_5500;XIREC;9.0;21
73600;;SUBMISSION;VEV_5500;XIREC;8.0;20
73600;SUBMISSION;;VEV_5500;XIREC;9.0;20
73700;;SUBMISSION;VEV_5500;XIREC;8.0;25
73700;SUBMISSION;;VEV_5500;XIREC;9.0;25
73900;;SUBMISSION;VEV_5500;XIREC;8.0;24
73900;SUBMISSION;;VEV_5500;XIREC;9.0;24
74000;;SUBMISSION;VEV_5500;XIREC;8.0;10
74000;SUBMISSION;;VEV_5500;XIREC;9.0;10
74100;;SUBMISSION;VEV_5500;XIREC;8.0;23
74100;SUBMISSION;;VEV_5500;XIREC;9.0;23
74200;;SUBMISSION;VEV_5500;XIREC;8.0;19
74200;SUBMISSION;;VEV_5500;XIREC;9.0;19
74300;;SUBMISSION;VEV_5500;XIREC;8.0;22
74300;SUBMISSION;;VEV_5500;XIREC;9.0;22
74400;;SUBMISSION;VEV_5500;XIREC;8.0;19
74400;SUBMISSION;;VEV_5500;XIREC;9.0;19
75300;;SUBMISSION;VEV_4000;XIREC;1248.0;3
75500;;SUBMISSION;VELVETFRUIT_EXTRACT;XIREC;5242.0;6
75800;SUBMISSION;;VELVETFRUIT_EXTRACT;XIREC;5240.0;3
75800;;SUBMISSION;VEV_5400;XIREC;21.0;7
75800;SUBMISSION;;VEV_5400;XIREC;22.0;7
76300;;SUBMISSION;VELVETFRUIT_EXTRACT;XIREC;5246.0;8
76300;;SUBMISSION;VEV_5500;XIREC;8.0;26
76300;SUBMISSION;;VEV_5500;XIREC;9.0;26
76400;;SUBMISSION;VEV_5500;XIREC;8.0;24
76400;SUBMISSION;;VEV_5500;XIREC;9.0;24
76500;;SUBMISSION;VEV_5500;XIREC;8.0;16
76500;SUBMISSION;;VEV_5500;XIREC;9.0;16
76600;;SUBMISSION;VEV_5500;XIREC;8.0;21
76600;SUBMISSION;;VEV_5500;XIREC;9.0;21
76700;;SUBMISSION;VEV_5500;XIREC;8.0;24
76700;SUBMISSION;;VEV_5500;XIREC;9.0;24
76800;;SUBMISSION;VEV_5400;XIREC;21.0;2
76800;SUBMISSION;;VEV_5400;XIREC;22.0;2
77000;;SUBMISSION;VEV_5400;XIREC;21.0;9
77000;SUBMISSION;;VEV_5400;XIREC;22.0;9
77200;;SUBMISSION;VEV_5500;XIREC;8.0;9
77200;SUBMISSION;;VEV_5500;XIREC;9.0;9
77300;;SUBMISSION;VEV_5500;XIREC;8.0;23
77300;SUBMISSION;;VEV_5500;XIREC;9.0;23
77500;;SUBMISSION;VEV_5500;XIREC;8.0;18
77500;SUBMISSION;;VEV_5500;XIREC;9.0;18
77600;;SUBMISSION;VEV_5500;XIREC;8.0;9
77600;SUBMISSION;;VEV_5500;XIREC;9.0;9
77700;;SUBMISSION;VEV_5500;XIREC;8.0;5
77700;SUBMISSION;;VEV_5500;XIREC;9.0;5
77800;;SUBMISSION;VEV_5500;XIREC;8.0;23
77800;SUBMISSION;;VEV_5500;XIREC;9.0;23
77800;;;HYDROGEL_PACK;XIREC;9990.0;2
77900;;SUBMISSION;VEV_5500;XIREC;8.0;19
77900;SUBMISSION;;VEV_5500;XIREC;9.0;19
78000;;SUBMISSION;VEV_5500;XIREC;8.0;27
78000;SUBMISSION;;VEV_5500;XIREC;9.0;27
78100;;SUBMISSION;VEV_5500;XIREC;8.0;17
78100;SUBMISSION;;VEV_5500;XIREC;9.0;17
78200;;SUBMISSION;VEV_5500;XIREC;8.0;8
78200;SUBMISSION;;VEV_5500;XIREC;9.0;8
78300;;SUBMISSION;VEV_5500;XIREC;8.0;22
78300;SUBMISSION;;VEV_5500;XIREC;9.0;22
78500;;SUBMISSION;VEV_5500;XIREC;8.0;19
78500;SUBMISSION;;VEV_5500;XIREC;9.0;19
78600;;SUBMISSION;VEV_5500;XIREC;8.0;28
78600;SUBMISSION;;VEV_5500;XIREC;9.0;28
78700;;SUBMISSION;VEV_5500;XIREC;8.0;19
78700;SUBMISSION;;VEV_5500;XIREC;9.0;19
78800;;SUBMISSION;VEV_5500;XIREC;8.0;18
78800;SUBMISSION;;VEV_5500;XIREC;9.0;18
78900;;SUBMISSION;VEV_5500;XIREC;8.0;21
78900;SUBMISSION;;VEV_5500;XIREC;9.0;21
79000;SUBMISSION;;VEV_4000;XIREC;1240.0;2
79000;;SUBMISSION;VEV_5500;XIREC;8.0;28
79000;SUBMISSION;;VEV_5500;XIREC;9.0;28
79100;;SUBMISSION;VEV_5500;XIREC;8.0;17
79100;SUBMISSION;;VEV_5500;XIREC;9.0;17
79200;;SUBMISSION;VEV_5500;XIREC;8.0;29
79200;SUBMISSION;;VEV_5500;XIREC;9.0;29
79300;;SUBMISSION;VEV_5500;XIREC;8.0;17
79300;SUBMISSION;;VEV_5500;XIREC;9.0;17
79400;;SUBMISSION;VEV_5400;XIREC;22.0;7
79400;SUBMISSION;;VEV_5400;XIREC;23.0;7
79400;;SUBMISSION;VEV_5500;XIREC;8.0;25
79400;SUBMISSION;;VEV_5500;XIREC;9.0;25
79500;;SUBMISSION;VEV_5400;XIREC;22.0;23
79500;SUBMISSION;;VEV_5400;XIREC;23.0;23
79500;;SUBMISSION;VEV_5500;XIREC;8.0;23
79500;SUBMISSION;;VEV_5500;XIREC;9.0;23
79600;;SUBMISSION;VEV_5500;XIREC;8.0;22
79600;SUBMISSION;;VEV_5500;XIREC;9.0;22
79700;;SUBMISSION;VEV_5500;XIREC;8.0;30
79700;SUBMISSION;;VEV_5500;XIREC;9.0;30
79800;;SUBMISSION;VEV_4000;XIREC;1255.0;1
79800;;SUBMISSION;VEV_5400;XIREC;22.0;24
79800;SUBMISSION;;VEV_5400;XIREC;23.0;24
79800;;SUBMISSION;VEV_5500;XIREC;8.0;24
79800;SUBMISSION;;VEV_5500;XIREC;9.0;24
79800;;;VELVETFRUIT_EXTRACT;XIREC;5247.0;6
79900;;SUBMISSION;VEV_4000;XIREC;1256.0;2
79900;;SUBMISSION;VEV_5500;XIREC;8.0;19
79900;SUBMISSION;;VEV_5500;XIREC;9.0;19
80000;;SUBMISSION;VEV_5400;XIREC;22.0;26
80000;SUBMISSION;;VEV_5400;XIREC;23.0;26
80000;;SUBMISSION;VEV_5500;XIREC;8.0;26
80000;SUBMISSION;;VEV_5500;XIREC;9.0;26
80100;;SUBMISSION;VEV_5400;XIREC;22.0;18
80100;SUBMISSION;;VEV_5400;XIREC;23.0;18
80100;;SUBMISSION;VEV_5500;XIREC;8.0;18
80100;SUBMISSION;;VEV_5500;XIREC;9.0;18
80200;;SUBMISSION;VEV_5500;XIREC;8.0;26
80200;SUBMISSION;;VEV_5500;XIREC;9.0;26
80300;;SUBMISSION;VEV_5400;XIREC;22.0;10
80300;SUBMISSION;;VEV_5400;XIREC;23.0;10
80300;;SUBMISSION;VEV_5500;XIREC;8.0;27
80300;SUBMISSION;;VEV_5500;XIREC;9.0;27
80400;;SUBMISSION;VEV_5400;XIREC;22.0;18
80400;SUBMISSION;;VEV_5400;XIREC;23.0;18
80400;;SUBMISSION;VEV_5500;XIREC;8.0;18
80400;SUBMISSION;;VEV_5500;XIREC;9.0;18
80500;;SUBMISSION;VEV_5500;XIREC;8.0;21
80500;SUBMISSION;;VEV_5500;XIREC;9.0;21
80600;;SUBMISSION;VEV_5500;XIREC;8.0;27
80600;SUBMISSION;;VEV_5500;XIREC;9.0;27
80900;;SUBMISSION;VEV_5500;XIREC;8.0;21
80900;SUBMISSION;;VEV_5500;XIREC;9.0;21
81300;;SUBMISSION;VEV_5400;XIREC;23.0;7
81300;SUBMISSION;;VEV_5400;XIREC;24.0;7
81700;;SUBMISSION;VEV_4000;XIREC;1259.0;1
81700;;SUBMISSION;VEV_5500;XIREC;9.0;8
81700;SUBMISSION;;VEV_5500;XIREC;10.0;8
82200;;SUBMISSION;VEV_5500;XIREC;8.0;21
82200;SUBMISSION;;VEV_5500;XIREC;9.0;21
82300;;SUBMISSION;VEV_5500;XIREC;8.0;27
82300;SUBMISSION;;VEV_5500;XIREC;9.0;27
82400;;SUBMISSION;VEV_5400;XIREC;22.0;26
82400;SUBMISSION;;VEV_5400;XIREC;23.0;26
82400;;SUBMISSION;VEV_5500;XIREC;8.0;26
82400;SUBMISSION;;VEV_5500;XIREC;9.0;26
82500;;SUBMISSION;VEV_5500;XIREC;8.0;21
82500;SUBMISSION;;VEV_5500;XIREC;9.0;21
82600;;SUBMISSION;VEV_5500;XIREC;8.0;21
82600;SUBMISSION;;VEV_5500;XIREC;9.0;21
82700;;SUBMISSION;VEV_5500;XIREC;8.0;25
82700;SUBMISSION;;VEV_5500;XIREC;9.0;25
82800;;SUBMISSION;VEV_5500;XIREC;8.0;18
82800;SUBMISSION;;VEV_5500;XIREC;9.0;18
82900;;SUBMISSION;VEV_5400;XIREC;22.0;7
82900;SUBMISSION;;VEV_5400;XIREC;23.0;7
82900;;SUBMISSION;VEV_5500;XIREC;8.0;24
82900;SUBMISSION;;VEV_5500;XIREC;9.0;24
83000;;SUBMISSION;VEV_5400;XIREC;22.0;5
83000;SUBMISSION;;VEV_5400;XIREC;23.0;5
83000;;SUBMISSION;VEV_5500;XIREC;8.0;18
83000;SUBMISSION;;VEV_5500;XIREC;9.0;18
83100;;SUBMISSION;VEV_5400;XIREC;22.0;5
83100;SUBMISSION;;VEV_5400;XIREC;23.0;5
83100;;SUBMISSION;VEV_5500;XIREC;8.0;25
83100;SUBMISSION;;VEV_5500;XIREC;9.0;25
83200;;SUBMISSION;VEV_5400;XIREC;22.0;6
83200;SUBMISSION;;VEV_5400;XIREC;23.0;6
83200;;SUBMISSION;VEV_5500;XIREC;8.0;18
83200;SUBMISSION;;VEV_5500;XIREC;9.0;18
83300;;SUBMISSION;VEV_5500;XIREC;8.0;25
83300;SUBMISSION;;VEV_5500;XIREC;9.0;25
83400;;SUBMISSION;VEV_5500;XIREC;8.0;22
83400;SUBMISSION;;VEV_5500;XIREC;9.0;22
83500;;SUBMISSION;VEV_5500;XIREC;8.0;25
83500;SUBMISSION;;VEV_5500;XIREC;9.0;25
83600;;SUBMISSION;VEV_5500;XIREC;8.0;19
83600;SUBMISSION;;VEV_5500;XIREC;9.0;19
83700;;SUBMISSION;VEV_5500;XIREC;8.0;23
83700;SUBMISSION;;VEV_5500;XIREC;9.0;23
83800;;SUBMISSION;VEV_5500;XIREC;8.0;20
83800;SUBMISSION;;VEV_5500;XIREC;9.0;20
83900;;SUBMISSION;VEV_5500;XIREC;8.0;19
83900;SUBMISSION;;VEV_5500;XIREC;9.0;19
84000;;SUBMISSION;VEV_5500;XIREC;8.0;17
84000;SUBMISSION;;VEV_5500;XIREC;9.0;17
84100;;SUBMISSION;VEV_5500;XIREC;8.0;22
84100;SUBMISSION;;VEV_5500;XIREC;9.0;22
84200;;SUBMISSION;VEV_5500;XIREC;8.0;22
84200;SUBMISSION;;VEV_5500;XIREC;9.0;22
84300;;SUBMISSION;VEV_5500;XIREC;8.0;25
84300;SUBMISSION;;VEV_5500;XIREC;9.0;25
84400;;SUBMISSION;VEV_5500;XIREC;8.0;21
84400;SUBMISSION;;VEV_5500;XIREC;9.0;21
84500;;SUBMISSION;VEV_5500;XIREC;8.0;25
84500;SUBMISSION;;VEV_5500;XIREC;9.0;25
84900;;SUBMISSION;VEV_5500;XIREC;8.0;6
84900;SUBMISSION;;VEV_5500;XIREC;9.0;6
85300;;SUBMISSION;VELVETFRUIT_EXTRACT;XIREC;5244.0;6
85500;;SUBMISSION;VEV_5400;XIREC;20.0;27
85500;SUBMISSION;;VEV_5400;XIREC;21.0;27
85600;;SUBMISSION;VEV_5400;XIREC;20.0;25
85600;SUBMISSION;;VEV_5400;XIREC;21.0;25
85800;SUBMISSION;;VELVETFRUIT_EXTRACT;XIREC;5239.0;4
86100;;SUBMISSION;VEV_5400;XIREC;20.0;25
86100;SUBMISSION;;VEV_5400;XIREC;21.0;25
86300;;SUBMISSION;VELVETFRUIT_EXTRACT;XIREC;5243.0;7
86800;;SUBMISSION;VELVETFRUIT_EXTRACT;XIREC;5244.0;6
87200;;SUBMISSION;VEV_5400;XIREC;20.0;21
87200;SUBMISSION;;VEV_5400;XIREC;21.0;21
87400;;;VEV_5300;XIREC;47.0;3
87400;;;VEV_5400;XIREC;20.0;3
87400;;;VEV_5500;XIREC;7.0;3
87400;;;VEV_6000;XIREC;0.0;3
87400;;;VEV_6500;XIREC;0.0;3
87500;;SUBMISSION;VEV_5400;XIREC;20.0;17
87500;SUBMISSION;;VEV_5400;XIREC;21.0;17
87600;;SUBMISSION;VEV_5400;XIREC;20.0;25
87600;SUBMISSION;;VEV_5400;XIREC;21.0;25
87800;SUBMISSION;;VELVETFRUIT_EXTRACT;XIREC;5238.0;21
87800;SUBMISSION;;VELVETFRUIT_EXTRACT;XIREC;5239.0;5
88000;;SUBMISSION;VEV_4000;XIREC;1242.0;1
88700;;SUBMISSION;VEV_5400;XIREC;20.0;23
88700;SUBMISSION;;VEV_5400;XIREC;21.0;23
88900;;;VEV_5500;XIREC;7.0;4
88900;;;VEV_6000;XIREC;0.0;4
88900;;;VEV_6500;XIREC;0.0;4
89300;;;VELVETFRUIT_EXTRACT;XIREC;5237.0;5
90000;;;HYDROGEL_PACK;XIREC;9950.0;6
92600;;;VELVETFRUIT_EXTRACT;XIREC;5232.0;5
92900;;SUBMISSION;VEV_5500;XIREC;7.0;10
92900;SUBMISSION;;VEV_5500;XIREC;8.0;10
93200;;;HYDROGEL_PACK;XIREC;9948.0;6
94600;;;HYDROGEL_PACK;XIREC;9931.0;3
94900;;;HYDROGEL_PACK;XIREC;9934.0;4
96800;;;HYDROGEL_PACK;XIREC;9940.0;2
98200;;SUBMISSION;VEV_4000;XIREC;1241.0;3
99000;;SUBMISSION;VEV_5400;XIREC;20.0;26
99000;SUBMISSION;;VEV_5400;XIREC;21.0;26
99100;;SUBMISSION;VEV_4000;XIREC;1246.0;1
99100;;SUBMISSION;VEV_5400;XIREC;20.0;25
99100;SUBMISSION;;VEV_5400;XIREC;21.0;25
99600;;SUBMISSION;VEV_5400;XIREC;20.0;21
99600;SUBMISSION;;VEV_5400;XIREC;21.0;21
99700;;SUBMISSION;VEV_5400;XIREC;20.0;20
99700;SUBMISSION;;VEV_5400;XIREC;21.0;20
99900;;SUBMISSION;VEV_5400;XIREC;20.0;10
99900;SUBMISSION;;VEV_5400;XIREC;21.0;10
100000;;SUBMISSION;VELVETFRUIT_EXTRACT;XIREC;5240.0;4
100900;SUBMISSION;;VELVETFRUIT_EXTRACT;XIREC;5237.0;4
101800;;SUBMISSION;VELVETFRUIT_EXTRACT;XIREC;5240.0;4
102000;SUBMISSION;;VELVETFRUIT_EXTRACT;XIREC;5236.0;4
102200;;;HYDROGEL_PACK;XIREC;9946.0;5
102400;;SUBMISSION;VEV_5400;XIREC;20.0;20
102400;SUBMISSION;;VEV_5400;XIREC;21.0;20
102600;;SUBMISSION;VEV_5400;XIREC;20.0;9
102600;SUBMISSION;;VEV_5400;XIREC;21.0;9
102600;;;VELVETFRUIT_EXTRACT;XIREC;5236.0;4
102700;;SUBMISSION;VEV_5400;XIREC;20.0;20
102700;SUBMISSION;;VEV_5400;XIREC;21.0;20
102800;;SUBMISSION;VEV_5400;XIREC;20.0;25
102800;SUBMISSION;;VEV_5400;XIREC;21.0;25
102900;;SUBMISSION;VEV_5400;XIREC;20.0;26
102900;SUBMISSION;;VEV_5400;XIREC;21.0;26
104800;;;VELVETFRUIT_EXTRACT;XIREC;5235.0;6
105100;;;HYDROGEL_PACK;XIREC;9943.0;4
105600;;;VELVETFRUIT_EXTRACT;XIREC;5235.0;12
106100;;;HYDROGEL_PACK;XIREC;9943.0;6
107600;;SUBMISSION;VEV_5500;XIREC;7.0;9
107600;SUBMISSION;;VEV_5500;XIREC;8.0;9
108100;;SUBMISSION;VEV_5500;XIREC;7.0;5
108100;SUBMISSION;;VEV_5500;XIREC;8.0;5
108200;;SUBMISSION;VEV_5500;XIREC;7.0;7
108200;SUBMISSION;;VEV_5500;XIREC;8.0;7
108600;;SUBMISSION;VEV_5500;XIREC;6.0;19
108600;SUBMISSION;;VEV_5500;XIREC;7.0;19
108800;;SUBMISSION;VEV_5500;XIREC;6.0;24
108800;SUBMISSION;;VEV_5500;XIREC;7.0;24
108800;;;HYDROGEL_PACK;XIREC;9949.0;2
109000;;SUBMISSION;VEV_5500;XIREC;6.0;16
109000;SUBMISSION;;VEV_5500;XIREC;7.0;16
109100;;SUBMISSION;VEV_5500;XIREC;6.0;17
109100;SUBMISSION;;VEV_5500;XIREC;7.0;17
109300;SUBMISSION;;VEV_4000;XIREC;1221.0;1
109500;;;HYDROGEL_PACK;XIREC;9926.0;2
109700;;;VEV_5300;XIREC;41.0;4
109700;;;VEV_5400;XIREC;17.0;4
109700;;;VEV_5500;XIREC;6.0;4
109700;;;VEV_6000;XIREC;0.0;4
109700;;;VEV_6500;XIREC;0.0;4
110100;;SUBMISSION;VEV_5500;XIREC;6.0;23
110100;SUBMISSION;;VEV_5500;XIREC;7.0;23
110200;;SUBMISSION;VEV_5500;XIREC;6.0;23
110200;SUBMISSION;;VEV_5500;XIREC;7.0;23
110200;;;VELVETFRUIT_EXTRACT;XIREC;5224.0;5
110300;;SUBMISSION;VEV_5500;XIREC;6.0;23
110300;SUBMISSION;;VEV_5500;XIREC;7.0;23
110400;;SUBMISSION;VEV_5500;XIREC;6.0;19
110400;SUBMISSION;;VEV_5500;XIREC;7.0;19
110500;;SUBMISSION;VEV_5500;XIREC;6.0;21
110500;SUBMISSION;;VEV_5500;XIREC;7.0;21
110600;;SUBMISSION;VEV_5500;XIREC;6.0;20
110600;SUBMISSION;;VEV_5500;XIREC;7.0;20
110600;;;VEV_5300;XIREC;41.0;3
110600;;;VEV_5400;XIREC;17.0;3
110600;;;VEV_5500;XIREC;6.0;3
110600;;;VEV_6000;XIREC;0.0;3
110600;;;VEV_6500;XIREC;0.0;3
110700;;SUBMISSION;VEV_5500;XIREC;6.0;21
110700;SUBMISSION;;VEV_5500;XIREC;7.0;21
110800;;SUBMISSION;VEV_5500;XIREC;6.0;29
110800;SUBMISSION;;VEV_5500;XIREC;7.0;29
110900;;SUBMISSION;VEV_5500;XIREC;6.0;23
110900;SUBMISSION;;VEV_5500;XIREC;7.0;23
111000;;SUBMISSION;VEV_5500;XIREC;6.0;27
111000;SUBMISSION;;VEV_5500;XIREC;7.0;27
111100;;SUBMISSION;VEV_5500;XIREC;6.0;19
111100;SUBMISSION;;VEV_5500;XIREC;7.0;19
111200;;SUBMISSION;VEV_5500;XIREC;6.0;20
111200;SUBMISSION;;VEV_5500;XIREC;7.0;20
111300;;SUBMISSION;VEV_5500;XIREC;6.0;17
111300;SUBMISSION;;VEV_5500;XIREC;7.0;17
111400;;SUBMISSION;VEV_5500;XIREC;6.0;18
111400;SUBMISSION;;VEV_5500;XIREC;7.0;18
111500;;SUBMISSION;VEV_5500;XIREC;6.0;20
111500;SUBMISSION;;VEV_5500;XIREC;7.0;20
111600;;SUBMISSION;VEV_5400;XIREC;17.0;8
111600;SUBMISSION;;VEV_5400;XIREC;18.0;8
111600;;SUBMISSION;VEV_5500;XIREC;6.0;28
111600;SUBMISSION;;VEV_5500;XIREC;7.0;28
111700;;SUBMISSION;VEV_5500;XIREC;6.0;28
111700;SUBMISSION;;VEV_5500;XIREC;7.0;28
111800;;SUBMISSION;VEV_5500;XIREC;6.0;19
111800;SUBMISSION;;VEV_5500;XIREC;7.0;19
111900;;SUBMISSION;VEV_5500;XIREC;6.0;25
111900;SUBMISSION;;VEV_5500;XIREC;7.0;25
112000;;SUBMISSION;VEV_5500;XIREC;6.0;26
112000;SUBMISSION;;VEV_5500;XIREC;7.0;26
112100;;SUBMISSION;VEV_5500;XIREC;6.0;28
112100;SUBMISSION;;VEV_5500;XIREC;7.0;28
112200;;SUBMISSION;VEV_5500;XIREC;6.0;20
112200;SUBMISSION;;VEV_5500;XIREC;7.0;20
112300;;SUBMISSION;VEV_5500;XIREC;6.0;28
112300;SUBMISSION;;VEV_5500;XIREC;7.0;28
112400;;SUBMISSION;VEV_5500;XIREC;6.0;15
112400;SUBMISSION;;VEV_5500;XIREC;7.0;15
112500;;SUBMISSION;VEV_5500;XIREC;6.0;25
112500;SUBMISSION;;VEV_5500;XIREC;7.0;25
112600;;SUBMISSION;VEV_5500;XIREC;6.0;25
112600;SUBMISSION;;VEV_5500;XIREC;7.0;25
112700;;SUBMISSION;VEV_5500;XIREC;6.0;15
112700;SUBMISSION;;VEV_5500;XIREC;7.0;15
112800;;SUBMISSION;VEV_5500;XIREC;6.0;27
112800;SUBMISSION;;VEV_5500;XIREC;7.0;27
112900;;SUBMISSION;VEV_5500;XIREC;6.0;20
112900;SUBMISSION;;VEV_5500;XIREC;7.0;20
112900;;;VELVETFRUIT_EXTRACT;XIREC;5224.0;5
113000;;SUBMISSION;VEV_5500;XIREC;6.0;25
113000;SUBMISSION;;VEV_5500;XIREC;7.0;25
113100;;SUBMISSION;VEV_5500;XIREC;6.0;27
113100;SUBMISSION;;VEV_5500;XIREC;7.0;27
113200;;SUBMISSION;VEV_5500;XIREC;6.0;31
113200;SUBMISSION;;VEV_5500;XIREC;7.0;27
113300;;SUBMISSION;VEV_5500;XIREC;6.0;28
113300;SUBMISSION;;VEV_5500;XIREC;7.0;28
113400;;SUBMISSION;VEV_5500;XIREC;6.0;22
113400;SUBMISSION;;VEV_5500;XIREC;7.0;22
113500;;SUBMISSION;VEV_5500;XIREC;6.0;18
113500;SUBMISSION;;VEV_5500;XIREC;7.0;18
113600;;SUBMISSION;VEV_5500;XIREC;6.0;26
113600;SUBMISSION;;VEV_5500;XIREC;7.0;26
113700;;SUBMISSION;VEV_5500;XIREC;6.0;25
113700;SUBMISSION;;VEV_5500;XIREC;7.0;25
113800;;SUBMISSION;VEV_5500;XIREC;6.0;28
113800;SUBMISSION;;VEV_5500;XIREC;7.0;28
113900;;SUBMISSION;VEV_5500;XIREC;6.0;16
113900;SUBMISSION;;VEV_5500;XIREC;7.0;16
114000;;SUBMISSION;VEV_5500;XIREC;6.0;25
114000;SUBMISSION;;VEV_5500;XIREC;7.0;25
114100;;SUBMISSION;VEV_5500;XIREC;6.0;25
114100;SUBMISSION;;VEV_5500;XIREC;7.0;25
114200;;SUBMISSION;VEV_5500;XIREC;6.0;21
114200;SUBMISSION;;VEV_5500;XIREC;7.0;19
114300;;SUBMISSION;VEV_5500;XIREC;6.0;21
114300;SUBMISSION;;VEV_5500;XIREC;7.0;21
114400;;SUBMISSION;VEV_5500;XIREC;6.0;22
114400;SUBMISSION;;VEV_5500;XIREC;7.0;22
114500;;SUBMISSION;VEV_5500;XIREC;6.0;20
114500;SUBMISSION;;VEV_5500;XIREC;7.0;20
114600;;SUBMISSION;VEV_5500;XIREC;6.0;23
114600;SUBMISSION;;VEV_5500;XIREC;7.0;23
114700;;SUBMISSION;VEV_5500;XIREC;6.0;26
114700;SUBMISSION;;VEV_5500;XIREC;7.0;26
114800;;SUBMISSION;VEV_5500;XIREC;6.0;19
114800;SUBMISSION;;VEV_5500;XIREC;7.0;19
114900;;SUBMISSION;VEV_5500;XIREC;6.0;15
114900;SUBMISSION;;VEV_5500;XIREC;7.0;15
115000;;SUBMISSION;VEV_5500;XIREC;6.0;23
115000;SUBMISSION;;VEV_5500;XIREC;7.0;23
115100;;SUBMISSION;VEV_5500;XIREC;6.0;20
115100;SUBMISSION;;VEV_5500;XIREC;7.0;20
115200;;SUBMISSION;VEV_5500;XIREC;6.0;24
115200;SUBMISSION;;VEV_5500;XIREC;7.0;24
115300;;SUBMISSION;VEV_5500;XIREC;6.0;17
115300;SUBMISSION;;VEV_5500;XIREC;7.0;17
115400;;SUBMISSION;VEV_5500;XIREC;6.0;25
115400;SUBMISSION;;VEV_5500;XIREC;7.0;25
115500;;SUBMISSION;VEV_5500;XIREC;6.0;7
115500;SUBMISSION;;VEV_5500;XIREC;7.0;13
115600;;SUBMISSION;VEV_5500;XIREC;6.0;24
115600;SUBMISSION;;VEV_5500;XIREC;7.0;24
116000;SUBMISSION;;VEV_4000;XIREC;1211.0;1
116300;;;HYDROGEL_PACK;XIREC;9929.0;5
116400;;SUBMISSION;VEV_5500;XIREC;6.0;28
116400;SUBMISSION;;VEV_5500;XIREC;7.0;28
116700;;SUBMISSION;VEV_5500;XIREC;6.0;25
116700;SUBMISSION;;VEV_5500;XIREC;7.0;25
116800;;SUBMISSION;VEV_5500;XIREC;6.0;23
116800;SUBMISSION;;VEV_5500;XIREC;7.0;23
116900;;SUBMISSION;VEV_5500;XIREC;6.0;24
116900;SUBMISSION;;VEV_5500;XIREC;7.0;24
117000;;SUBMISSION;VEV_5500;XIREC;6.0;29
117000;SUBMISSION;;VEV_5500;XIREC;7.0;29
117100;;SUBMISSION;VEV_5500;XIREC;6.0;19
117100;SUBMISSION;;VEV_5500;XIREC;7.0;19
117200;;SUBMISSION;VEV_5500;XIREC;6.0;17
117200;SUBMISSION;;VEV_5500;XIREC;7.0;17
117300;;SUBMISSION;VEV_5500;XIREC;6.0;18
117300;SUBMISSION;;VEV_5500;XIREC;7.0;18
117400;;SUBMISSION;VEV_5500;XIREC;6.0;26
117400;SUBMISSION;;VEV_5500;XIREC;7.0;26
117500;;SUBMISSION;VEV_5500;XIREC;6.0;28
117500;SUBMISSION;;VEV_5500;XIREC;7.0;28
117600;;SUBMISSION;VEV_5500;XIREC;6.0;24
117600;SUBMISSION;;VEV_5500;XIREC;7.0;24
117700;;SUBMISSION;VEV_5500;XIREC;6.0;22
117700;SUBMISSION;;VEV_5500;XIREC;7.0;22
117700;;;VELVETFRUIT_EXTRACT;XIREC;5223.0;8
117800;;SUBMISSION;VEV_5500;XIREC;6.0;19
117800;SUBMISSION;;VEV_5500;XIREC;7.0;19
117900;;SUBMISSION;VEV_5500;XIREC;6.0;22
117900;SUBMISSION;;VEV_5500;XIREC;7.0;22
118000;;SUBMISSION;VEV_5500;XIREC;6.0;20
118000;SUBMISSION;;VEV_5500;XIREC;7.0;20
118100;;SUBMISSION;VEV_5500;XIREC;6.0;19
118100;SUBMISSION;;VEV_5500;XIREC;7.0;19
118200;;SUBMISSION;VEV_5500;XIREC;6.0;22
118200;SUBMISSION;;VEV_5500;XIREC;7.0;22
118300;;SUBMISSION;VEV_5500;XIREC;6.0;16
118300;SUBMISSION;;VEV_5500;XIREC;7.0;16
118400;;SUBMISSION;VEV_5500;XIREC;6.0;25
118400;SUBMISSION;;VEV_5500;XIREC;7.0;25
118500;;SUBMISSION;VEV_5500;XIREC;6.0;17
118500;SUBMISSION;;VEV_5500;XIREC;7.0;17
118600;;SUBMISSION;VEV_5500;XIREC;6.0;19
118600;SUBMISSION;;VEV_5500;XIREC;7.0;19
118700;;SUBMISSION;VEV_5500;XIREC;6.0;22
118700;SUBMISSION;;VEV_5500;XIREC;7.0;22
118800;;SUBMISSION;VEV_5500;XIREC;6.0;23
118800;SUBMISSION;;VEV_5500;XIREC;7.0;23
118900;;SUBMISSION;VEV_5500;XIREC;6.0;16
118900;SUBMISSION;;VEV_5500;XIREC;7.0;16
119000;;SUBMISSION;VEV_5500;XIREC;6.0;19
119000;SUBMISSION;;VEV_5500;XIREC;7.0;19
119100;;SUBMISSION;VEV_5500;XIREC;6.0;25
119100;SUBMISSION;;VEV_5500;XIREC;7.0;25
119200;;SUBMISSION;VEV_5500;XIREC;6.0;25
119200;SUBMISSION;;VEV_5500;XIREC;7.0;25
119300;;SUBMISSION;VEV_5500;XIREC;6.0;24
119300;SUBMISSION;;VEV_5500;XIREC;7.0;24
119400;;SUBMISSION;VEV_5500;XIREC;6.0;26
119400;SUBMISSION;;VEV_5500;XIREC;7.0;26
119500;;SUBMISSION;VEV_5500;XIREC;6.0;26
119500;SUBMISSION;;VEV_5500;XIREC;7.0;26
119600;;SUBMISSION;VEV_5500;XIREC;6.0;27
119600;SUBMISSION;;VEV_5500;XIREC;7.0;27
119700;;SUBMISSION;VEV_5500;XIREC;6.0;18
119700;SUBMISSION;;VEV_5500;XIREC;7.0;18
119800;;SUBMISSION;VEV_5500;XIREC;6.0;27
119800;SUBMISSION;;VEV_5500;XIREC;7.0;27
119900;;SUBMISSION;VEV_5500;XIREC;6.0;29
119900;SUBMISSION;;VEV_5500;XIREC;7.0;29
120000;;SUBMISSION;VEV_5500;XIREC;6.0;23
120000;SUBMISSION;;VEV_5500;XIREC;7.0;23
120100;;SUBMISSION;VEV_5500;XIREC;6.0;25
120100;SUBMISSION;;VEV_5500;XIREC;7.0;25
120200;;SUBMISSION;VEV_5500;XIREC;6.0;28
120200;SUBMISSION;;VEV_5500;XIREC;7.0;28
120300;;SUBMISSION;VEV_5500;XIREC;6.0;28
120300;SUBMISSION;;VEV_5500;XIREC;7.0;28
120400;;SUBMISSION;VEV_5500;XIREC;6.0;25
120400;SUBMISSION;;VEV_5500;XIREC;7.0;25
120500;;SUBMISSION;VEV_5500;XIREC;6.0;27
120500;SUBMISSION;;VEV_5500;XIREC;7.0;27
120600;;SUBMISSION;VEV_5500;XIREC;6.0;27
120600;SUBMISSION;;VEV_5500;XIREC;7.0;27
120700;;SUBMISSION;VEV_5500;XIREC;6.0;22
120700;SUBMISSION;;VEV_5500;XIREC;7.0;22
120800;;SUBMISSION;VEV_5500;XIREC;6.0;18
120800;SUBMISSION;;VEV_5500;XIREC;7.0;18
120900;;SUBMISSION;VEV_5500;XIREC;6.0;21
120900;SUBMISSION;;VEV_5500;XIREC;7.0;21
120900;;;VELVETFRUIT_EXTRACT;XIREC;5219.0;5
121000;;SUBMISSION;VEV_5500;XIREC;6.0;24
121000;SUBMISSION;;VEV_5500;XIREC;7.0;24
121100;;SUBMISSION;VEV_5500;XIREC;6.0;20
121100;SUBMISSION;;VEV_5500;XIREC;7.0;20
121200;;SUBMISSION;VEV_5500;XIREC;6.0;21
121200;SUBMISSION;;VEV_5500;XIREC;7.0;21
121300;;SUBMISSION;VEV_5500;XIREC;6.0;18
121300;SUBMISSION;;VEV_5500;XIREC;7.0;18
121400;;SUBMISSION;VEV_5500;XIREC;6.0;21
121400;SUBMISSION;;VEV_5500;XIREC;7.0;21
121500;;SUBMISSION;VEV_4000;XIREC;1228.0;2
121500;;SUBMISSION;VEV_5500;XIREC;6.0;26
121500;SUBMISSION;;VEV_5500;XIREC;7.0;26
121600;;SUBMISSION;VEV_5500;XIREC;6.0;24
121600;SUBMISSION;;VEV_5500;XIREC;7.0;24
121700;;SUBMISSION;VEV_5500;XIREC;6.0;27
121700;SUBMISSION;;VEV_5500;XIREC;7.0;27
121800;;SUBMISSION;VEV_5500;XIREC;6.0;22
121800;SUBMISSION;;VEV_5500;XIREC;7.0;22
121900;;SUBMISSION;VEV_5500;XIREC;6.0;17
121900;SUBMISSION;;VEV_5500;XIREC;7.0;17
122300;;SUBMISSION;VEV_5400;XIREC;18.0;6
122300;SUBMISSION;;VEV_5400;XIREC;19.0;6
122400;;SUBMISSION;VEV_5400;XIREC;18.0;6
122400;SUBMISSION;;VEV_5400;XIREC;19.0;6
122600;;SUBMISSION;VEV_4000;XIREC;1237.0;2
122600;;SUBMISSION;VEV_5400;XIREC;18.0;20
122600;SUBMISSION;;VEV_5400;XIREC;19.0;20
122700;;SUBMISSION;VEV_5400;XIREC;18.0;5
122700;SUBMISSION;;VEV_5400;XIREC;19.0;5
122800;;SUBMISSION;VEV_5500;XIREC;7.0;9
122800;SUBMISSION;;VEV_5500;XIREC;8.0;9
122900;;SUBMISSION;VEV_5400;XIREC;18.0;29
122900;SUBMISSION;;VEV_5400;XIREC;19.0;29
123000;;SUBMISSION;VEV_5400;XIREC;18.0;16
123000;SUBMISSION;;VEV_5400;XIREC;19.0;16
123100;;SUBMISSION;VEV_5400;XIREC;18.0;28
123100;SUBMISSION;;VEV_5400;XIREC;19.0;28
123200;;SUBMISSION;VEV_5400;XIREC;18.0;24
123200;SUBMISSION;;VEV_5400;XIREC;19.0;24
123200;;;VELVETFRUIT_EXTRACT;XIREC;5230.0;5
123300;;SUBMISSION;VEV_5400;XIREC;18.0;20
123300;SUBMISSION;;VEV_5400;XIREC;19.0;20
123400;;SUBMISSION;VEV_5400;XIREC;18.0;20
123400;SUBMISSION;;VEV_5400;XIREC;19.0;20
123500;;SUBMISSION;VEV_5400;XIREC;18.0;28
123500;SUBMISSION;;VEV_5400;XIREC;19.0;28
124200;;SUBMISSION;VEV_5400;XIREC;18.0;22
124200;SUBMISSION;;VEV_5400;XIREC;19.0;22
124300;;SUBMISSION;VEV_5400;XIREC;18.0;18
124300;SUBMISSION;;VEV_5400;XIREC;19.0;18
124400;;SUBMISSION;VEV_5400;XIREC;18.0;21
124400;SUBMISSION;;VEV_5400;XIREC;19.0;21
124600;;SUBMISSION;VEV_5400;XIREC;18.0;25
124600;SUBMISSION;;VEV_5400;XIREC;19.0;25
124700;;SUBMISSION;VEV_5400;XIREC;18.0;19
124700;SUBMISSION;;VEV_5400;XIREC;19.0;19
124900;;SUBMISSION;VEV_5400;XIREC;18.0;20
124900;SUBMISSION;;VEV_5400;XIREC;19.0;20
125000;;SUBMISSION;VEV_5400;XIREC;18.0;21
125000;SUBMISSION;;VEV_5400;XIREC;19.0;21
125000;;;HYDROGEL_PACK;XIREC;9972.0;4
125300;;SUBMISSION;VEV_5400;XIREC;18.0;27
125300;SUBMISSION;;VEV_5400;XIREC;19.0;27
125700;;;VEV_5300;XIREC;45.0;4
125700;;;VEV_5500;XIREC;7.0;4
125700;;;VEV_6000;XIREC;0.0;4
125700;;;VEV_6500;XIREC;0.0;4
127700;;SUBMISSION;VELVETFRUIT_EXTRACT;XIREC;5240.0;8
128400;;SUBMISSION;VEV_5400;XIREC;20.0;22
128400;SUBMISSION;;VEV_5400;XIREC;21.0;22
128500;;;HYDROGEL_PACK;XIREC;9955.0;5
128700;;SUBMISSION;VEV_5400;XIREC;20.0;10
128700;SUBMISSION;;VEV_5400;XIREC;21.0;10
128800;;SUBMISSION;VEV_5400;XIREC;20.0;22
128800;SUBMISSION;;VEV_5400;XIREC;21.0;22
128900;;SUBMISSION;VEV_5400;XIREC;20.0;20
128900;SUBMISSION;;VEV_5400;XIREC;21.0;20
128900;;SUBMISSION;VEV_5500;XIREC;8.0;20
128900;SUBMISSION;;VEV_5500;XIREC;9.0;20
129000;;SUBMISSION;VEV_5400;XIREC;20.0;21
129000;SUBMISSION;;VEV_5400;XIREC;21.0;21
129000;;SUBMISSION;VEV_5500;XIREC;8.0;21
129000;SUBMISSION;;VEV_5500;XIREC;9.0;21
129100;;SUBMISSION;VEV_5400;XIREC;20.0;22
129100;SUBMISSION;;VEV_5400;XIREC;21.0;22
129100;;SUBMISSION;VEV_5500;XIREC;8.0;6
129100;SUBMISSION;;VEV_5500;XIREC;9.0;6
129200;;SUBMISSION;VEV_5400;XIREC;20.0;26
129200;SUBMISSION;;VEV_5400;XIREC;21.0;26
129200;;SUBMISSION;VEV_5500;XIREC;8.0;6
129200;SUBMISSION;;VEV_5500;XIREC;9.0;6
130400;;SUBMISSION;VEV_4000;XIREC;1245.0;2
130800;SUBMISSION;;VEV_4000;XIREC;1233.0;1
132000;;SUBMISSION;VEV_5400;XIREC;20.0;9
132000;SUBMISSION;;VEV_5400;XIREC;21.0;9
132000;;;HYDROGEL_PACK;XIREC;9950.0;3
132100;;SUBMISSION;VEV_5400;XIREC;20.0;27
132100;SUBMISSION;;VEV_5400;XIREC;21.0;27
132100;;SUBMISSION;VEV_5500;XIREC;8.0;27
132100;SUBMISSION;;VEV_5500;XIREC;9.0;27
132200;;SUBMISSION;VEV_5500;XIREC;8.0;21
132200;SUBMISSION;;VEV_5500;XIREC;9.0;21
132300;;SUBMISSION;VEV_5500;XIREC;8.0;25
132300;SUBMISSION;;VEV_5500;XIREC;9.0;25
132400;;SUBMISSION;VEV_5500;XIREC;8.0;30
132400;SUBMISSION;;VEV_5500;XIREC;9.0;30
132500;;SUBMISSION;VEV_5500;XIREC;8.0;24
132500;SUBMISSION;;VEV_5500;XIREC;9.0;24
132600;;SUBMISSION;VEV_5500;XIREC;8.0;20
132600;SUBMISSION;;VEV_5500;XIREC;9.0;20
132700;;SUBMISSION;VEV_5500;XIREC;8.0;25
132700;SUBMISSION;;VEV_5500;XIREC;9.0;25
132800;;SUBMISSION;VEV_5500;XIREC;8.0;25
132800;SUBMISSION;;VEV_5500;XIREC;9.0;25
132900;;SUBMISSION;VEV_5400;XIREC;20.0;19
132900;SUBMISSION;;VEV_5400;XIREC;21.0;19
132900;;SUBMISSION;VEV_5500;XIREC;8.0;19
132900;SUBMISSION;;VEV_5500;XIREC;9.0;19
132900;;;HYDROGEL_PACK;XIREC;9956.0;2
133000;;SUBMISSION;VEV_5500;XIREC;8.0;18
133000;SUBMISSION;;VEV_5500;XIREC;9.0;18
133100;;SUBMISSION;VEV_5400;XIREC;20.0;26
133100;SUBMISSION;;VEV_5400;XIREC;21.0;26
133100;;SUBMISSION;VEV_5500;XIREC;8.0;26
133100;SUBMISSION;;VEV_5500;XIREC;9.0;26
133200;;SUBMISSION;VEV_5400;XIREC;20.0;8
133200;SUBMISSION;;VEV_5400;XIREC;21.0;8
133300;;SUBMISSION;VEV_5400;XIREC;20.0;25
133300;SUBMISSION;;VEV_5400;XIREC;21.0;22
133300;;SUBMISSION;VEV_5500;XIREC;8.0;11
133300;SUBMISSION;;VEV_5500;XIREC;9.0;11
133400;;SUBMISSION;VEV_5400;XIREC;20.0;20
133400;SUBMISSION;;VEV_5400;XIREC;21.0;20
133400;;SUBMISSION;VEV_5500;XIREC;8.0;20
133400;SUBMISSION;;VEV_5500;XIREC;9.0;20
133500;SUBMISSION;;VEV_5400;XIREC;21.0;3
133600;;SUBMISSION;VEV_5400;XIREC;20.0;5
133600;SUBMISSION;;VEV_5400;XIREC;21.0;5
133600;;;HYDROGEL_PACK;XIREC;9970.0;5
133700;;SUBMISSION;VEV_5400;XIREC;20.0;19
133700;SUBMISSION;;VEV_5400;XIREC;21.0;19
133700;;SUBMISSION;VEV_5500;XIREC;8.0;8
133700;SUBMISSION;;VEV_5500;XIREC;9.0;8
133800;;SUBMISSION;VEV_5400;XIREC;20.0;16
133800;SUBMISSION;;VEV_5400;XIREC;21.0;16
133800;;SUBMISSION;VEV_5500;XIREC;8.0;16
133800;SUBMISSION;;VEV_5500;XIREC;9.0;16
134400;SUBMISSION;;VEV_4000;XIREC;1236.0;2
134500;;SUBMISSION;VEV_5400;XIREC;20.0;20
134500;SUBMISSION;;VEV_5400;XIREC;21.0;20
134500;;SUBMISSION;VEV_5500;XIREC;8.0;20
134500;SUBMISSION;;VEV_5500;XIREC;9.0;20
134600;;SUBMISSION;VEV_5400;XIREC;20.0;19
134600;SUBMISSION;;VEV_5400;XIREC;21.0;19
134700;;SUBMISSION;VEV_5400;XIREC;20.0;15
134700;SUBMISSION;;VEV_5400;XIREC;21.0;15
134700;;SUBMISSION;VEV_5500;XIREC;8.0;5
134700;SUBMISSION;;VEV_5500;XIREC;9.0;5
134800;;SUBMISSION;VEV_5400;XIREC;20.0;27
134800;SUBMISSION;;VEV_5400;XIREC;21.0;27
134800;;SUBMISSION;VEV_5500;XIREC;8.0;27
134800;SUBMISSION;;VEV_5500;XIREC;9.0;27
134900;;SUBMISSION;VEV_5400;XIREC;20.0;30
134900;SUBMISSION;;VEV_5400;XIREC;21.0;30
134900;;SUBMISSION;VEV_5500;XIREC;8.0;30
134900;SUBMISSION;;VEV_5500;XIREC;9.0;30
135700;;SUBMISSION;VEV_5400;XIREC;19.0;10
135700;SUBMISSION;;VEV_5400;XIREC;20.0;10
135800;;SUBMISSION;VEV_5400;XIREC;19.0;6
135800;SUBMISSION;;VEV_5400;XIREC;20.0;6
136200;;SUBMISSION;VEV_5400;XIREC;19.0;10
136200;SUBMISSION;;VEV_5400;XIREC;20.0;10
136400;;SUBMISSION;VEV_5400;XIREC;19.0;7
136400;SUBMISSION;;VEV_5400;XIREC;20.0;7
136700;;SUBMISSION;VELVETFRUIT_EXTRACT;XIREC;5238.0;3
136800;;;HYDROGEL_PACK;XIREC;9955.0;5
137300;;SUBMISSION;VEV_5400;XIREC;18.0;20
137300;SUBMISSION;;VEV_5400;XIREC;19.0;20
137400;SUBMISSION;;VELVETFRUIT_EXTRACT;XIREC;5234.0;11
137400;;SUBMISSION;VEV_5400;XIREC;18.0;16
137400;SUBMISSION;;VEV_5400;XIREC;19.0;16
138000;;SUBMISSION;VEV_5500;XIREC;6.0;28
138000;SUBMISSION;;VEV_5500;XIREC;7.0;28
138100;;SUBMISSION;VEV_5500;XIREC;6.0;27
138100;SUBMISSION;;VEV_5500;XIREC;7.0;27
138200;;SUBMISSION;VEV_5500;XIREC;6.0;23
138200;SUBMISSION;;VEV_5500;XIREC;7.0;23
138300;;SUBMISSION;VEV_5500;XIREC;6.0;17
138300;SUBMISSION;;VEV_5500;XIREC;7.0;17
140500;;SUBMISSION;VEV_4000;XIREC;1234.0;3
140800;;SUBMISSION;VEV_5400;XIREC;18.0;20
140800;SUBMISSION;;VEV_5400;XIREC;19.0;20
140800;;;VELVETFRUIT_EXTRACT;XIREC;5234.0;7
140900;;SUBMISSION;VEV_5400;XIREC;18.0;24
140900;SUBMISSION;;VEV_5400;XIREC;19.0;24
141000;;SUBMISSION;VEV_5400;XIREC;18.0;25
141000;SUBMISSION;;VEV_5400;XIREC;19.0;25
141100;;SUBMISSION;VEV_5400;XIREC;18.0;25
141100;SUBMISSION;;VEV_5400;XIREC;19.0;25
141200;;SUBMISSION;VEV_5400;XIREC;18.0;24
141200;SUBMISSION;;VEV_5400;XIREC;19.0;24
141300;;SUBMISSION;VEV_5400;XIREC;18.0;27
141300;SUBMISSION;;VEV_5400;XIREC;19.0;27
141400;;SUBMISSION;VEV_5400;XIREC;18.0;27
141400;SUBMISSION;;VEV_5400;XIREC;19.0;27
141500;;SUBMISSION;VEV_5400;XIREC;18.0;6
141500;SUBMISSION;;VEV_5400;XIREC;19.0;6
141600;;SUBMISSION;VEV_5400;XIREC;18.0;19
141600;SUBMISSION;;VEV_5400;XIREC;19.0;19
141700;;SUBMISSION;VEV_5400;XIREC;18.0;21
141700;SUBMISSION;;VEV_5400;XIREC;19.0;21
141700;;;HYDROGEL_PACK;XIREC;9939.0;2
141700;;;VELVETFRUIT_EXTRACT;XIREC;5234.0;6
141800;;SUBMISSION;VEV_5400;XIREC;18.0;16
141800;SUBMISSION;;VEV_5400;XIREC;19.0;16
141900;;SUBMISSION;VEV_5400;XIREC;18.0;24
141900;SUBMISSION;;VEV_5400;XIREC;19.0;24
142100;;SUBMISSION;VEV_5400;XIREC;18.0;19
142100;SUBMISSION;;VEV_5400;XIREC;19.0;19
142200;;SUBMISSION;VEV_5400;XIREC;18.0;27
142200;SUBMISSION;;VEV_5400;XIREC;19.0;27
142300;;SUBMISSION;VEV_5400;XIREC;18.0;19
142300;SUBMISSION;;VEV_5400;XIREC;19.0;19
142400;;SUBMISSION;VEV_5400;XIREC;18.0;21
142400;SUBMISSION;;VEV_5400;XIREC;19.0;21
142400;;;VELVETFRUIT_EXTRACT;XIREC;5231.0;5
142500;;SUBMISSION;VEV_5400;XIREC;18.0;26
142500;SUBMISSION;;VEV_5400;XIREC;19.0;26
142600;;SUBMISSION;VEV_5400;XIREC;18.0;25
142600;SUBMISSION;;VEV_5400;XIREC;19.0;25
143100;;SUBMISSION;VEV_5400;XIREC;18.0;21
143100;SUBMISSION;;VEV_5400;XIREC;19.0;21
143200;;SUBMISSION;VEV_5400;XIREC;18.0;8
143200;SUBMISSION;;VEV_5400;XIREC;19.0;8
143200;;SUBMISSION;VEV_5500;XIREC;7.0;8
143200;SUBMISSION;;VEV_5500;XIREC;8.0;8
143600;;;HYDROGEL_PACK;XIREC;9949.0;4
144100;;;VELVETFRUIT_EXTRACT;XIREC;5227.0;7
144500;;;HYDROGEL_PACK;XIREC;9966.0;3
144600;;SUBMISSION;VEV_5500;XIREC;6.0;17
144600;SUBMISSION;;VEV_5500;XIREC;7.0;17
144700;;SUBMISSION;VEV_5500;XIREC;6.0;23
144700;SUBMISSION;;VEV_5500;XIREC;7.0;23
145100;;;VELVETFRUIT_EXTRACT;XIREC;5228.0;5
148100;;;VELVETFRUIT_EXTRACT;XIREC;5223.0;3
148500;;SUBMISSION;VEV_4000;XIREC;1231.0;3
148600;;SUBMISSION;VEV_5400;XIREC;17.0;9
148600;SUBMISSION;;VEV_5400;XIREC;18.0;9
148700;;;VELVETFRUIT_EXTRACT;XIREC;5223.0;8
150500;SUBMISSION;;VEV_4000;XIREC;1225.0;2
150700;;SUBMISSION;VEV_5400;XIREC;18.0;21
150700;SUBMISSION;;VEV_5400;XIREC;19.0;21
150800;;SUBMISSION;VEV_5400;XIREC;18.0;20
150800;SUBMISSION;;VEV_5400;XIREC;19.0;20
151400;;SUBMISSION;VEV_5400;XIREC;18.0;5
151400;SUBMISSION;;VEV_5400;XIREC;19.0;5
151500;;SUBMISSION;VEV_5400;XIREC;18.0;7
151500;SUBMISSION;;VEV_5400;XIREC;19.0;7
151600;;SUBMISSION;VEV_5400;XIREC;18.0;27
151600;SUBMISSION;;VEV_5400;XIREC;19.0;27
151700;;SUBMISSION;VEV_5400;XIREC;18.0;20
151700;SUBMISSION;;VEV_5400;XIREC;19.0;20
151800;;SUBMISSION;VEV_5400;XIREC;18.0;25
151800;SUBMISSION;;VEV_5400;XIREC;19.0;25
151900;;SUBMISSION;VEV_5400;XIREC;18.0;21
151900;SUBMISSION;;VEV_5400;XIREC;19.0;21
152000;;SUBMISSION;VEV_5400;XIREC;18.0;25
152000;SUBMISSION;;VEV_5400;XIREC;19.0;25
152100;;SUBMISSION;VEV_5400;XIREC;18.0;23
152100;SUBMISSION;;VEV_5400;XIREC;19.0;23
152200;;SUBMISSION;VELVETFRUIT_EXTRACT;XIREC;5236.0;3
152200;;SUBMISSION;VEV_5400;XIREC;18.0;25
152200;SUBMISSION;;VEV_5400;XIREC;19.0;25
152300;;SUBMISSION;VEV_5400;XIREC;18.0;20
152300;SUBMISSION;;VEV_5400;XIREC;19.0;20
152400;SUBMISSION;;VELVETFRUIT_EXTRACT;XIREC;5232.0;3
152400;;SUBMISSION;VEV_5400;XIREC;18.0;19
152400;SUBMISSION;;VEV_5400;XIREC;19.0;19
152900;;SUBMISSION;VEV_5400;XIREC;18.0;30
152900;SUBMISSION;;VEV_5400;XIREC;19.0;30
153300;;SUBMISSION;VEV_5400;XIREC;18.0;8
153300;SUBMISSION;;VEV_5400;XIREC;19.0;8
153400;;SUBMISSION;VEV_5400;XIREC;18.0;25
153400;SUBMISSION;;VEV_5400;XIREC;19.0;25
153400;;;HYDROGEL_PACK;XIREC;9964.0;4
153500;;SUBMISSION;VEV_5400;XIREC;18.0;21
153500;SUBMISSION;;VEV_5400;XIREC;19.0;21
153600;;SUBMISSION;VEV_5400;XIREC;18.0;17
153600;SUBMISSION;;VEV_5400;XIREC;19.0;17
153700;;SUBMISSION;VEV_5400;XIREC;18.0;26
153700;SUBMISSION;;VEV_5400;XIREC;19.0;26
155200;;SUBMISSION;HYDROGEL_PACK;XIREC;9990.0;5
155600;;SUBMISSION;VEV_4000;XIREC;1248.0;2
156600;;SUBMISSION;VELVETFRUIT_EXTRACT;XIREC;5243.0;4
157000;;SUBMISSION;VEV_5400;XIREC;20.0;8
157000;SUBMISSION;;VEV_5400;XIREC;21.0;8
157400;;;VEV_5300;XIREC;47.0;2
157400;;;VEV_5500;XIREC;7.0;2
157400;;;VEV_6000;XIREC;0.0;2
157400;;;VEV_6500;XIREC;0.0;2
157500;;SUBMISSION;VEV_5400;XIREC;20.0;5
157500;SUBMISSION;;VEV_5400;XIREC;21.0;5
157600;;SUBMISSION;VEV_5400;XIREC;20.0;19
157600;SUBMISSION;;VEV_5400;XIREC;21.0;19
157700;;SUBMISSION;VEV_5400;XIREC;20.0;23
157700;SUBMISSION;;VEV_5400;XIREC;21.0;23
157700;;SUBMISSION;VEV_5500;XIREC;8.0;23
157700;SUBMISSION;;VEV_5500;XIREC;9.0;23
157800;;SUBMISSION;VEV_5500;XIREC;8.0;27
157800;SUBMISSION;;VEV_5500;XIREC;9.0;27
157900;;SUBMISSION;VEV_5500;XIREC;8.0;20
157900;SUBMISSION;;VEV_5500;XIREC;9.0;20
158000;;SUBMISSION;VEV_5500;XIREC;8.0;23
158000;SUBMISSION;;VEV_5500;XIREC;9.0;23
158100;;SUBMISSION;VEV_5500;XIREC;8.0;26
158100;SUBMISSION;;VEV_5500;XIREC;9.0;26
158100;;;HYDROGEL_PACK;XIREC;9974.0;5
158200;;SUBMISSION;VEV_5400;XIREC;20.0;22
158200;SUBMISSION;;VEV_5400;XIREC;21.0;22
158200;;SUBMISSION;VEV_5500;XIREC;8.0;22
158200;SUBMISSION;;VEV_5500;XIREC;9.0;22
158300;;SUBMISSION;VEV_5400;XIREC;20.0;25
158300;SUBMISSION;;VEV_5400;XIREC;21.0;25
158400;;SUBMISSION;VEV_5400;XIREC;20.0;19
158400;SUBMISSION;;VEV_5400;XIREC;21.0;19
158400;;SUBMISSION;VEV_5500;XIREC;8.0;19
158400;SUBMISSION;;VEV_5500;XIREC;9.0;19
158500;;SUBMISSION;VEV_5400;XIREC;20.0;18
158500;SUBMISSION;;VEV_5400;XIREC;21.0;18
158500;;SUBMISSION;VEV_5500;XIREC;8.0;18
158500;SUBMISSION;;VEV_5500;XIREC;9.0;18
158600;;SUBMISSION;VEV_5400;XIREC;20.0;28
158600;SUBMISSION;;VEV_5400;XIREC;21.0;28
158600;;SUBMISSION;VEV_5500;XIREC;8.0;28
158600;SUBMISSION;;VEV_5500;XIREC;9.0;28
158700;;SUBMISSION;VEV_5400;XIREC;20.0;27
158700;SUBMISSION;;VEV_5400;XIREC;21.0;27
158700;;SUBMISSION;VEV_5500;XIREC;8.0;27
158700;SUBMISSION;;VEV_5500;XIREC;9.0;27
158800;;SUBMISSION;VEV_5500;XIREC;8.0;21
158800;SUBMISSION;;VEV_5500;XIREC;9.0;21
158900;;SUBMISSION;VEV_5500;XIREC;8.0;28
158900;SUBMISSION;;VEV_5500;XIREC;9.0;28
159000;;SUBMISSION;VELVETFRUIT_EXTRACT;XIREC;5248.0;6
159000;;SUBMISSION;VEV_5500;XIREC;8.0;25
159000;SUBMISSION;;VEV_5500;XIREC;9.0;25
159100;;SUBMISSION;VEV_5500;XIREC;8.0;21
159100;SUBMISSION;;VEV_5500;XIREC;9.0;21
159200;;SUBMISSION;VEV_5500;XIREC;8.0;28
159200;SUBMISSION;;VEV_5500;XIREC;9.0;28
159300;SUBMISSION;;HYDROGEL_PACK;XIREC;9970.0;2
159300;;SUBMISSION;VEV_5500;XIREC;8.0;19
159300;SUBMISSION;;VEV_5500;XIREC;9.0;19
159400;;SUBMISSION;VEV_5500;XIREC;8.0;24
159400;SUBMISSION;;VEV_5500;XIREC;9.0;24
159500;;SUBMISSION;VEV_5500;XIREC;8.0;17
159500;SUBMISSION;;VEV_5500;XIREC;9.0;17
159600;;SUBMISSION;VEV_5300;XIREC;50.0;5
159600;SUBMISSION;;VEV_5300;XIREC;51.0;5
159600;;SUBMISSION;VEV_5400;XIREC;21.0;10
159600;SUBMISSION;;VEV_5400;XIREC;22.0;10
159600;;SUBMISSION;VEV_5500;XIREC;8.0;26
159600;SUBMISSION;;VEV_5500;XIREC;9.0;21
159700;;SUBMISSION;VEV_5500;XIREC;8.0;22
159700;SUBMISSION;;VEV_5500;XIREC;9.0;22
159800;;SUBMISSION;VEV_5500;XIREC;8.0;18
159800;SUBMISSION;;VEV_5500;XIREC;9.0;18
159900;;SUBMISSION;VEV_5500;XIREC;8.0;20
159900;SUBMISSION;;VEV_5500;XIREC;9.0;20
160000;;SUBMISSION;VEV_5500;XIREC;8.0;22
160000;SUBMISSION;;VEV_5500;XIREC;9.0;22
160100;;SUBMISSION;VEV_5500;XIREC;8.0;24
160100;SUBMISSION;;VEV_5500;XIREC;9.0;24
160200;SUBMISSION;;VEV_5500;XIREC;9.0;5
160300;;SUBMISSION;VEV_5500;XIREC;8.0;19
160300;SUBMISSION;;VEV_5500;XIREC;9.0;19
160400;;SUBMISSION;VEV_5500;XIREC;8.0;24
160400;SUBMISSION;;VEV_5500;XIREC;9.0;24
160500;;SUBMISSION;VEV_5500;XIREC;8.0;25
160500;SUBMISSION;;VEV_5500;XIREC;9.0;25
160600;;SUBMISSION;VEV_5500;XIREC;8.0;17
160600;SUBMISSION;;VEV_5500;XIREC;9.0;17
160800;;SUBMISSION;VEV_5500;XIREC;8.0;20
160800;SUBMISSION;;VEV_5500;XIREC;9.0;20
160800;;;VEV_5500;XIREC;8.0;4
160800;;;VEV_6000;XIREC;0.0;4
160800;;;VEV_6500;XIREC;0.0;4
160900;;SUBMISSION;VEV_5500;XIREC;8.0;30
160900;SUBMISSION;;VEV_5500;XIREC;9.0;30
161000;;SUBMISSION;VEV_5500;XIREC;8.0;26
161000;SUBMISSION;;VEV_5500;XIREC;9.0;26
161100;;SUBMISSION;VEV_5500;XIREC;8.0;29
161100;SUBMISSION;;VEV_5500;XIREC;9.0;29
161200;;SUBMISSION;VEV_5500;XIREC;8.0;23
161200;SUBMISSION;;VEV_5500;XIREC;9.0;23
161300;;SUBMISSION;VEV_5500;XIREC;8.0;19
161300;SUBMISSION;;VEV_5500;XIREC;9.0;19
161400;;SUBMISSION;VEV_5500;XIREC;8.0;23
161400;SUBMISSION;;VEV_5500;XIREC;9.0;23
161500;;SUBMISSION;VEV_5500;XIREC;8.0;27
161500;SUBMISSION;;VEV_5500;XIREC;9.0;27
161600;;SUBMISSION;VEV_5500;XIREC;8.0;21
161600;SUBMISSION;;VEV_5500;XIREC;9.0;21
161700;;SUBMISSION;VEV_5500;XIREC;8.0;30
161700;SUBMISSION;;VEV_5500;XIREC;9.0;30
161800;;SUBMISSION;VEV_5500;XIREC;8.0;20
161800;SUBMISSION;;VEV_5500;XIREC;9.0;20
161900;;SUBMISSION;VEV_5500;XIREC;8.0;20
161900;SUBMISSION;;VEV_5500;XIREC;9.0;20
162000;;SUBMISSION;VEV_5500;XIREC;8.0;22
162000;SUBMISSION;;VEV_5500;XIREC;9.0;22
162100;;SUBMISSION;VEV_5500;XIREC;8.0;25
162100;SUBMISSION;;VEV_5500;XIREC;9.0;25
162200;;SUBMISSION;VEV_5500;XIREC;8.0;24
162200;SUBMISSION;;VEV_5500;XIREC;9.0;24
162300;SUBMISSION;;HYDROGEL_PACK;XIREC;9970.0;3
162300;;SUBMISSION;VEV_5500;XIREC;8.0;28
162300;SUBMISSION;;VEV_5500;XIREC;9.0;28
162500;SUBMISSION;;VEV_4000;XIREC;1247.0;1
162700;;SUBMISSION;VEV_5500;XIREC;8.0;27
162700;SUBMISSION;;VEV_5500;XIREC;9.0;27
162800;;SUBMISSION;VEV_5500;XIREC;8.0;19
162800;SUBMISSION;;VEV_5500;XIREC;9.0;19
162900;;SUBMISSION;VEV_5500;XIREC;8.0;25
162900;SUBMISSION;;VEV_5500;XIREC;9.0;25
163000;;SUBMISSION;VEV_5500;XIREC;8.0;24
163000;SUBMISSION;;VEV_5500;XIREC;9.0;24
163100;;SUBMISSION;VEV_5500;XIREC;8.0;24
163100;SUBMISSION;;VEV_5500;XIREC;9.0;24
163200;;SUBMISSION;VEV_5400;XIREC;22.0;25
163200;SUBMISSION;;VEV_5400;XIREC;23.0;25
163300;;SUBMISSION;VEV_5400;XIREC;22.0;19
163300;SUBMISSION;;VEV_5400;XIREC;23.0;19
163300;;;HYDROGEL_PACK;XIREC;9977.0;3
163500;;SUBMISSION;VEV_5400;XIREC;22.0;8
163500;SUBMISSION;;VEV_5400;XIREC;23.0;8
163800;;SUBMISSION;VEV_5500;XIREC;8.0;24
163800;SUBMISSION;;VEV_5500;XIREC;9.0;24
163900;;SUBMISSION;VEV_5500;XIREC;8.0;21
163900;SUBMISSION;;VEV_5500;XIREC;9.0;21
164000;;SUBMISSION;VEV_5500;XIREC;8.0;21
164000;SUBMISSION;;VEV_5500;XIREC;9.0;21
164100;;SUBMISSION;VEV_5500;XIREC;8.0;19
164100;SUBMISSION;;VEV_5500;XIREC;9.0;19
164200;;SUBMISSION;VEV_5500;XIREC;8.0;23
164200;SUBMISSION;;VEV_5500;XIREC;9.0;23
164300;;SUBMISSION;VEV_5500;XIREC;8.0;27
164300;SUBMISSION;;VEV_5500;XIREC;9.0;25
164400;;SUBMISSION;VEV_5500;XIREC;8.0;17
164400;SUBMISSION;;VEV_5500;XIREC;9.0;17
164500;;SUBMISSION;VEV_5500;XIREC;8.0;24
164500;SUBMISSION;;VEV_5500;XIREC;9.0;24
164600;;SUBMISSION;VEV_5500;XIREC;8.0;24
164600;SUBMISSION;;VEV_5500;XIREC;9.0;24
164600;;;HYDROGEL_PACK;XIREC;9962.0;3
164700;;SUBMISSION;VEV_5500;XIREC;8.0;29
164700;SUBMISSION;;VEV_5500;XIREC;9.0;29
164800;;SUBMISSION;VEV_5500;XIREC;8.0;19
164800;SUBMISSION;;VEV_5500;XIREC;9.0;19
164900;;SUBMISSION;VEV_5500;XIREC;8.0;24
164900;SUBMISSION;;VEV_5500;XIREC;9.0;24
165000;;SUBMISSION;VEV_5500;XIREC;8.0;21
165000;SUBMISSION;;VEV_5500;XIREC;9.0;21
165100;;SUBMISSION;VEV_5500;XIREC;8.0;22
165100;SUBMISSION;;VEV_5500;XIREC;9.0;22
165200;;SUBMISSION;VEV_5500;XIREC;8.0;20
165200;SUBMISSION;;VEV_5500;XIREC;9.0;20
165300;;SUBMISSION;VEV_5500;XIREC;8.0;23
165300;SUBMISSION;;VEV_5500;XIREC;9.0;23
165400;;SUBMISSION;VEV_5500;XIREC;8.0;19
165400;SUBMISSION;;VEV_5500;XIREC;9.0;19
165500;;SUBMISSION;VEV_5500;XIREC;8.0;28
165500;SUBMISSION;;VEV_5500;XIREC;9.0;28
165600;;SUBMISSION;VEV_5400;XIREC;21.0;6
165600;SUBMISSION;;VEV_5400;XIREC;22.0;6
165600;;SUBMISSION;VEV_5500;XIREC;8.0;23
165600;SUBMISSION;;VEV_5500;XIREC;9.0;23
165700;;SUBMISSION;VEV_5500;XIREC;8.0;18
165700;SUBMISSION;;VEV_5500;XIREC;9.0;18
165800;;SUBMISSION;VEV_5500;XIREC;8.0;27
165800;SUBMISSION;;VEV_5500;XIREC;9.0;27
165900;;SUBMISSION;VEV_5500;XIREC;8.0;19
165900;SUBMISSION;;VEV_5500;XIREC;9.0;19
166000;SUBMISSION;;VEV_4000;XIREC;1244.0;2
166000;;SUBMISSION;VEV_5500;XIREC;8.0;19
166000;SUBMISSION;;VEV_5500;XIREC;9.0;19
166100;;SUBMISSION;VEV_5500;XIREC;8.0;25
166100;SUBMISSION;;VEV_5500;XIREC;9.0;25
166200;;SUBMISSION;VEV_5500;XIREC;8.0;22
166200;SUBMISSION;;VEV_5500;XIREC;9.0;22
166300;;SUBMISSION;VEV_5500;XIREC;8.0;19
166300;SUBMISSION;;VEV_5500;XIREC;9.0;19
166400;;SUBMISSION;VEV_5500;XIREC;8.0;23
166400;SUBMISSION;;VEV_5500;XIREC;9.0;23
166500;;SUBMISSION;VEV_5500;XIREC;8.0;20
166500;SUBMISSION;;VEV_5500;XIREC;9.0;20
166600;;SUBMISSION;VEV_5500;XIREC;8.0;22
166600;SUBMISSION;;VEV_5500;XIREC;9.0;22
166700;;SUBMISSION;VEV_5500;XIREC;8.0;28
166700;SUBMISSION;;VEV_5500;XIREC;9.0;28
166800;;SUBMISSION;VEV_5500;XIREC;8.0;19
166800;SUBMISSION;;VEV_5500;XIREC;9.0;19
166900;;SUBMISSION;VEV_5500;XIREC;8.0;26
166900;SUBMISSION;;VEV_5500;XIREC;9.0;26
167000;;SUBMISSION;VEV_5400;XIREC;21.0;5
167000;SUBMISSION;;VEV_5400;XIREC;22.0;5
167000;;SUBMISSION;VEV_5500;XIREC;8.0;19
167000;SUBMISSION;;VEV_5500;XIREC;9.0;19
167100;;SUBMISSION;VEV_5500;XIREC;8.0;22
167100;SUBMISSION;;VEV_5500;XIREC;9.0;22
167200;;SUBMISSION;VEV_5500;XIREC;8.0;23
167200;SUBMISSION;;VEV_5500;XIREC;9.0;23
167300;;SUBMISSION;VEV_5500;XIREC;8.0;28
167300;SUBMISSION;;VEV_5500;XIREC;9.0;28
167400;;SUBMISSION;VEV_5500;XIREC;8.0;21
167400;SUBMISSION;;VEV_5500;XIREC;9.0;21
167500;;SUBMISSION;VEV_5500;XIREC;8.0;22
167500;SUBMISSION;;VEV_5500;XIREC;9.0;22
167600;;SUBMISSION;VEV_5500;XIREC;8.0;28
167600;SUBMISSION;;VEV_5500;XIREC;9.0;28
167700;;SUBMISSION;VEV_5400;XIREC;22.0;6
167700;SUBMISSION;;VEV_5400;XIREC;23.0;6
167700;;SUBMISSION;VEV_5500;XIREC;8.0;24
167700;SUBMISSION;;VEV_5500;XIREC;9.0;24
167800;;SUBMISSION;VEV_5500;XIREC;8.0;23
167800;SUBMISSION;;VEV_5500;XIREC;9.0;23
167900;;SUBMISSION;VEV_5500;XIREC;8.0;15
167900;SUBMISSION;;VEV_5500;XIREC;9.0;15
168000;;SUBMISSION;VEV_5500;XIREC;8.0;20
168000;SUBMISSION;;VEV_5500;XIREC;9.0;20
168100;;SUBMISSION;VEV_5500;XIREC;8.0;30
168100;SUBMISSION;;VEV_5500;XIREC;9.0;30
168200;;SUBMISSION;VEV_5500;XIREC;8.0;22
168200;SUBMISSION;;VEV_5500;XIREC;9.0;22
168300;;SUBMISSION;VEV_5500;XIREC;8.0;25
168300;SUBMISSION;;VEV_5500;XIREC;9.0;25
168400;;SUBMISSION;VEV_5500;XIREC;8.0;25
168400;SUBMISSION;;VEV_5500;XIREC;9.0;25
168500;;SUBMISSION;VEV_5500;XIREC;8.0;27
168500;SUBMISSION;;VEV_5500;XIREC;9.0;27
168600;;SUBMISSION;VEV_5500;XIREC;8.0;20
168600;SUBMISSION;;VEV_5500;XIREC;9.0;20
168700;;SUBMISSION;VEV_5500;XIREC;8.0;18
168700;SUBMISSION;;VEV_5500;XIREC;9.0;18
168800;;SUBMISSION;VEV_5500;XIREC;8.0;19
168800;SUBMISSION;;VEV_5500;XIREC;9.0;19
168900;;SUBMISSION;VEV_5500;XIREC;8.0;24
168900;SUBMISSION;;VEV_5500;XIREC;9.0;24
169000;;SUBMISSION;VEV_5500;XIREC;8.0;18
169000;SUBMISSION;;VEV_5500;XIREC;9.0;18
169000;;;HYDROGEL_PACK;XIREC;9953.0;3
169100;;SUBMISSION;VEV_5500;XIREC;8.0;22
169100;SUBMISSION;;VEV_5500;XIREC;9.0;22
169200;;SUBMISSION;VEV_5400;XIREC;21.0;5
169200;SUBMISSION;;VEV_5400;XIREC;22.0;5
169200;;SUBMISSION;VEV_5500;XIREC;8.0;20
169200;SUBMISSION;;VEV_5500;XIREC;9.0;20
169300;;SUBMISSION;VEV_5500;XIREC;8.0;23
169300;SUBMISSION;;VEV_5500;XIREC;9.0;23
169400;;SUBMISSION;VELVETFRUIT_EXTRACT;XIREC;5252.0;6
169400;;SUBMISSION;VEV_5500;XIREC;8.0;27
169400;SUBMISSION;;VEV_5500;XIREC;9.0;27
169500;;SUBMISSION;VEV_5500;XIREC;8.0;22
169500;SUBMISSION;;VEV_5500;XIREC;9.0;22
169600;;SUBMISSION;VEV_5400;XIREC;22.0;9
169600;SUBMISSION;;VEV_5400;XIREC;23.0;9
169600;SUBMISSION;;VEV_5500;XIREC;9.0;2
169700;;SUBMISSION;VEV_5400;XIREC;22.0;21
169700;SUBMISSION;;VEV_5400;XIREC;23.0;21
169800;;SUBMISSION;VEV_5400;XIREC;22.0;23
169800;SUBMISSION;;VEV_5400;XIREC;23.0;23
169900;;SUBMISSION;VEV_5400;XIREC;22.0;22
169900;SUBMISSION;;VEV_5400;XIREC;23.0;22
169900;;;VEV_5400;XIREC;22.0;5
169900;;;VEV_6000;XIREC;0.0;5
169900;;;VEV_6500;XIREC;0.0;5
170000;;SUBMISSION;VEV_5400;XIREC;22.0;18
170000;SUBMISSION;;VEV_5400;XIREC;23.0;18
170200;;SUBMISSION;VEV_5400;XIREC;22.0;15
170200;SUBMISSION;;VEV_5400;XIREC;23.0;15
170300;;SUBMISSION;VEV_5400;XIREC;22.0;18
170300;SUBMISSION;;VEV_5400;XIREC;23.0;18
170400;;SUBMISSION;VEV_5400;XIREC;22.0;10
170400;SUBMISSION;;VEV_5400;XIREC;23.0;10
170500;;SUBMISSION;VEV_5400;XIREC;22.0;25
170500;SUBMISSION;;VEV_5400;XIREC;23.0;25
170600;;SUBMISSION;VEV_5500;XIREC;8.0;20
170600;SUBMISSION;;VEV_5500;XIREC;9.0;20
170700;;SUBMISSION;VELVETFRUIT_EXTRACT;XIREC;5249.0;24
170700;;SUBMISSION;VEV_5500;XIREC;8.0;24
170700;SUBMISSION;;VEV_5500;XIREC;9.0;24
170800;;SUBMISSION;VEV_5500;XIREC;8.0;24
170800;SUBMISSION;;VEV_5500;XIREC;9.0;24
170900;;SUBMISSION;VEV_5500;XIREC;8.0;17
170900;SUBMISSION;;VEV_5500;XIREC;9.0;17
171000;;SUBMISSION;VEV_5500;XIREC;8.0;20
171000;SUBMISSION;;VEV_5500;XIREC;9.0;20
171100;;SUBMISSION;VEV_5500;XIREC;8.0;23
171100;SUBMISSION;;VEV_5500;XIREC;9.0;23
171200;;SUBMISSION;VEV_5500;XIREC;8.0;21
171200;SUBMISSION;;VEV_5500;XIREC;9.0;21
171300;;SUBMISSION;VEV_5500;XIREC;8.0;22
171300;SUBMISSION;;VEV_5500;XIREC;9.0;22
171400;;SUBMISSION;VEV_5500;XIREC;8.0;18
171400;SUBMISSION;;VEV_5500;XIREC;9.0;18
171500;;SUBMISSION;HYDROGEL_PACK;XIREC;9981.0;5
171500;;SUBMISSION;VEV_5500;XIREC;8.0;23
171500;SUBMISSION;;VEV_5500;XIREC;9.0;23
171600;;SUBMISSION;VEV_5500;XIREC;8.0;16
171600;SUBMISSION;;VEV_5500;XIREC;9.0;16
171700;;SUBMISSION;VEV_5500;XIREC;8.0;22
171700;SUBMISSION;;VEV_5500;XIREC;9.0;22
171800;;SUBMISSION;VEV_5500;XIREC;8.0;20
171800;SUBMISSION;;VEV_5500;XIREC;9.0;20
172000;;SUBMISSION;VEV_5400;XIREC;22.0;8
172000;SUBMISSION;;VEV_5400;XIREC;23.0;8
172100;;SUBMISSION;VEV_5400;XIREC;22.0;9
172100;SUBMISSION;;VEV_5400;XIREC;23.0;9
172200;;SUBMISSION;VEV_5400;XIREC;22.0;23
172200;SUBMISSION;;VEV_5400;XIREC;23.0;23
172300;;SUBMISSION;VEV_5500;XIREC;8.0;28
172300;SUBMISSION;;VEV_5500;XIREC;9.0;28
172400;;SUBMISSION;VEV_5500;XIREC;8.0;20
172400;SUBMISSION;;VEV_5500;XIREC;9.0;20
172500;;SUBMISSION;VEV_5500;XIREC;8.0;25
172500;SUBMISSION;;VEV_5500;XIREC;9.0;25
172600;;SUBMISSION;VEV_5500;XIREC;8.0;26
172600;SUBMISSION;;VEV_5500;XIREC;9.0;26
172700;;SUBMISSION;VEV_5500;XIREC;8.0;26
172700;SUBMISSION;;VEV_5500;XIREC;9.0;26
172800;;SUBMISSION;VELVETFRUIT_EXTRACT;XIREC;5251.0;3
172800;;SUBMISSION;VEV_5500;XIREC;8.0;22
172800;SUBMISSION;;VEV_5500;XIREC;9.0;22
172900;;SUBMISSION;VEV_5500;XIREC;8.0;19
172900;SUBMISSION;;VEV_5500;XIREC;9.0;19
173000;SUBMISSION;;HYDROGEL_PACK;XIREC;9969.0;5
173000;;SUBMISSION;VEV_5500;XIREC;8.0;26
173000;SUBMISSION;;VEV_5500;XIREC;9.0;26
173100;;SUBMISSION;VEV_5500;XIREC;8.0;23
173100;SUBMISSION;;VEV_5500;XIREC;9.0;23
173200;;SUBMISSION;VELVETFRUIT_EXTRACT;XIREC;5252.0;5
173200;;SUBMISSION;VEV_5500;XIREC;8.0;22
173200;SUBMISSION;;VEV_5500;XIREC;9.0;22
173300;;SUBMISSION;VEV_5500;XIREC;8.0;23
173300;SUBMISSION;;VEV_5500;XIREC;9.0;23
173400;;SUBMISSION;VEV_5500;XIREC;8.0;23
173400;SUBMISSION;;VEV_5500;XIREC;9.0;23
173500;;SUBMISSION;VEV_5500;XIREC;8.0;15
173500;SUBMISSION;;VEV_5500;XIREC;9.0;15
173600;;SUBMISSION;VEV_5500;XIREC;8.0;28
173600;SUBMISSION;;VEV_5500;XIREC;9.0;28
173700;;SUBMISSION;VEV_5500;XIREC;8.0;17
173700;SUBMISSION;;VEV_5500;XIREC;9.0;17
173700;;;VEV_5500;XIREC;8.0;2
173700;;;VEV_6000;XIREC;0.0;2
173700;;;VEV_6500;XIREC;0.0;2
173800;;SUBMISSION;VEV_5500;XIREC;8.0;27
173800;SUBMISSION;;VEV_5500;XIREC;9.0;27
173900;;SUBMISSION;VEV_5500;XIREC;8.0;19
173900;SUBMISSION;;VEV_5500;XIREC;9.0;19
173900;;;VELVETFRUIT_EXTRACT;XIREC;5245.0;5
174000;;SUBMISSION;VEV_5500;XIREC;8.0;26
174000;SUBMISSION;;VEV_5500;XIREC;9.0;26
174100;;SUBMISSION;VEV_5500;XIREC;8.0;27
174100;SUBMISSION;;VEV_5500;XIREC;9.0;27
174200;;SUBMISSION;VEV_5500;XIREC;8.0;19
174200;SUBMISSION;;VEV_5500;XIREC;9.0;19
174300;;SUBMISSION;VEV_5500;XIREC;8.0;16
174300;SUBMISSION;;VEV_5500;XIREC;9.0;16
174500;;SUBMISSION;VEV_5500;XIREC;8.0;8
174500;SUBMISSION;;VEV_5500;XIREC;9.0;8
174700;;SUBMISSION;VEV_5500;XIREC;8.0;8
174700;SUBMISSION;;VEV_5500;XIREC;9.0;8
175300;;;HYDROGEL_PACK;XIREC;9969.0;6
176000;;;VEV_5400;XIREC;19.0;3
176000;;;VEV_5500;XIREC;7.0;3
176000;;;VEV_6000;XIREC;0.0;3
176000;;;VEV_6500;XIREC;0.0;3
176800;;SUBMISSION;VEV_5300;XIREC;48.0;5
176800;SUBMISSION;;VEV_5300;XIREC;49.0;5
177200;;;VEV_5400;XIREC;19.0;2
177200;;;VEV_6000;XIREC;0.0;2
177200;;;VEV_6500;XIREC;0.0;2
177300;;SUBMISSION;VEV_5500;XIREC;8.0;22
177300;SUBMISSION;;VEV_5500;XIREC;9.0;22
178100;;;HYDROGEL_PACK;XIREC;9958.0;2
178200;;SUBMISSION;VEV_5400;XIREC;18.0;23
178200;SUBMISSION;;VEV_5400;XIREC;19.0;23
178300;;SUBMISSION;VELVETFRUIT_EXTRACT;XIREC;5239.0;6
178300;;SUBMISSION;VEV_5400;XIREC;18.0;25
178300;SUBMISSION;;VEV_5400;XIREC;19.0;25
178800;SUBMISSION;;VELVETFRUIT_EXTRACT;XIREC;5238.0;5
179100;;SUBMISSION;VELVETFRUIT_EXTRACT;XIREC;5239.0;25
179500;SUBMISSION;;VELVETFRUIT_EXTRACT;XIREC;5237.0;3
181700;;;VEV_5300;XIREC;45.0;4
181700;;;VEV_5400;XIREC;18.0;4
181700;;;VEV_5500;XIREC;7.0;4
181700;;;VEV_6000;XIREC;0.0;4
181700;;;VEV_6500;XIREC;0.0;4
181900;;SUBMISSION;HYDROGEL_PACK;XIREC;9979.0;3
182300;;SUBMISSION;VEV_5400;XIREC;19.0;7
182300;SUBMISSION;;VEV_5400;XIREC;20.0;7
182400;;;HYDROGEL_PACK;XIREC;9977.0;5
183100;;SUBMISSION;VEV_5400;XIREC;19.0;7
183100;SUBMISSION;;VEV_5400;XIREC;20.0;7
183200;;SUBMISSION;VEV_5400;XIREC;19.0;10
183200;SUBMISSION;;VEV_5400;XIREC;20.0;10
183300;;;HYDROGEL_PACK;XIREC;9973.0;4
183800;;SUBMISSION;VEV_5400;XIREC;18.0;18
183800;SUBMISSION;;VEV_5400;XIREC;19.0;18
184000;;SUBMISSION;VEV_5400;XIREC;18.0;24
184000;SUBMISSION;;VEV_5400;XIREC;19.0;24
184400;SUBMISSION;;VELVETFRUIT_EXTRACT;XIREC;5237.0;12
184800;SUBMISSION;;HYDROGEL_PACK;XIREC;9966.0;3
184800;;SUBMISSION;VEV_5400;XIREC;18.0;20
184800;SUBMISSION;;VEV_5400;XIREC;19.0;20
184900;;SUBMISSION;VEV_5400;XIREC;18.0;20
184900;SUBMISSION;;VEV_5400;XIREC;19.0;20
184900;;;VEV_5300;XIREC;45.0;2
184900;;;VEV_5400;XIREC;18.0;2
184900;;;VEV_5500;XIREC;7.0;2
184900;;;VEV_6000;XIREC;0.0;2
184900;;;VEV_6500;XIREC;0.0;2
185000;;SUBMISSION;VEV_5400;XIREC;18.0;19
185000;SUBMISSION;;VEV_5400;XIREC;19.0;19
185100;;SUBMISSION;VEV_5400;XIREC;18.0;21
185100;SUBMISSION;;VEV_5400;XIREC;19.0;21
185200;;SUBMISSION;VEV_5400;XIREC;18.0;18
185200;SUBMISSION;;VEV_5400;XIREC;19.0;18
185300;;SUBMISSION;VEV_5400;XIREC;18.0;18
185300;SUBMISSION;;VEV_5400;XIREC;19.0;18
185800;;;HYDROGEL_PACK;XIREC;9961.0;6
185900;;SUBMISSION;VEV_5400;XIREC;18.0;23
185900;SUBMISSION;;VEV_5400;XIREC;19.0;23
186000;;SUBMISSION;VEV_5400;XIREC;18.0;20
186000;SUBMISSION;;VEV_5400;XIREC;19.0;20
186300;;SUBMISSION;VEV_5400;XIREC;18.0;24
186300;SUBMISSION;;VEV_5400;XIREC;19.0;24
186600;;;VEV_5300;XIREC;46.0;3
186600;;;VEV_5500;XIREC;7.0;3
186600;;;VEV_6000;XIREC;0.0;3
186600;;;VEV_6500;XIREC;0.0;3
186700;;SUBMISSION;VEV_5400;XIREC;18.0;21
186700;SUBMISSION;;VEV_5400;XIREC;19.0;21
186800;;SUBMISSION;VEV_5400;XIREC;18.0;17
186800;SUBMISSION;;VEV_5400;XIREC;19.0;17
186900;;SUBMISSION;VEV_5400;XIREC;18.0;7
186900;SUBMISSION;;VEV_5400;XIREC;19.0;7
187000;;SUBMISSION;VEV_5400;XIREC;18.0;21
187000;SUBMISSION;;VEV_5400;XIREC;19.0;21
187100;;SUBMISSION;VEV_5400;XIREC;18.0;25
187100;SUBMISSION;;VEV_5400;XIREC;19.0;25
187200;;SUBMISSION;VEV_5400;XIREC;18.0;24
187200;SUBMISSION;;VEV_5400;XIREC;19.0;24
187300;;SUBMISSION;VEV_5400;XIREC;18.0;25
187300;SUBMISSION;;VEV_5400;XIREC;19.0;25
187400;;SUBMISSION;VEV_5400;XIREC;18.0;18
187400;SUBMISSION;;VEV_5400;XIREC;19.0;18
187500;;SUBMISSION;VEV_5400;XIREC;18.0;25
187500;SUBMISSION;;VEV_5400;XIREC;19.0;25
187600;;SUBMISSION;VEV_5400;XIREC;18.0;30
187600;SUBMISSION;;VEV_5400;XIREC;19.0;30
187800;;SUBMISSION;VEV_5400;XIREC;18.0;9
187800;SUBMISSION;;VEV_5400;XIREC;19.0;9
187900;;SUBMISSION;VEV_5400;XIREC;18.0;7
187900;SUBMISSION;;VEV_5400;XIREC;19.0;7
188100;;SUBMISSION;VEV_5400;XIREC;18.0;25
188100;SUBMISSION;;VEV_5400;XIREC;19.0;25
188200;;SUBMISSION;VEV_5400;XIREC;18.0;27
188200;SUBMISSION;;VEV_5400;XIREC;19.0;27
188500;SUBMISSION;;VELVETFRUIT_EXTRACT;XIREC;5235.0;22
188500;SUBMISSION;;VELVETFRUIT_EXTRACT;XIREC;5236.0;37
189000;;SUBMISSION;VEV_5400;XIREC;18.0;20
189000;SUBMISSION;;VEV_5400;XIREC;19.0;20
189100;;SUBMISSION;VEV_5400;XIREC;18.0;23
189100;SUBMISSION;;VEV_5400;XIREC;19.0;23
189200;;SUBMISSION;VEV_5400;XIREC;18.0;9
189200;SUBMISSION;;VEV_5400;XIREC;19.0;9
189300;;SUBMISSION;VEV_5400;XIREC;18.0;28
189300;SUBMISSION;;VEV_5400;XIREC;19.0;28
189400;;SUBMISSION;VEV_5400;XIREC;18.0;9
189400;SUBMISSION;;VEV_5400;XIREC;19.0;9
189700;;SUBMISSION;VEV_5400;XIREC;18.0;26
189700;SUBMISSION;;VEV_5400;XIREC;19.0;26
189800;;SUBMISSION;VEV_5400;XIREC;18.0;9
189800;SUBMISSION;;VEV_5400;XIREC;19.0;9
189900;;SUBMISSION;VEV_5400;XIREC;18.0;22
189900;SUBMISSION;;VEV_5400;XIREC;19.0;22
190100;;SUBMISSION;VEV_5400;XIREC;18.0;12
190100;SUBMISSION;;VEV_5400;XIREC;19.0;12
190100;;;VEV_5300;XIREC;45.0;4
190100;;;VEV_5400;XIREC;18.0;4
190100;;;VEV_5500;XIREC;7.0;4
190100;;;VEV_6000;XIREC;0.0;4
190100;;;VEV_6500;XIREC;0.0;4
190200;;SUBMISSION;VEV_5400;XIREC;18.0;21
190200;SUBMISSION;;VEV_5400;XIREC;19.0;21
190300;;SUBMISSION;VEV_5400;XIREC;18.0;20
190300;SUBMISSION;;VEV_5400;XIREC;19.0;20
190500;SUBMISSION;;VEV_4000;XIREC;1229.0;2
190600;;;HYDROGEL_PACK;XIREC;9943.0;6
191500;;SUBMISSION;VEV_5500;XIREC;6.0;25
191500;SUBMISSION;;VEV_5500;XIREC;7.0;25
192300;;SUBMISSION;VEV_5500;XIREC;7.0;9
192300;SUBMISSION;;VEV_5500;XIREC;8.0;9
192500;;SUBMISSION;VEV_5500;XIREC;7.0;7
192500;SUBMISSION;;VEV_5500;XIREC;8.0;7
193000;;;VEV_5300;XIREC;43.0;2
193000;;;VEV_5400;XIREC;17.0;2
193000;;;VEV_5500;XIREC;6.0;2
193000;;;VEV_6000;XIREC;0.0;2
193000;;;VEV_6500;XIREC;0.0;2
193300;;SUBMISSION;VEV_5500;XIREC;6.0;22
193300;SUBMISSION;;VEV_5500;XIREC;7.0;22
193400;;SUBMISSION;VEV_5500;XIREC;6.0;21
193400;SUBMISSION;;VEV_5500;XIREC;7.0;21
193500;;SUBMISSION;VEV_5500;XIREC;6.0;28
193500;SUBMISSION;;VEV_5500;XIREC;7.0;28
193600;;SUBMISSION;VEV_5500;XIREC;6.0;25
193600;SUBMISSION;;VEV_5500;XIREC;7.0;25
193700;;SUBMISSION;VEV_5500;XIREC;6.0;29
193700;SUBMISSION;;VEV_5500;XIREC;7.0;29
193800;;SUBMISSION;VEV_5500;XIREC;6.0;28
193800;SUBMISSION;;VEV_5500;XIREC;7.0;28
193900;;SUBMISSION;VEV_5500;XIREC;6.0;16
193900;SUBMISSION;;VEV_5500;XIREC;7.0;16
194000;;SUBMISSION;VEV_5500;XIREC;6.0;24
194000;SUBMISSION;;VEV_5500;XIREC;7.0;24
194100;;SUBMISSION;VEV_5500;XIREC;6.0;17
194100;SUBMISSION;;VEV_5500;XIREC;7.0;17
194200;;SUBMISSION;VEV_5500;XIREC;6.0;19
194200;SUBMISSION;;VEV_5500;XIREC;7.0;19
194300;;SUBMISSION;VEV_5500;XIREC;6.0;24
194300;SUBMISSION;;VEV_5500;XIREC;7.0;24
194400;;SUBMISSION;VEV_5500;XIREC;6.0;25
194400;SUBMISSION;;VEV_5500;XIREC;7.0;25
194500;;SUBMISSION;VEV_5500;XIREC;6.0;26
194500;SUBMISSION;;VEV_5500;XIREC;7.0;26
194700;;SUBMISSION;VEV_5500;XIREC;6.0;17
194700;SUBMISSION;;VEV_5500;XIREC;7.0;17
194800;;SUBMISSION;VEV_5500;XIREC;6.0;23
194800;SUBMISSION;;VEV_5500;XIREC;7.0;23
194900;;SUBMISSION;VEV_5500;XIREC;6.0;28
194900;SUBMISSION;;VEV_5500;XIREC;7.0;28
195000;;SUBMISSION;VEV_5500;XIREC;6.0;19
195000;SUBMISSION;;VEV_5500;XIREC;7.0;19
195600;;SUBMISSION;VEV_5500;XIREC;7.0;10
195600;SUBMISSION;;VEV_5500;XIREC;8.0;10
195800;;;VELVETFRUIT_EXTRACT;XIREC;5234.0;8
196500;;SUBMISSION;VEV_5500;XIREC;6.0;21
196500;SUBMISSION;;VEV_5500;XIREC;7.0;21
196500;;;VELVETFRUIT_EXTRACT;XIREC;5227.0;7
196600;;SUBMISSION;VEV_5500;XIREC;6.0;21
196600;SUBMISSION;;VEV_5500;XIREC;7.0;21
196600;;;HYDROGEL_PACK;XIREC;9953.0;3
196700;;SUBMISSION;VEV_5400;XIREC;16.0;17
196700;SUBMISSION;;VEV_5400;XIREC;17.0;17
196700;;SUBMISSION;VEV_5500;XIREC;6.0;17
196700;SUBMISSION;;VEV_5500;XIREC;7.0;17
196800;;SUBMISSION;VEV_5500;XIREC;6.0;19
196800;SUBMISSION;;VEV_5500;XIREC;7.0;19
196900;;SUBMISSION;VEV_5400;XIREC;16.0;23
196900;SUBMISSION;;VEV_5400;XIREC;17.0;23
196900;;SUBMISSION;VEV_5500;XIREC;6.0;23
196900;SUBMISSION;;VEV_5500;XIREC;7.0;23
197000;;SUBMISSION;VEV_5400;XIREC;16.0;24
197000;SUBMISSION;;VEV_5400;XIREC;17.0;24
197000;;SUBMISSION;VEV_5500;XIREC;6.0;24
197000;SUBMISSION;;VEV_5500;XIREC;7.0;24
197000;;;HYDROGEL_PACK;XIREC;9967.0;6
197100;;SUBMISSION;VEV_5500;XIREC;6.0;25
197100;SUBMISSION;;VEV_5500;XIREC;7.0;25
197200;;SUBMISSION;VEV_5500;XIREC;6.0;28
197200;SUBMISSION;;VEV_5500;XIREC;7.0;28
197300;;SUBMISSION;VEV_5500;XIREC;6.0;20
197300;SUBMISSION;;VEV_5500;XIREC;7.0;20
197400;;SUBMISSION;VEV_5500;XIREC;6.0;19
197400;SUBMISSION;;VEV_5500;XIREC;7.0;19
197500;;SUBMISSION;VEV_5500;XIREC;6.0;19
197500;SUBMISSION;;VEV_5500;XIREC;7.0;19
197600;;SUBMISSION;VEV_5500;XIREC;6.0;30
197600;SUBMISSION;;VEV_5500;XIREC;7.0;30
197700;;SUBMISSION;VEV_5500;XIREC;6.0;24
197700;SUBMISSION;;VEV_5500;XIREC;7.0;24
197800;;SUBMISSION;VEV_5500;XIREC;6.0;17
197800;SUBMISSION;;VEV_5500;XIREC;7.0;17
197900;;SUBMISSION;VEV_5500;XIREC;6.0;21
197900;SUBMISSION;;VEV_5500;XIREC;7.0;21
198000;;SUBMISSION;VEV_5500;XIREC;6.0;19
198000;SUBMISSION;;VEV_5500;XIREC;7.0;19
198100;;SUBMISSION;VEV_5500;XIREC;6.0;28
198100;SUBMISSION;;VEV_5500;XIREC;7.0;28
198200;;SUBMISSION;VEV_5500;XIREC;6.0;16
198200;SUBMISSION;;VEV_5500;XIREC;7.0;16
198200;;;VEV_5300;XIREC;42.0;5
198200;;;VEV_5400;XIREC;16.0;5
198200;;;VEV_5500;XIREC;6.0;5
198200;;;VEV_6000;XIREC;0.0;5
198200;;;VEV_6500;XIREC;0.0;5
198300;;SUBMISSION;VEV_5500;XIREC;6.0;19
198300;SUBMISSION;;VEV_5500;XIREC;7.0;19
198400;;SUBMISSION;VEV_5400;XIREC;16.0;24
198400;SUBMISSION;;VEV_5400;XIREC;17.0;24
198400;;SUBMISSION;VEV_5500;XIREC;6.0;24
198400;SUBMISSION;;VEV_5500;XIREC;7.0;24
198500;;SUBMISSION;VEV_5400;XIREC;16.0;23
198500;SUBMISSION;;VEV_5400;XIREC;17.0;23
198500;;SUBMISSION;VEV_5500;XIREC;6.0;23
198500;SUBMISSION;;VEV_5500;XIREC;7.0;23
198600;;SUBMISSION;VEV_5400;XIREC;16.0;22
198600;SUBMISSION;;VEV_5400;XIREC;17.0;22
198600;;SUBMISSION;VEV_5500;XIREC;6.0;22
198600;SUBMISSION;;VEV_5500;XIREC;7.0;22
198700;;SUBMISSION;VEV_5400;XIREC;16.0;22
198700;SUBMISSION;;VEV_5400;XIREC;17.0;22
198700;;SUBMISSION;VEV_5500;XIREC;6.0;22
198700;SUBMISSION;;VEV_5500;XIREC;7.0;22
198800;;SUBMISSION;VEV_5400;XIREC;16.0;25
198800;SUBMISSION;;VEV_5400;XIREC;17.0;25
198800;;SUBMISSION;VEV_5500;XIREC;6.0;25
198800;SUBMISSION;;VEV_5500;XIREC;7.0;25
198900;;SUBMISSION;VEV_5500;XIREC;6.0;28
198900;SUBMISSION;;VEV_5500;XIREC;7.0;28
199000;;SUBMISSION;VEV_5500;XIREC;6.0;26
199000;SUBMISSION;;VEV_5500;XIREC;7.0;26
199100;;SUBMISSION;VEV_5500;XIREC;6.0;23
199100;SUBMISSION;;VEV_5500;XIREC;7.0;23
199200;;SUBMISSION;VEV_5500;XIREC;6.0;22
199200;SUBMISSION;;VEV_5500;XIREC;7.0;22
199300;;SUBMISSION;VEV_5500;XIREC;6.0;22
199300;SUBMISSION;;VEV_5500;XIREC;7.0;22
199300;;;VELVETFRUIT_EXTRACT;XIREC;5233.0;7
199400;;SUBMISSION;VEV_5500;XIREC;6.0;19
199400;SUBMISSION;;VEV_5500;XIREC;7.0;19
199500;;SUBMISSION;VEV_5500;XIREC;6.0;21
199500;SUBMISSION;;VEV_5500;XIREC;7.0;21
199600;;SUBMISSION;VEV_5500;XIREC;6.0;24
199600;SUBMISSION;;VEV_5500;XIREC;7.0;24
199700;;SUBMISSION;VEV_5500;XIREC;6.0;18
199700;SUBMISSION;;VEV_5500;XIREC;7.0;18
199700;;;VELVETFRUIT_EXTRACT;XIREC;5227.0;4
199800;;SUBMISSION;VEV_5500;XIREC;6.0;22
199800;SUBMISSION;;VEV_5500;XIREC;7.0;22
200500;;SUBMISSION;VEV_5500;XIREC;7.0;7
200500;SUBMISSION;;VEV_5500;XIREC;8.0;7
200600;;SUBMISSION;VEV_5500;XIREC;7.0;10
200600;SUBMISSION;;VEV_5500;XIREC;8.0;10
200700;;;VELVETFRUIT_EXTRACT;XIREC;5235.0;7
201200;;SUBMISSION;VEV_5500;XIREC;7.0;9
201200;SUBMISSION;;VEV_5500;XIREC;8.0;9
201600;;SUBMISSION;VEV_5500;XIREC;7.0;10
201600;SUBMISSION;;VEV_5500;XIREC;8.0;10
201900;;;VELVETFRUIT_EXTRACT;XIREC;5230.0;4
202100;;SUBMISSION;VEV_5400;XIREC;17.0;7
202100;SUBMISSION;;VEV_5400;XIREC;18.0;7
202500;;;VELVETFRUIT_EXTRACT;XIREC;5233.0;6
202700;;SUBMISSION;VEV_5400;XIREC;17.0;7
202700;SUBMISSION;;VEV_5400;XIREC;18.0;7
203000;;SUBMISSION;VEV_5400;XIREC;17.0;5
203000;SUBMISSION;;VEV_5400;XIREC;18.0;5
203100;;SUBMISSION;VEV_5500;XIREC;6.0;29
203100;SUBMISSION;;VEV_5500;XIREC;7.0;29
203200;;SUBMISSION;VEV_5500;XIREC;6.0;17
203200;SUBMISSION;;VEV_5500;XIREC;7.0;17
203300;;SUBMISSION;VEV_5500;XIREC;6.0;25
203300;SUBMISSION;;VEV_5500;XIREC;7.0;25
203400;;SUBMISSION;VEV_5500;XIREC;6.0;27
203400;SUBMISSION;;VEV_5500;XIREC;7.0;27
203500;;SUBMISSION;VEV_5500;XIREC;6.0;25
203500;SUBMISSION;;VEV_5500;XIREC;7.0;25
203600;;SUBMISSION;VEV_5500;XIREC;6.0;22
203600;SUBMISSION;;VEV_5500;XIREC;7.0;22
203600;;;VELVETFRUIT_EXTRACT;XIREC;5229.0;10
203700;;SUBMISSION;VEV_5400;XIREC;16.0;20
203700;SUBMISSION;;VEV_5400;XIREC;17.0;20
203700;;SUBMISSION;VEV_5500;XIREC;6.0;20
203700;SUBMISSION;;VEV_5500;XIREC;7.0;20
203800;;SUBMISSION;VEV_5400;XIREC;16.0;20
203800;SUBMISSION;;VEV_5400;XIREC;17.0;20
203800;;SUBMISSION;VEV_5500;XIREC;6.0;20
203800;SUBMISSION;;VEV_5500;XIREC;7.0;20
203900;;SUBMISSION;HYDROGEL_PACK;XIREC;9977.0;6
203900;;SUBMISSION;VEV_5400;XIREC;16.0;21
203900;SUBMISSION;;VEV_5400;XIREC;17.0;21
203900;;SUBMISSION;VEV_5500;XIREC;6.0;21
203900;SUBMISSION;;VEV_5500;XIREC;7.0;21
204000;;SUBMISSION;VEV_5400;XIREC;16.0;27
204000;SUBMISSION;;VEV_5400;XIREC;17.0;27
204000;;SUBMISSION;VEV_5500;XIREC;6.0;27
204000;SUBMISSION;;VEV_5500;XIREC;7.0;27
204100;;SUBMISSION;VEV_5400;XIREC;16.0;28
204100;SUBMISSION;;VEV_5400;XIREC;17.0;28
204100;;SUBMISSION;VEV_5500;XIREC;6.0;28
204100;SUBMISSION;;VEV_5500;XIREC;7.0;28
204200;;SUBMISSION;VEV_5400;XIREC;16.0;18
204200;SUBMISSION;;VEV_5400;XIREC;17.0;18
204200;;SUBMISSION;VEV_5500;XIREC;6.0;18
204200;SUBMISSION;;VEV_5500;XIREC;7.0;18
204300;;SUBMISSION;VEV_5400;XIREC;16.0;21
204300;SUBMISSION;;VEV_5400;XIREC;17.0;21
204300;;SUBMISSION;VEV_5500;XIREC;6.0;21
204300;SUBMISSION;;VEV_5500;XIREC;7.0;21
204400;;SUBMISSION;VEV_5400;XIREC;16.0;26
204400;SUBMISSION;;VEV_5400;XIREC;17.0;26
204400;;SUBMISSION;VEV_5500;XIREC;6.0;26
204400;SUBMISSION;;VEV_5500;XIREC;7.0;26
204500;;SUBMISSION;VEV_5500;XIREC;6.0;27
204500;SUBMISSION;;VEV_5500;XIREC;7.0;27
204600;;SUBMISSION;VEV_5400;XIREC;16.0;20
204600;SUBMISSION;;VEV_5400;XIREC;17.0;20
204600;;SUBMISSION;VEV_5500;XIREC;6.0;20
204600;SUBMISSION;;VEV_5500;XIREC;7.0;20
204700;;SUBMISSION;VEV_5500;XIREC;6.0;18
204700;SUBMISSION;;VEV_5500;XIREC;7.0;18
204800;;SUBMISSION;VEV_5400;XIREC;17.0;10
204800;SUBMISSION;;VEV_5400;XIREC;18.0;10
204900;;SUBMISSION;VEV_5500;XIREC;6.0;23
204900;SUBMISSION;;VEV_5500;XIREC;7.0;23
205000;;SUBMISSION;VEV_5400;XIREC;16.0;23
205000;SUBMISSION;;VEV_5400;XIREC;17.0;23
205000;;SUBMISSION;VEV_5500;XIREC;6.0;23
205000;SUBMISSION;;VEV_5500;XIREC;7.0;23
205100;;SUBMISSION;VEV_5500;XIREC;6.0;19
205100;SUBMISSION;;VEV_5500;XIREC;7.0;19
205200;;SUBMISSION;VEV_5500;XIREC;6.0;28
205200;SUBMISSION;;VEV_5500;XIREC;7.0;28
205300;;SUBMISSION;VEV_5500;XIREC;6.0;25
205300;SUBMISSION;;VEV_5500;XIREC;7.0;25
205400;;SUBMISSION;VEV_5500;XIREC;6.0;17
205400;SUBMISSION;;VEV_5500;XIREC;7.0;17
205500;;SUBMISSION;VEV_5500;XIREC;6.0;23
205500;SUBMISSION;;VEV_5500;XIREC;7.0;23
205600;;SUBMISSION;VEV_5400;XIREC;16.0;18
205600;SUBMISSION;;VEV_5400;XIREC;17.0;18
205600;;SUBMISSION;VEV_5500;XIREC;6.0;18
205600;SUBMISSION;;VEV_5500;XIREC;7.0;18
205700;;SUBMISSION;VEV_5500;XIREC;6.0;27
205700;SUBMISSION;;VEV_5500;XIREC;7.0;27
205800;;SUBMISSION;VEV_5400;XIREC;16.0;21
205800;SUBMISSION;;VEV_5400;XIREC;17.0;21
205800;;SUBMISSION;VEV_5500;XIREC;6.0;21
205800;SUBMISSION;;VEV_5500;XIREC;7.0;21
205900;;SUBMISSION;VEV_5400;XIREC;16.0;18
205900;SUBMISSION;;VEV_5400;XIREC;17.0;18
205900;;SUBMISSION;VEV_5500;XIREC;6.0;18
205900;SUBMISSION;;VEV_5500;XIREC;7.0;18
206000;;SUBMISSION;VEV_5400;XIREC;16.0;8
206000;SUBMISSION;;VEV_5400;XIREC;17.0;8
206000;;SUBMISSION;VEV_5500;XIREC;6.0;20
206000;SUBMISSION;;VEV_5500;XIREC;7.0;20
206100;;SUBMISSION;VEV_5400;XIREC;16.0;24
206100;SUBMISSION;;VEV_5400;XIREC;17.0;24
206100;;SUBMISSION;VEV_5500;XIREC;6.0;24
206100;SUBMISSION;;VEV_5500;XIREC;7.0;24
206200;;SUBMISSION;HYDROGEL_PACK;XIREC;9982.0;5
206200;;SUBMISSION;VEV_5500;XIREC;6.0;22
206200;SUBMISSION;;VEV_5500;XIREC;7.0;22
206300;;SUBMISSION;VEV_5500;XIREC;6.0;21
206300;SUBMISSION;;VEV_5500;XIREC;7.0;21
206400;;SUBMISSION;VEV_5500;XIREC;6.0;27
206400;SUBMISSION;;VEV_5500;XIREC;7.0;27
206500;;SUBMISSION;VEV_5500;XIREC;6.0;28
206500;SUBMISSION;;VEV_5500;XIREC;7.0;28
206600;;SUBMISSION;VEV_5500;XIREC;6.0;17
206600;SUBMISSION;;VEV_5500;XIREC;7.0;17
206700;SUBMISSION;;HYDROGEL_PACK;XIREC;9963.0;5
206700;;SUBMISSION;VEV_5500;XIREC;6.0;22
206700;SUBMISSION;;VEV_5500;XIREC;7.0;22
206800;;SUBMISSION;VEV_5400;XIREC;16.0;5
206800;SUBMISSION;;VEV_5400;XIREC;17.0;5
206800;;SUBMISSION;VEV_5500;XIREC;6.0;21
206800;SUBMISSION;;VEV_5500;XIREC;7.0;21
206900;;SUBMISSION;VEV_5400;XIREC;16.0;18
206900;SUBMISSION;;VEV_5400;XIREC;17.0;18
206900;;SUBMISSION;VEV_5500;XIREC;6.0;18
206900;SUBMISSION;;VEV_5500;XIREC;7.0;18
207000;;SUBMISSION;VEV_5400;XIREC;16.0;24
207000;SUBMISSION;;VEV_5400;XIREC;17.0;24
207000;;SUBMISSION;VEV_5500;XIREC;6.0;24
207000;SUBMISSION;;VEV_5500;XIREC;7.0;24
207100;;SUBMISSION;VEV_5400;XIREC;16.0;21
207100;SUBMISSION;;VEV_5400;XIREC;17.0;21
207100;;SUBMISSION;VEV_5500;XIREC;6.0;21
207100;SUBMISSION;;VEV_5500;XIREC;7.0;21
207200;SUBMISSION;;HYDROGEL_PACK;XIREC;9963.0;4
207200;;SUBMISSION;VEV_5400;XIREC;16.0;22
207200;SUBMISSION;;VEV_5400;XIREC;17.0;22
207200;;SUBMISSION;VEV_5500;XIREC;6.0;22
207200;SUBMISSION;;VEV_5500;XIREC;7.0;22
207300;;SUBMISSION;VEV_5500;XIREC;6.0;21
207300;SUBMISSION;;VEV_5500;XIREC;7.0;21
207400;;SUBMISSION;VEV_5400;XIREC;16.0;21
207400;SUBMISSION;;VEV_5400;XIREC;17.0;21
207400;;SUBMISSION;VEV_5500;XIREC;6.0;21
207400;SUBMISSION;;VEV_5500;XIREC;7.0;21
207500;;SUBMISSION;VEV_5500;XIREC;6.0;26
207500;SUBMISSION;;VEV_5500;XIREC;7.0;26
207600;;SUBMISSION;HYDROGEL_PACK;XIREC;9979.0;6
207600;;SUBMISSION;VEV_5500;XIREC;6.0;25
207600;SUBMISSION;;VEV_5500;XIREC;7.0;25
207700;;SUBMISSION;VEV_5500;XIREC;6.0;18
207700;SUBMISSION;;VEV_5500;XIREC;7.0;18
207800;;SUBMISSION;VEV_5500;XIREC;6.0;27
207800;SUBMISSION;;VEV_5500;XIREC;7.0;24
207900;;SUBMISSION;VEV_5500;XIREC;6.0;17
207900;SUBMISSION;;VEV_5500;XIREC;7.0;17
208000;;SUBMISSION;VEV_5500;XIREC;6.0;24
208000;SUBMISSION;;VEV_5500;XIREC;7.0;24
208100;;SUBMISSION;VEV_5400;XIREC;16.0;20
208100;SUBMISSION;;VEV_5400;XIREC;17.0;20
208100;;SUBMISSION;VEV_5500;XIREC;6.0;20
208100;SUBMISSION;;VEV_5500;XIREC;7.0;20
208200;;SUBMISSION;VEV_5400;XIREC;16.0;27
208200;SUBMISSION;;VEV_5400;XIREC;17.0;27
208200;;SUBMISSION;VEV_5500;XIREC;6.0;27
208200;SUBMISSION;;VEV_5500;XIREC;7.0;27
208300;;SUBMISSION;VEV_5500;XIREC;6.0;25
208300;SUBMISSION;;VEV_5500;XIREC;7.0;25
208400;;SUBMISSION;VEV_5400;XIREC;16.0;25
208400;SUBMISSION;;VEV_5400;XIREC;17.0;25
208400;;SUBMISSION;VEV_5500;XIREC;6.0;25
208400;SUBMISSION;;VEV_5500;XIREC;7.0;25
208500;;SUBMISSION;VEV_5400;XIREC;16.0;19
208500;SUBMISSION;;VEV_5400;XIREC;17.0;19
208500;;SUBMISSION;VEV_5500;XIREC;6.0;19
208500;SUBMISSION;;VEV_5500;XIREC;7.0;19
208600;;SUBMISSION;VEV_5400;XIREC;16.0;22
208600;SUBMISSION;;VEV_5400;XIREC;17.0;22
208600;;SUBMISSION;VEV_5500;XIREC;6.0;22
208600;SUBMISSION;;VEV_5500;XIREC;7.0;22
208700;;SUBMISSION;VEV_5500;XIREC;6.0;29
208700;SUBMISSION;;VEV_5500;XIREC;7.0;29
208800;;SUBMISSION;VEV_5500;XIREC;6.0;29
208800;SUBMISSION;;VEV_5500;XIREC;7.0;29
208900;SUBMISSION;;VEV_5500;XIREC;8.0;3
209000;;SUBMISSION;HYDROGEL_PACK;XIREC;9988.0;5
209000;;SUBMISSION;VEV_5500;XIREC;6.0;19
209000;SUBMISSION;;VEV_5500;XIREC;7.0;19
209100;;SUBMISSION;VEV_5500;XIREC;6.0;21
209100;SUBMISSION;;VEV_5500;XIREC;7.0;21
209200;;SUBMISSION;VEV_5400;XIREC;17.0;9
209200;SUBMISSION;;VEV_5400;XIREC;18.0;9
209200;;SUBMISSION;VEV_5500;XIREC;6.0;21
209200;SUBMISSION;;VEV_5500;XIREC;7.0;21
209300;;SUBMISSION;VEV_5500;XIREC;6.0;21
209300;SUBMISSION;;VEV_5500;XIREC;7.0;21
209400;;SUBMISSION;VEV_5500;XIREC;6.0;20
209400;SUBMISSION;;VEV_5500;XIREC;7.0;20
209400;;;VELVETFRUIT_EXTRACT;XIREC;5231.0;5
209500;;SUBMISSION;VEV_5500;XIREC;6.0;23
209500;SUBMISSION;;VEV_5500;XIREC;7.0;23
209600;;SUBMISSION;VEV_5500;XIREC;6.0;21
209600;SUBMISSION;;VEV_5500;XIREC;7.0;21
209700;;SUBMISSION;VEV_5500;XIREC;6.0;24
209700;SUBMISSION;;VEV_5500;XIREC;7.0;24
209800;;SUBMISSION;VEV_5500;XIREC;6.0;24
209800;SUBMISSION;;VEV_5500;XIREC;7.0;24
209900;;SUBMISSION;VEV_5400;XIREC;17.0;7
209900;SUBMISSION;;VEV_5400;XIREC;18.0;7
209900;;SUBMISSION;VEV_5500;XIREC;6.0;24
209900;SUBMISSION;;VEV_5500;XIREC;7.0;24
210300;;SUBMISSION;VEV_5500;XIREC;7.0;8
210300;SUBMISSION;;VEV_5500;XIREC;8.0;8
210400;;SUBMISSION;VEV_5500;XIREC;7.0;7
210400;SUBMISSION;;VEV_5500;XIREC;8.0;7
210700;;SUBMISSION;VELVETFRUIT_EXTRACT;XIREC;5237.0;6
211100;;SUBMISSION;VEV_5500;XIREC;6.0;22
211100;SUBMISSION;;VEV_5500;XIREC;7.0;22
211200;;SUBMISSION;VEV_5400;XIREC;17.0;10
211200;SUBMISSION;;VEV_5400;XIREC;18.0;10
211200;;SUBMISSION;VEV_5500;XIREC;6.0;25
211200;SUBMISSION;;VEV_5500;XIREC;7.0;25
211300;SUBMISSION;;VELVETFRUIT_EXTRACT;XIREC;5228.0;5
211300;SUBMISSION;;VELVETFRUIT_EXTRACT;XIREC;5231.0;1
211300;;SUBMISSION;VEV_5500;XIREC;6.0;25
211300;SUBMISSION;;VEV_5500;XIREC;7.0;20
211400;;SUBMISSION;VEV_5400;XIREC;16.0;21
211400;SUBMISSION;;VEV_5400;XIREC;17.0;21
211400;;SUBMISSION;VEV_5500;XIREC;6.0;21
211400;SUBMISSION;;VEV_5500;XIREC;7.0;21
211500;;SUBMISSION;VEV_5400;XIREC;16.0;23
211500;SUBMISSION;;VEV_5400;XIREC;17.0;23
211500;;SUBMISSION;VEV_5500;XIREC;6.0;23
211500;SUBMISSION;;VEV_5500;XIREC;7.0;23
211600;;SUBMISSION;VEV_5400;XIREC;16.0;18
211600;SUBMISSION;;VEV_5400;XIREC;17.0;18
211600;;SUBMISSION;VEV_5500;XIREC;6.0;18
211600;SUBMISSION;;VEV_5500;XIREC;7.0;18
211700;;SUBMISSION;VEV_5400;XIREC;16.0;19
211700;SUBMISSION;;VEV_5400;XIREC;17.0;19
211700;;SUBMISSION;VEV_5500;XIREC;6.0;19
211700;SUBMISSION;;VEV_5500;XIREC;7.0;19
211800;;SUBMISSION;VEV_5400;XIREC;16.0;23
211800;SUBMISSION;;VEV_5400;XIREC;17.0;23
211800;;SUBMISSION;VEV_5500;XIREC;6.0;23
211800;SUBMISSION;;VEV_5500;XIREC;7.0;23
211900;;SUBMISSION;VEV_5400;XIREC;16.0;15
211900;SUBMISSION;;VEV_5400;XIREC;17.0;15
211900;;SUBMISSION;VEV_5500;XIREC;6.0;15
211900;SUBMISSION;;VEV_5500;XIREC;7.0;15
212000;;SUBMISSION;VEV_5500;XIREC;6.0;24
212000;SUBMISSION;;VEV_5500;XIREC;7.0;24
212100;;SUBMISSION;VEV_4000;XIREC;1229.0;2
212100;;SUBMISSION;VEV_5500;XIREC;6.0;30
212100;SUBMISSION;;VEV_5500;XIREC;7.0;30
212200;;SUBMISSION;VEV_5500;XIREC;6.0;21
212200;SUBMISSION;;VEV_5500;XIREC;7.0;21
212300;;SUBMISSION;VEV_5500;XIREC;6.0;27
212300;SUBMISSION;;VEV_5500;XIREC;7.0;27
212400;SUBMISSION;;VEV_5500;XIREC;7.0;5
212900;;SUBMISSION;VEV_5500;XIREC;6.0;8
212900;SUBMISSION;;VEV_5500;XIREC;7.0;8
212900;;;VEV_5400;XIREC;15.0;2
212900;;;VEV_5500;XIREC;6.0;2
212900;;;VEV_6000;XIREC;0.0;2
212900;;;VEV_6500;XIREC;0.0;2
213000;SUBMISSION;;VEV_4000;XIREC;1214.0;1
213100;;SUBMISSION;VEV_5500;XIREC;6.0;18
213100;SUBMISSION;;VEV_5500;XIREC;7.0;18
213100;;;VELVETFRUIT_EXTRACT;XIREC;5224.0;6
213200;;SUBMISSION;VEV_5500;XIREC;6.0;27
213200;SUBMISSION;;VEV_5500;XIREC;7.0;27
213300;;SUBMISSION;VEV_5500;XIREC;6.0;21
213300;SUBMISSION;;VEV_5500;XIREC;7.0;21
213400;;SUBMISSION;VEV_5500;XIREC;6.0;5
213400;SUBMISSION;;VEV_5500;XIREC;7.0;5
213500;;SUBMISSION;VEV_5500;XIREC;6.0;10
213500;SUBMISSION;;VEV_5500;XIREC;7.0;10
213600;;SUBMISSION;VEV_5500;XIREC;6.0;18
213600;SUBMISSION;;VEV_5500;XIREC;7.0;18
213600;;;VELVETFRUIT_EXTRACT;XIREC;5221.0;13
213700;;SUBMISSION;VEV_5500;XIREC;6.0;20
213700;SUBMISSION;;VEV_5500;XIREC;7.0;20
213800;;SUBMISSION;VEV_5500;XIREC;6.0;18
213800;SUBMISSION;;VEV_5500;XIREC;7.0;18
213900;;SUBMISSION;VEV_5500;XIREC;6.0;23
213900;SUBMISSION;;VEV_5500;XIREC;7.0;23
214000;;SUBMISSION;VEV_5500;XIREC;6.0;27
214000;SUBMISSION;;VEV_5500;XIREC;7.0;27
214100;;SUBMISSION;VEV_5500;XIREC;6.0;18
214100;SUBMISSION;;VEV_5500;XIREC;7.0;18
214500;;SUBMISSION;VEV_5500;XIREC;6.0;18
214500;SUBMISSION;;VEV_5500;XIREC;7.0;18
215300;;SUBMISSION;VEV_5500;XIREC;6.0;20
215300;SUBMISSION;;VEV_5500;XIREC;7.0;20
215400;;SUBMISSION;VEV_5500;XIREC;6.0;22
215400;SUBMISSION;;VEV_5500;XIREC;7.0;22
215500;;SUBMISSION;VEV_5500;XIREC;6.0;20
215500;SUBMISSION;;VEV_5500;XIREC;7.0;20
215600;;SUBMISSION;VEV_5500;XIREC;6.0;21
215600;SUBMISSION;;VEV_5500;XIREC;7.0;21
215700;;SUBMISSION;VEV_4000;XIREC;1228.0;3
215700;;SUBMISSION;VEV_5500;XIREC;6.0;21
215700;SUBMISSION;;VEV_5500;XIREC;7.0;21
215800;;SUBMISSION;VEV_5500;XIREC;6.0;16
215800;SUBMISSION;;VEV_5500;XIREC;7.0;16
215900;;SUBMISSION;VEV_5400;XIREC;16.0;19
215900;SUBMISSION;;VEV_5400;XIREC;17.0;19
215900;;SUBMISSION;VEV_5500;XIREC;6.0;19
215900;SUBMISSION;;VEV_5500;XIREC;7.0;19
216000;;SUBMISSION;VEV_5400;XIREC;16.0;5
216000;SUBMISSION;;VEV_5400;XIREC;17.0;5
216000;;SUBMISSION;VEV_5500;XIREC;6.0;19
216000;SUBMISSION;;VEV_5500;XIREC;7.0;19
216000;;;VELVETFRUIT_EXTRACT;XIREC;5222.0;3
216100;;SUBMISSION;VEV_5500;XIREC;6.0;19
216100;SUBMISSION;;VEV_5500;XIREC;7.0;19
216100;;;VELVETFRUIT_EXTRACT;XIREC;5226.0;4
216200;;SUBMISSION;VEV_5400;XIREC;16.0;6
216200;SUBMISSION;;VEV_5400;XIREC;17.0;6
216200;;SUBMISSION;VEV_5500;XIREC;6.0;17
216200;SUBMISSION;;VEV_5500;XIREC;7.0;17
216300;;SUBMISSION;VEV_5500;XIREC;6.0;18
216300;SUBMISSION;;VEV_5500;XIREC;7.0;18
216400;;SUBMISSION;VEV_5400;XIREC;16.0;8
216400;SUBMISSION;;VEV_5400;XIREC;17.0;8
216400;;SUBMISSION;VEV_5500;XIREC;6.0;23
216400;SUBMISSION;;VEV_5500;XIREC;7.0;23
216500;;SUBMISSION;VEV_5500;XIREC;6.0;22
216500;SUBMISSION;;VEV_5500;XIREC;7.0;22
216600;;SUBMISSION;VEV_5500;XIREC;6.0;16
216600;SUBMISSION;;VEV_5500;XIREC;7.0;16
216600;;;VELVETFRUIT_EXTRACT;XIREC;5222.0;7
216700;;SUBMISSION;VEV_5400;XIREC;16.0;8
216700;SUBMISSION;;VEV_5400;XIREC;17.0;8
216700;;SUBMISSION;VEV_5500;XIREC;6.0;21
216700;SUBMISSION;;VEV_5500;XIREC;7.0;21
216800;;SUBMISSION;VEV_5500;XIREC;6.0;29
216800;SUBMISSION;;VEV_5500;XIREC;7.0;29
216900;;SUBMISSION;VEV_5500;XIREC;6.0;17
216900;SUBMISSION;;VEV_5500;XIREC;7.0;17
217000;;SUBMISSION;VEV_5400;XIREC;16.0;20
217000;SUBMISSION;;VEV_5400;XIREC;17.0;20
217000;;SUBMISSION;VEV_5500;XIREC;6.0;20
217000;SUBMISSION;;VEV_5500;XIREC;7.0;20
217100;;SUBMISSION;VEV_5400;XIREC;16.0;27
217100;SUBMISSION;;VEV_5400;XIREC;17.0;27
217100;;SUBMISSION;VEV_5500;XIREC;6.0;27
217100;SUBMISSION;;VEV_5500;XIREC;7.0;27
217200;;SUBMISSION;VEV_5400;XIREC;16.0;6
217200;SUBMISSION;;VEV_5400;XIREC;17.0;6
217200;;SUBMISSION;VEV_5500;XIREC;6.0;22
217200;SUBMISSION;;VEV_5500;XIREC;7.0;22
217200;;;VELVETFRUIT_EXTRACT;XIREC;5227.0;4
217300;;SUBMISSION;VEV_5400;XIREC;16.0;8
217300;SUBMISSION;;VEV_5400;XIREC;17.0;8
217300;;SUBMISSION;VEV_5500;XIREC;6.0;18
217300;SUBMISSION;;VEV_5500;XIREC;7.0;18
217400;;SUBMISSION;VEV_5400;XIREC;16.0;7
217400;SUBMISSION;;VEV_5400;XIREC;17.0;7
217400;;SUBMISSION;VEV_5500;XIREC;6.0;19
217400;SUBMISSION;;VEV_5500;XIREC;7.0;19
217500;;SUBMISSION;VEV_5400;XIREC;16.0;22
217500;SUBMISSION;;VEV_5400;XIREC;17.0;22
217500;;SUBMISSION;VEV_5500;XIREC;6.0;22
217500;SUBMISSION;;VEV_5500;XIREC;7.0;22
217600;;SUBMISSION;VEV_5400;XIREC;16.0;25
217600;SUBMISSION;;VEV_5400;XIREC;17.0;25
217600;;SUBMISSION;VEV_5500;XIREC;6.0;25
217600;SUBMISSION;;VEV_5500;XIREC;7.0;25
217700;;SUBMISSION;VEV_5500;XIREC;6.0;24
217700;SUBMISSION;;VEV_5500;XIREC;7.0;24
217800;;SUBMISSION;VEV_5500;XIREC;6.0;23
217800;SUBMISSION;;VEV_5500;XIREC;7.0;23
217900;;SUBMISSION;VEV_5500;XIREC;6.0;15
217900;SUBMISSION;;VEV_5500;XIREC;7.0;15
218000;;SUBMISSION;VEV_5500;XIREC;6.0;28
218000;SUBMISSION;;VEV_5500;XIREC;7.0;28
218100;;SUBMISSION;VEV_5500;XIREC;6.0;28
218100;SUBMISSION;;VEV_5500;XIREC;7.0;28
218200;;SUBMISSION;VEV_5500;XIREC;6.0;17
218200;SUBMISSION;;VEV_5500;XIREC;7.0;17
218300;;SUBMISSION;VEV_5500;XIREC;6.0;18
218300;SUBMISSION;;VEV_5500;XIREC;7.0;18
218400;;SUBMISSION;VEV_5500;XIREC;6.0;25
218400;SUBMISSION;;VEV_5500;XIREC;7.0;25
218500;;SUBMISSION;VEV_5500;XIREC;6.0;18
218500;SUBMISSION;;VEV_5500;XIREC;7.0;18
218600;;SUBMISSION;VEV_5500;XIREC;6.0;6
218600;SUBMISSION;;VEV_5500;XIREC;7.0;6
218700;;SUBMISSION;VEV_5500;XIREC;6.0;20
218700;SUBMISSION;;VEV_5500;XIREC;7.0;20
218800;;SUBMISSION;HYDROGEL_PACK;XIREC;9985.0;4
218800;;SUBMISSION;VEV_5500;XIREC;6.0;21
218800;SUBMISSION;;VEV_5500;XIREC;7.0;21
218900;;SUBMISSION;VEV_5400;XIREC;16.0;26
218900;SUBMISSION;;VEV_5400;XIREC;17.0;26
218900;;SUBMISSION;VEV_5500;XIREC;6.0;26
218900;SUBMISSION;;VEV_5500;XIREC;7.0;26
219000;;SUBMISSION;VEV_5400;XIREC;16.0;5
219000;SUBMISSION;;VEV_5400;XIREC;17.0;5
219000;;SUBMISSION;VEV_5500;XIREC;6.0;21
219000;SUBMISSION;;VEV_5500;XIREC;7.0;21
219100;;SUBMISSION;VEV_5500;XIREC;6.0;20
219100;SUBMISSION;;VEV_5500;XIREC;7.0;20
219200;;SUBMISSION;VEV_5400;XIREC;16.0;24
219200;SUBMISSION;;VEV_5400;XIREC;17.0;24
219200;;SUBMISSION;VEV_5500;XIREC;6.0;24
219200;SUBMISSION;;VEV_5500;XIREC;7.0;24
219300;;SUBMISSION;VEV_5400;XIREC;16.0;18
219300;SUBMISSION;;VEV_5400;XIREC;17.0;18
219300;;SUBMISSION;VEV_5500;XIREC;6.0;18
219300;SUBMISSION;;VEV_5500;XIREC;7.0;18
219400;;SUBMISSION;VEV_5400;XIREC;16.0;20
219400;SUBMISSION;;VEV_5400;XIREC;17.0;20
219400;;SUBMISSION;VEV_5500;XIREC;6.0;20
219400;SUBMISSION;;VEV_5500;XIREC;7.0;20
219500;;SUBMISSION;VEV_5400;XIREC;16.0;24
219500;SUBMISSION;;VEV_5400;XIREC;17.0;24
219500;;SUBMISSION;VEV_5500;XIREC;6.0;24
219500;SUBMISSION;;VEV_5500;XIREC;7.0;24
219600;SUBMISSION;;VEV_4000;XIREC;1221.0;2
219600;;SUBMISSION;VEV_5400;XIREC;16.0;17
219600;SUBMISSION;;VEV_5400;XIREC;17.0;17
219600;;SUBMISSION;VEV_5500;XIREC;6.0;17
219600;SUBMISSION;;VEV_5500;XIREC;7.0;17
219700;;SUBMISSION;VEV_5400;XIREC;16.0;27
219700;SUBMISSION;;VEV_5400;XIREC;17.0;27
219700;;SUBMISSION;VEV_5500;XIREC;6.0;27
219700;SUBMISSION;;VEV_5500;XIREC;7.0;27
219800;;SUBMISSION;VEV_5400;XIREC;16.0;25
219800;SUBMISSION;;VEV_5400;XIREC;17.0;25
219800;;SUBMISSION;VEV_5500;XIREC;6.0;25
219800;SUBMISSION;;VEV_5500;XIREC;7.0;25
219900;;SUBMISSION;VEV_5400;XIREC;16.0;21
219900;SUBMISSION;;VEV_5400;XIREC;17.0;21
219900;;SUBMISSION;VEV_5500;XIREC;6.0;21
219900;SUBMISSION;;VEV_5500;XIREC;7.0;21
220000;;SUBMISSION;VEV_5400;XIREC;16.0;8
220000;SUBMISSION;;VEV_5400;XIREC;17.0;8
220000;;SUBMISSION;VEV_5500;XIREC;6.0;20
220000;SUBMISSION;;VEV_5500;XIREC;7.0;20
220100;;SUBMISSION;VEV_5400;XIREC;16.0;15
220100;SUBMISSION;;VEV_5400;XIREC;17.0;15
220100;;SUBMISSION;VEV_5500;XIREC;6.0;15
220100;SUBMISSION;;VEV_5500;XIREC;7.0;15
220100;;;VEV_5200;XIREC;84.0;5
220100;;;VEV_5400;XIREC;16.0;5
220100;;;VEV_5500;XIREC;6.0;5
220100;;;VEV_6000;XIREC;0.0;5
220100;;;VEV_6500;XIREC;0.0;5
220200;;SUBMISSION;VEV_5400;XIREC;16.0;19
220200;SUBMISSION;;VEV_5400;XIREC;17.0;19
220200;;SUBMISSION;VEV_5500;XIREC;6.0;19
220200;SUBMISSION;;VEV_5500;XIREC;7.0;19
220300;;SUBMISSION;VEV_5400;XIREC;16.0;24
220300;SUBMISSION;;VEV_5400;XIREC;17.0;24
220300;;SUBMISSION;VEV_5500;XIREC;6.0;24
220300;SUBMISSION;;VEV_5500;XIREC;7.0;24
220400;;SUBMISSION;VEV_5400;XIREC;16.0;29
220400;SUBMISSION;;VEV_5400;XIREC;17.0;29
220400;;SUBMISSION;VEV_5500;XIREC;6.0;29
220400;SUBMISSION;;VEV_5500;XIREC;7.0;29
220500;;SUBMISSION;VEV_5400;XIREC;16.0;19
220500;SUBMISSION;;VEV_5400;XIREC;17.0;19
220500;;SUBMISSION;VEV_5500;XIREC;6.0;19
220500;SUBMISSION;;VEV_5500;XIREC;7.0;19
