timestamp;buyer;seller;symbol;currency;price;quantity
1300;SUBMISSION;;VEV_4000;SEASHELLS;1256;3
2700;SUBMISSION;;VELVETFRUIT_EXTRACT;SEASHELLS;5270;8
2900;;SUBMISSION;VELVETFRUIT_EXTRACT;SEASHELLS;5271;8
4800;;SUBMISSION;VELVETFRUIT_EXTRACT;SEASHELLS;5272;3
5700;SUBMISSION;;VELVETFRUIT_EXTRACT;SEASHELLS;5274;5
10200;SUBMISSION;;HYDROGEL_PACK;SEASHELLS;10019;6
10700;;SUBMISSION;VELVETFRUIT_EXTRACT;SEASHELLS;5264;4
11200;;SUBMISSION;HYDROGEL_PACK;SEASHELLS;10029;4
12600;SUBMISSION;;VELVETFRUIT_EXTRACT;SEASHELLS;5265;3
13900;;SUBMISSION;VELVETFRUIT_EXTRACT;SEASHELLS;5268;4
15700;;SUBMISSION;HYDROGEL_PACK;SEASHELLS;10033;2
16300;;SUBMISSION;VELVETFRUIT_EXTRACT;SEASHELLS;5274;5
17400;SUBMISSION;;VELVETFRUIT_EXTRACT;SEASHELLS;5275;3
19100;;SUBMISSION;HYDROGEL_PACK;SEASHELLS;10019;6
19700;SUBMISSION;;VELVETFRUIT_EXTRACT;SEASHELLS;5266;13
23100;SUBMISSION;;VELVETFRUIT_EXTRACT;SEASHELLS;5265;4
26500;;SUBMISSION;VELVETFRUIT_EXTRACT;SEASHELLS;5268;6
29200;SUBMISSION;;HYDROGEL_PACK;SEASHELLS;9994;4
33300;;SUBMISSION;VELVETFRUIT_EXTRACT;SEASHELLS;5270;7
35700;;SUBMISSION;VELVETFRUIT_EXTRACT;SEASHELLS;5269;3
35800;SUBMISSION;;VELVETFRUIT_EXTRACT;SEASHELLS;5265;7
36100;;SUBMISSION;VELVETFRUIT_EXTRACT;SEASHELLS;5270;4
38400;SUBMISSION;;VELVETFRUIT_EXTRACT;SEASHELLS;5266;8
41100;;SUBMISSION;HYDROGEL_PACK;SEASHELLS;9996;6
41700;;SUBMISSION;VELVETFRUIT_EXTRACT;SEASHELLS;5253;5
42000;SUBMISSION;;VELVETFRUIT_EXTRACT;SEASHELLS;5248;8
43000;SUBMISSION;;VELVETFRUIT_EXTRACT;SEASHELLS;5251;8
44000;SUBMISSION;;HYDROGEL_PACK;SEASHELLS;9981;4
45100;;SUBMISSION;HYDROGEL_PACK;SEASHELLS;9989;3
45100;SUBMISSION;;VEV_5400;SEASHELLS;15;4
48100;;SUBMISSION;VELVETFRUIT_EXTRACT;SEASHELLS;5260;7
49800;;SUBMISSION;HYDROGEL_PACK;SEASHELLS;9959;3
52600;;SUBMISSION;VELVETFRUIT_EXTRACT;SEASHELLS;5262;8
53200;;SUBMISSION;VELVETFRUIT_EXTRACT;SEASHELLS;5263;5
53600;SUBMISSION;;VELVETFRUIT_EXTRACT;SEASHELLS;5258;5
58300;;SUBMISSION;HYDROGEL_PACK;SEASHELLS;9962;6
59200;;SUBMISSION;VELVETFRUIT_EXTRACT;SEASHELLS;5243;8
60700;;SUBMISSION;HYDROGEL_PACK;SEASHELLS;9972;5
64300;SUBMISSION;;VELVETFRUIT_EXTRACT;SEASHELLS;5250;3
67600;;SUBMISSION;VELVETFRUIT_EXTRACT;SEASHELLS;5261;4
70000;SUBMISSION;;VELVETFRUIT_EXTRACT;SEASHELLS;5256;6
70400;;SUBMISSION;VELVETFRUIT_EXTRACT;SEASHELLS;5259;5
70900;;SUBMISSION;HYDROGEL_PACK;SEASHELLS;9992;2
71800;SUBMISSION;;HYDROGEL_PACK;SEASHELLS;9978;5
72700;;SUBMISSION;HYDROGEL_PACK;SEASHELLS;9986;3
73100;SUBMISSION;;VELVETFRUIT_EXTRACT;SEASHELLS;5257;7
73200;SUBMISSION;;VELVETFRUIT_EXTRACT;SEASHELLS;5255;5
76700;;SUBMISSION;VELVETFRUIT_EXTRACT;SEASHELLS;5257;4
78700;SUBMISSION;;HYDROGEL_PACK;SEASHELLS;9941;3
79300;SUBMISSION;;VEV_5300;SEASHELLS;47;1
83000;;SUBMISSION;VELVETFRUIT_EXTRACT;SEASHELLS;5270;6
84100;;SUBMISSION;VELVETFRUIT_EXTRACT;SEASHELLS;5271;8
85500;;SUBMISSION;HYDROGEL_PACK;SEASHELLS;9952;2
85500;;SUBMISSION;VELVETFRUIT_EXTRACT;SEASHELLS;5272;8
90100;;SUBMISSION;HYDROGEL_PACK;SEASHELLS;9930;3
91700;;SUBMISSION;HYDROGEL_PACK;SEASHELLS;9928;2
91700;SUBMISSION;;VELVETFRUIT_EXTRACT;SEASHELLS;5265;8
92600;;SUBMISSION;VELVETFRUIT_EXTRACT;SEASHELLS;5270;4
95100;SUBMISSION;;VELVETFRUIT_EXTRACT;SEASHELLS;5263;8
97200;;SUBMISSION;VELVETFRUIT_EXTRACT;SEASHELLS;5264;7
97400;SUBMISSION;;VELVETFRUIT_EXTRACT;SEASHELLS;5259;5
97600;SUBMISSION;;HYDROGEL_PACK;SEASHELLS;9939;2
101800;;SUBMISSION;HYDROGEL_PACK;SEASHELLS;9983;3
102400;;SUBMISSION;HYDROGEL_PACK;SEASHELLS;9983;3
103500;SUBMISSION;;VELVETFRUIT_EXTRACT;SEASHELLS;5264;8
104500;;SUBMISSION;HYDROGEL_PACK;SEASHELLS;9983;2
106300;;SUBMISSION;VELVETFRUIT_EXTRACT;SEASHELLS;5261;7
108800;;SUBMISSION;VELVETFRUIT_EXTRACT;SEASHELLS;5262;3
109400;;SUBMISSION;VELVETFRUIT_EXTRACT;SEASHELLS;5265;6
109600;;SUBMISSION;HYDROGEL_PACK;SEASHELLS;9988;6
111300;;SUBMISSION;VELVETFRUIT_EXTRACT;SEASHELLS;5262;7
114500;;SUBMISSION;HYDROGEL_PACK;SEASHELLS;9992;5
122900;SUBMISSION;;VELVETFRUIT_EXTRACT;SEASHELLS;5259;8
129600;SUBMISSION;;VELVETFRUIT_EXTRACT;SEASHELLS;5256;6
130100;;SUBMISSION;VELVETFRUIT_EXTRACT;SEASHELLS;5255;5
130300;SUBMISSION;;VELVETFRUIT_EXTRACT;SEASHELLS;5253;6
133000;;SUBMISSION;VELVETFRUIT_EXTRACT;SEASHELLS;5259;7
135500;;SUBMISSION;VELVETFRUIT_EXTRACT;SEASHELLS;5258;7
137000;SUBMISSION;;HYDROGEL_PACK;SEASHELLS;10010;3
138700;;SUBMISSION;VELVETFRUIT_EXTRACT;SEASHELLS;5261;3
143800;SUBMISSION;;HYDROGEL_PACK;SEASHELLS;9999;5
145100;;SUBMISSION;HYDROGEL_PACK;SEASHELLS;10011;5
145400;SUBMISSION;;HYDROGEL_PACK;SEASHELLS;9998;2
147200;SUBMISSION;;VELVETFRUIT_EXTRACT;SEASHELLS;5260;8
149900;SUBMISSION;;HYDROGEL_PACK;SEASHELLS;10010;3
150600;;SUBMISSION;HYDROGEL_PACK;SEASHELLS;10027;4
151400;SUBMISSION;;HYDROGEL_PACK;SEASHELLS;10017;3
151600;SUBMISSION;;HYDROGEL_PACK;SEASHELLS;10017;6
153200;SUBMISSION;;HYDROGEL_PACK;SEASHELLS;10010;5
154300;;SUBMISSION;VELVETFRUIT_EXTRACT;SEASHELLS;5274;6
155100;;SUBMISSION;VELVETFRUIT_EXTRACT;SEASHELLS;5276;8
155800;SUBMISSION;;VELVETFRUIT_EXTRACT;SEASHELLS;5275;7
156200;SUBMISSION;;VELVETFRUIT_EXTRACT;SEASHELLS;5275;14
157000;;SUBMISSION;HYDROGEL_PACK;SEASHELLS;10023;4
161100;;SUBMISSION;HYDROGEL_PACK;SEASHELLS;10027;4
164200;SUBMISSION;;VELVETFRUIT_EXTRACT;SEASHELLS;5279;7
164600;SUBMISSION;;HYDROGEL_PACK;SEASHELLS;10026;6
169000;;SUBMISSION;HYDROGEL_PACK;SEASHELLS;10027;2
169200;;SUBMISSION;HYDROGEL_PACK;SEASHELLS;10024;5
169900;SUBMISSION;;VELVETFRUIT_EXTRACT;SEASHELLS;5268;3
170100;;SUBMISSION;HYDROGEL_PACK;SEASHELLS;10019;4
170500;;SUBMISSION;VELVETFRUIT_EXTRACT;SEASHELLS;5271;7
171500;SUBMISSION;;VELVETFRUIT_EXTRACT;SEASHELLS;5272;7
172600;;SUBMISSION;VELVETFRUIT_EXTRACT;SEASHELLS;5275;8
175000;;SUBMISSION;VELVETFRUIT_EXTRACT;SEASHELLS;5278;4
177100;SUBMISSION;;HYDROGEL_PACK;SEASHELLS;10014;3
178100;SUBMISSION;;HYDROGEL_PACK;SEASHELLS;10010;3
178200;SUBMISSION;;VELVETFRUIT_EXTRACT;SEASHELLS;5273;3
179100;;SUBMISSION;VELVETFRUIT_EXTRACT;SEASHELLS;5274;8
181600;SUBMISSION;;HYDROGEL_PACK;SEASHELLS;9999;5
188200;SUBMISSION;;VELVETFRUIT_EXTRACT;SEASHELLS;5256;3
189700;SUBMISSION;;VELVETFRUIT_EXTRACT;SEASHELLS;5258;6
194900;SUBMISSION;;VELVETFRUIT_EXTRACT;SEASHELLS;5258;6
195500;;SUBMISSION;VELVETFRUIT_EXTRACT;SEASHELLS;5263;6
195600;SUBMISSION;;HYDROGEL_PACK;SEASHELLS;9974;5
196700;SUBMISSION;;VELVETFRUIT_EXTRACT;SEASHELLS;5262;6
199400;SUBMISSION;;VELVETFRUIT_EXTRACT;SEASHELLS;5262;8
203500;;SUBMISSION;VELVETFRUIT_EXTRACT;SEASHELLS;5262;4
206000;;SUBMISSION;VELVETFRUIT_EXTRACT;SEASHELLS;5267;6
206200;;SUBMISSION;HYDROGEL_PACK;SEASHELLS;9990;3
206600;SUBMISSION;;HYDROGEL_PACK;SEASHELLS;9979;3
209400;SUBMISSION;;VELVETFRUIT_EXTRACT;SEASHELLS;5266;4
211400;SUBMISSION;;VELVETFRUIT_EXTRACT;SEASHELLS;5265;7
212100;;SUBMISSION;VELVETFRUIT_EXTRACT;SEASHELLS;5270;4
212900;SUBMISSION;;VELVETFRUIT_EXTRACT;SEASHELLS;5267;5
217800;SUBMISSION;;VELVETFRUIT_EXTRACT;SEASHELLS;5261;6
219200;SUBMISSION;;HYDROGEL_PACK;SEASHELLS;9957;4
220800;;SUBMISSION;VELVETFRUIT_EXTRACT;SEASHELLS;5264;6
221200;;SUBMISSION;HYDROGEL_PACK;SEASHELLS;9962;6
224300;;SUBMISSION;HYDROGEL_PACK;SEASHELLS;9941;4
225500;SUBMISSION;;VEV_5300;SEASHELLS;50;3
229400;SUBMISSION;;VELVETFRUIT_EXTRACT;SEASHELLS;5261;7
232000;;SUBMISSION;VELVETFRUIT_EXTRACT;SEASHELLS;5266;8
233000;;SUBMISSION;HYDROGEL_PACK;SEASHELLS;9926;3
235700;SUBMISSION;;HYDROGEL_PACK;SEASHELLS;9909;6
237400;;SUBMISSION;VELVETFRUIT_EXTRACT;SEASHELLS;5272;6
237700;;SUBMISSION;VELVETFRUIT_EXTRACT;SEASHELLS;5272;8
238900;SUBMISSION;;HYDROGEL_PACK;SEASHELLS;9912;4
239300;SUBMISSION;;HYDROGEL_PACK;SEASHELLS;9911;2
239400;SUBMISSION;;HYDROGEL_PACK;SEASHELLS;9912;4
239800;;SUBMISSION;HYDROGEL_PACK;SEASHELLS;9923;5
243500;;SUBMISSION;VELVETFRUIT_EXTRACT;SEASHELLS;5273;4
243800;SUBMISSION;;HYDROGEL_PACK;SEASHELLS;9921;4
244900;;SUBMISSION;VELVETFRUIT_EXTRACT;SEASHELLS;5275;4
254300;;SUBMISSION;HYDROGEL_PACK;SEASHELLS;9949;2
256200;SUBMISSION;;HYDROGEL_PACK;SEASHELLS;9930;5
258900;;SUBMISSION;HYDROGEL_PACK;SEASHELLS;9926;2
259500;SUBMISSION;;VELVETFRUIT_EXTRACT;SEASHELLS;5274;4
263900;SUBMISSION;;VELVETFRUIT_EXTRACT;SEASHELLS;5282;4
264200;;SUBMISSION;HYDROGEL_PACK;SEASHELLS;9925;6
264700;SUBMISSION;;HYDROGEL_PACK;SEASHELLS;9910;2
265100;SUBMISSION;;VELVETFRUIT_EXTRACT;SEASHELLS;5286;6
265200;SUBMISSION;;HYDROGEL_PACK;SEASHELLS;9912;5
265500;SUBMISSION;;VELVETFRUIT_EXTRACT;SEASHELLS;5286;6
267000;;SUBMISSION;VELVETFRUIT_EXTRACT;SEASHELLS;5288;6
267400;SUBMISSION;;VELVETFRUIT_EXTRACT;SEASHELLS;5284;4
268200;SUBMISSION;;VELVETFRUIT_EXTRACT;SEASHELLS;5281;7
268600;SUBMISSION;;VELVETFRUIT_EXTRACT;SEASHELLS;5282;5
272700;SUBMISSION;;VELVETFRUIT_EXTRACT;SEASHELLS;5278;3
272900;;SUBMISSION;HYDROGEL_PACK;SEASHELLS;9923;5
274300;;SUBMISSION;VELVETFRUIT_EXTRACT;SEASHELLS;5279;8
274400;SUBMISSION;;HYDROGEL_PACK;SEASHELLS;9908;3
274600;SUBMISSION;;VELVETFRUIT_EXTRACT;SEASHELLS;5275;3
275800;;SUBMISSION;HYDROGEL_PACK;SEASHELLS;9911;6
277000;;SUBMISSION;HYDROGEL_PACK;SEASHELLS;9910;6
278700;;SUBMISSION;VELVETFRUIT_EXTRACT;SEASHELLS;5273;6
278800;SUBMISSION;;HYDROGEL_PACK;SEASHELLS;9892;2
278800;;SUBMISSION;VELVETFRUIT_EXTRACT;SEASHELLS;5275;4
279900;SUBMISSION;;HYDROGEL_PACK;SEASHELLS;9893;6
280700;SUBMISSION;;VELVETFRUIT_EXTRACT;SEASHELLS;5269;6
282200;SUBMISSION;;HYDROGEL_PACK;SEASHELLS;9894;4
282600;;SUBMISSION;VELVETFRUIT_EXTRACT;SEASHELLS;5271;6
283300;SUBMISSION;;VELVETFRUIT_EXTRACT;SEASHELLS;5271;5
283700;;SUBMISSION;HYDROGEL_PACK;SEASHELLS;9920;5
284300;;SUBMISSION;HYDROGEL_PACK;SEASHELLS;9921;6
285600;;SUBMISSION;VELVETFRUIT_EXTRACT;SEASHELLS;5277;4
288000;;SUBMISSION;HYDROGEL_PACK;SEASHELLS;9934;5
288000;SUBMISSION;;VELVETFRUIT_EXTRACT;SEASHELLS;5275;8
291000;SUBMISSION;;HYDROGEL_PACK;SEASHELLS;9908;3
292800;;SUBMISSION;HYDROGEL_PACK;SEASHELLS;9919;6
293100;;SUBMISSION;VELVETFRUIT_EXTRACT;SEASHELLS;5273;5
293400;;SUBMISSION;VELVETFRUIT_EXTRACT;SEASHELLS;5272;5
293700;SUBMISSION;;VELVETFRUIT_EXTRACT;SEASHELLS;5268;8
296800;SUBMISSION;;VELVETFRUIT_EXTRACT;SEASHELLS;5269;8
297000;SUBMISSION;;VELVETFRUIT_EXTRACT;SEASHELLS;5267;15
299100;;SUBMISSION;HYDROGEL_PACK;SEASHELLS;9962;3
300800;SUBMISSION;;HYDROGEL_PACK;SEASHELLS;9949;4
303800;SUBMISSION;;HYDROGEL_PACK;SEASHELLS;9938;2
305700;;SUBMISSION;HYDROGEL_PACK;SEASHELLS;9950;6
306000;;SUBMISSION;VELVETFRUIT_EXTRACT;SEASHELLS;5273;5
306100;;SUBMISSION;HYDROGEL_PACK;SEASHELLS;9951;5
310100;;SUBMISSION;HYDROGEL_PACK;SEASHELLS;9941;4
311700;;SUBMISSION;VELVETFRUIT_EXTRACT;SEASHELLS;5272;6
311800;;SUBMISSION;HYDROGEL_PACK;SEASHELLS;9944;2
314800;;SUBMISSION;HYDROGEL_PACK;SEASHELLS;9952;3
323200;;SUBMISSION;VELVETFRUIT_EXTRACT;SEASHELLS;5275;5
327600;;SUBMISSION;VELVETFRUIT_EXTRACT;SEASHELLS;5265;5
328500;;SUBMISSION;VELVETFRUIT_EXTRACT;SEASHELLS;5268;7
328700;;SUBMISSION;VELVETFRUIT_EXTRACT;SEASHELLS;5267;5
328900;;SUBMISSION;HYDROGEL_PACK;SEASHELLS;9957;2
330400;SUBMISSION;;VELVETFRUIT_EXTRACT;SEASHELLS;5262;8
332600;;SUBMISSION;VELVETFRUIT_EXTRACT;SEASHELLS;5273;8
332800;SUBMISSION;;HYDROGEL_PACK;SEASHELLS;9951;3
333900;;SUBMISSION;VELVETFRUIT_EXTRACT;SEASHELLS;5272;7
336800;SUBMISSION;;VELVETFRUIT_EXTRACT;SEASHELLS;5269;5
338400;SUBMISSION;;HYDROGEL_PACK;SEASHELLS;9951;4
340200;SUBMISSION;;HYDROGEL_PACK;SEASHELLS;9954;2
341400;SUBMISSION;;VEV_5500;SEASHELLS;7;2
342300;;SUBMISSION;HYDROGEL_PACK;SEASHELLS;9965;2
344000;SUBMISSION;;VELVETFRUIT_EXTRACT;SEASHELLS;5270;3
344100;SUBMISSION;;HYDROGEL_PACK;SEASHELLS;9945;3
344500;SUBMISSION;;HYDROGEL_PACK;SEASHELLS;9945;3
344600;;SUBMISSION;HYDROGEL_PACK;SEASHELLS;9957;6
344600;SUBMISSION;;VELVETFRUIT_EXTRACT;SEASHELLS;5266;7
344900;SUBMISSION;;VELVETFRUIT_EXTRACT;SEASHELLS;5266;6
346100;;SUBMISSION;HYDROGEL_PACK;SEASHELLS;9945;2
347400;;SUBMISSION;HYDROGEL_PACK;SEASHELLS;9946;4
350600;;SUBMISSION;VELVETFRUIT_EXTRACT;SEASHELLS;5265;5
351400;SUBMISSION;;HYDROGEL_PACK;SEASHELLS;9939;6
352300;;SUBMISSION;VELVETFRUIT_EXTRACT;SEASHELLS;5256;8
353600;SUBMISSION;;VELVETFRUIT_EXTRACT;SEASHELLS;5255;7
356500;;SUBMISSION;VELVETFRUIT_EXTRACT;SEASHELLS;5262;6
358300;SUBMISSION;;VELVETFRUIT_EXTRACT;SEASHELLS;5262;7
358400;;SUBMISSION;VELVETFRUIT_EXTRACT;SEASHELLS;5265;5
359500;SUBMISSION;;HYDROGEL_PACK;SEASHELLS;9975;5
360000;;SUBMISSION;VELVETFRUIT_EXTRACT;SEASHELLS;5266;7
361300;;SUBMISSION;VELVETFRUIT_EXTRACT;SEASHELLS;5266;3
361600;SUBMISSION;;VELVETFRUIT_EXTRACT;SEASHELLS;5261;5
362500;SUBMISSION;;VELVETFRUIT_EXTRACT;SEASHELLS;5261;5
364700;SUBMISSION;;VELVETFRUIT_EXTRACT;SEASHELLS;5257;10
365300;SUBMISSION;;HYDROGEL_PACK;SEASHELLS;9987;2
366500;;SUBMISSION;HYDROGEL_PACK;SEASHELLS;10000;2
372300;SUBMISSION;;VELVETFRUIT_EXTRACT;SEASHELLS;5251;6
373100;;SUBMISSION;VELVETFRUIT_EXTRACT;SEASHELLS;5255;6
382200;;SUBMISSION;VELVETFRUIT_EXTRACT;SEASHELLS;5252;5
383100;;SUBMISSION;VELVETFRUIT_EXTRACT;SEASHELLS;5253;6
384800;SUBMISSION;;HYDROGEL_PACK;SEASHELLS;9979;4
385100;SUBMISSION;;VELVETFRUIT_EXTRACT;SEASHELLS;5245;9
385500;SUBMISSION;;HYDROGEL_PACK;SEASHELLS;9975;5
387500;;SUBMISSION;HYDROGEL_PACK;SEASHELLS;9990;3
391600;SUBMISSION;;HYDROGEL_PACK;SEASHELLS;9973;2
391700;;SUBMISSION;HYDROGEL_PACK;SEASHELLS;9986;2
392400;;SUBMISSION;HYDROGEL_PACK;SEASHELLS;9988;5
394100;;SUBMISSION;HYDROGEL_PACK;SEASHELLS;9974;6
394300;;SUBMISSION;HYDROGEL_PACK;SEASHELLS;9969;5
401200;SUBMISSION;;HYDROGEL_PACK;SEASHELLS;9969;5
401500;;SUBMISSION;VELVETFRUIT_EXTRACT;SEASHELLS;5232;7
407000;SUBMISSION;;VELVETFRUIT_EXTRACT;SEASHELLS;5226;4
408000;;SUBMISSION;HYDROGEL_PACK;SEASHELLS;9989;3
409400;;SUBMISSION;HYDROGEL_PACK;SEASHELLS;9986;3
410100;;SUBMISSION;HYDROGEL_PACK;SEASHELLS;9987;6
413100;;SUBMISSION;HYDROGEL_PACK;SEASHELLS;9976;2
413500;;SUBMISSION;HYDROGEL_PACK;SEASHELLS;9973;5
415400;;SUBMISSION;HYDROGEL_PACK;SEASHELLS;9975;6
420200;;SUBMISSION;HYDROGEL_PACK;SEASHELLS;9974;4
421100;SUBMISSION;;HYDROGEL_PACK;SEASHELLS;9965;5
421400;;SUBMISSION;VELVETFRUIT_EXTRACT;SEASHELLS;5232;6
422200;SUBMISSION;;HYDROGEL_PACK;SEASHELLS;9966;2
423800;;SUBMISSION;HYDROGEL_PACK;SEASHELLS;9968;3
423800;SUBMISSION;;VEV_5200;SEASHELLS;79;2
425300;;SUBMISSION;VELVETFRUIT_EXTRACT;SEASHELLS;5237;3
427400;;SUBMISSION;VELVETFRUIT_EXTRACT;SEASHELLS;5240;5
429500;;SUBMISSION;HYDROGEL_PACK;SEASHELLS;9967;3
432100;SUBMISSION;;VELVETFRUIT_EXTRACT;SEASHELLS;5234;8
433000;SUBMISSION;;VELVETFRUIT_EXTRACT;SEASHELLS;5239;4
434900;SUBMISSION;;VELVETFRUIT_EXTRACT;SEASHELLS;5237;10
436100;;SUBMISSION;VELVETFRUIT_EXTRACT;SEASHELLS;5241;5
436200;SUBMISSION;;HYDROGEL_PACK;SEASHELLS;9971;2
438500;;SUBMISSION;VELVETFRUIT_EXTRACT;SEASHELLS;5240;6
441300;SUBMISSION;;VELVETFRUIT_EXTRACT;SEASHELLS;5236;5
444200;;SUBMISSION;VELVETFRUIT_EXTRACT;SEASHELLS;5243;6
448600;;SUBMISSION;VELVETFRUIT_EXTRACT;SEASHELLS;5251;7
449000;SUBMISSION;;HYDROGEL_PACK;SEASHELLS;9983;6
452000;SUBMISSION;;HYDROGEL_PACK;SEASHELLS;9968;3
453000;;SUBMISSION;VELVETFRUIT_EXTRACT;SEASHELLS;5239;3
453800;SUBMISSION;;VELVETFRUIT_EXTRACT;SEASHELLS;5238;7
457600;;SUBMISSION;VELVETFRUIT_EXTRACT;SEASHELLS;5241;3
460100;SUBMISSION;;VELVETFRUIT_EXTRACT;SEASHELLS;5236;4
466000;SUBMISSION;;VELVETFRUIT_EXTRACT;SEASHELLS;5235;3
468600;;SUBMISSION;VELVETFRUIT_EXTRACT;SEASHELLS;5238;4
472900;;SUBMISSION;VELVETFRUIT_EXTRACT;SEASHELLS;5237;6
473000;;SUBMISSION;VELVETFRUIT_EXTRACT;SEASHELLS;5237;4
473800;;SUBMISSION;VELVETFRUIT_EXTRACT;SEASHELLS;5238;3
474000;;SUBMISSION;VELVETFRUIT_EXTRACT;SEASHELLS;5237;5
477300;SUBMISSION;;VELVETFRUIT_EXTRACT;SEASHELLS;5245;8
478900;;SUBMISSION;HYDROGEL_PACK;SEASHELLS;9996;3
480500;SUBMISSION;;VELVETFRUIT_EXTRACT;SEASHELLS;5241;3
480900;SUBMISSION;;HYDROGEL_PACK;SEASHELLS;9997;2
481400;SUBMISSION;;HYDROGEL_PACK;SEASHELLS;9999;2
482400;;SUBMISSION;HYDROGEL_PACK;SEASHELLS;10012;3
483400;;SUBMISSION;VELVETFRUIT_EXTRACT;SEASHELLS;5248;3
486000;SUBMISSION;;VELVETFRUIT_EXTRACT;SEASHELLS;5238;5
486200;;SUBMISSION;VELVETFRUIT_EXTRACT;SEASHELLS;5241;8
486700;SUBMISSION;;VELVETFRUIT_EXTRACT;SEASHELLS;5237;8
488200;SUBMISSION;;HYDROGEL_PACK;SEASHELLS;9997;2
488700;SUBMISSION;;HYDROGEL_PACK;SEASHELLS;9988;5
492000;SUBMISSION;;VELVETFRUIT_EXTRACT;SEASHELLS;5242;5
493000;SUBMISSION;;VELVETFRUIT_EXTRACT;SEASHELLS;5240;12
493500;SUBMISSION;;VELVETFRUIT_EXTRACT;SEASHELLS;5240;6
494300;;SUBMISSION;VELVETFRUIT_EXTRACT;SEASHELLS;5243;6
495100;;SUBMISSION;VELVETFRUIT_EXTRACT;SEASHELLS;5246;8
495700;SUBMISSION;;HYDROGEL_PACK;SEASHELLS;9988;3
498100;SUBMISSION;;VELVETFRUIT_EXTRACT;SEASHELLS;5243;8
498500;SUBMISSION;;HYDROGEL_PACK;SEASHELLS;9980;4
500000;;SUBMISSION;VELVETFRUIT_EXTRACT;SEASHELLS;5247;3
500600;SUBMISSION;;HYDROGEL_PACK;SEASHELLS;9979;5
501300;;SUBMISSION;VELVETFRUIT_EXTRACT;SEASHELLS;5246;7
501600;SUBMISSION;;HYDROGEL_PACK;SEASHELLS;9979;4
503600;SUBMISSION;;HYDROGEL_PACK;SEASHELLS;9978;2
505100;SUBMISSION;;VELVETFRUIT_EXTRACT;SEASHELLS;5233;7
507400;SUBMISSION;;VELVETFRUIT_EXTRACT;SEASHELLS;5235;8
511000;SUBMISSION;;HYDROGEL_PACK;SEASHELLS;9992;6
512800;SUBMISSION;;HYDROGEL_PACK;SEASHELLS;9984;4
513600;;SUBMISSION;VELVETFRUIT_EXTRACT;SEASHELLS;5243;5
516500;SUBMISSION;;HYDROGEL_PACK;SEASHELLS;9979;5
519600;SUBMISSION;;VEV_5200;SEASHELLS;87;4
519800;;SUBMISSION;HYDROGEL_PACK;SEASHELLS;9980;6
519800;SUBMISSION;;VELVETFRUIT_EXTRACT;SEASHELLS;5244;5
524600;SUBMISSION;;HYDROGEL_PACK;SEASHELLS;9972;5
524600;SUBMISSION;;VELVETFRUIT_EXTRACT;SEASHELLS;5244;9
526300;SUBMISSION;;HYDROGEL_PACK;SEASHELLS;9968;3
527300;;SUBMISSION;VELVETFRUIT_EXTRACT;SEASHELLS;5247;5
529800;;SUBMISSION;VELVETFRUIT_EXTRACT;SEASHELLS;5248;3
530900;SUBMISSION;;HYDROGEL_PACK;SEASHELLS;9990;3
534700;SUBMISSION;;HYDROGEL_PACK;SEASHELLS;9960;3
534900;;SUBMISSION;HYDROGEL_PACK;SEASHELLS;9975;3
535100;SUBMISSION;;HYDROGEL_PACK;SEASHELLS;9963;2
538700;;SUBMISSION;VELVETFRUIT_EXTRACT;SEASHELLS;5246;5
540500;;SUBMISSION;HYDROGEL_PACK;SEASHELLS;9981;2
540600;;SUBMISSION;HYDROGEL_PACK;SEASHELLS;9979;2
541400;;SUBMISSION;VELVETFRUIT_EXTRACT;SEASHELLS;5242;8
544400;;SUBMISSION;HYDROGEL_PACK;SEASHELLS;9975;6
544700;;SUBMISSION;VELVETFRUIT_EXTRACT;SEASHELLS;5242;8
545400;;SUBMISSION;VELVETFRUIT_EXTRACT;SEASHELLS;5239;7
547000;SUBMISSION;;HYDROGEL_PACK;SEASHELLS;9971;6
548000;SUBMISSION;;VELVETFRUIT_EXTRACT;SEASHELLS;5236;5
548500;SUBMISSION;;HYDROGEL_PACK;SEASHELLS;9965;6
548900;;SUBMISSION;VELVETFRUIT_EXTRACT;SEASHELLS;5239;7
551500;SUBMISSION;;VELVETFRUIT_EXTRACT;SEASHELLS;5239;6
553400;;SUBMISSION;HYDROGEL_PACK;SEASHELLS;9967;2
554600;SUBMISSION;;VELVETFRUIT_EXTRACT;SEASHELLS;5241;7
555000;;SUBMISSION;VELVETFRUIT_EXTRACT;SEASHELLS;5245;3
555700;SUBMISSION;;VELVETFRUIT_EXTRACT;SEASHELLS;5240;7
556000;;SUBMISSION;HYDROGEL_PACK;SEASHELLS;9975;5
556100;;SUBMISSION;HYDROGEL_PACK;SEASHELLS;9975;5
556700;SUBMISSION;;VELVETFRUIT_EXTRACT;SEASHELLS;5239;8
558800;;SUBMISSION;VELVETFRUIT_EXTRACT;SEASHELLS;5240;8
558900;;SUBMISSION;VELVETFRUIT_EXTRACT;SEASHELLS;5240;7
561000;;SUBMISSION;HYDROGEL_PACK;SEASHELLS;9995;4
561100;SUBMISSION;;VELVETFRUIT_EXTRACT;SEASHELLS;5235;6
566100;SUBMISSION;;VELVETFRUIT_EXTRACT;SEASHELLS;5234;3
566300;;SUBMISSION;VELVETFRUIT_EXTRACT;SEASHELLS;5234;5
568500;SUBMISSION;;HYDROGEL_PACK;SEASHELLS;9974;2
568900;SUBMISSION;;VELVETFRUIT_EXTRACT;SEASHELLS;5228;14
569800;SUBMISSION;;VELVETFRUIT_EXTRACT;SEASHELLS;5226;5
573700;;SUBMISSION;VELVETFRUIT_EXTRACT;SEASHELLS;5236;3
573800;;SUBMISSION;HYDROGEL_PACK;SEASHELLS;9987;3
574200;;SUBMISSION;HYDROGEL_PACK;SEASHELLS;9986;6
576700;;SUBMISSION;HYDROGEL_PACK;SEASHELLS;9998;5
578300;;SUBMISSION;HYDROGEL_PACK;SEASHELLS;9991;6
582600;SUBMISSION;;HYDROGEL_PACK;SEASHELLS;9982;4
585200;SUBMISSION;;HYDROGEL_PACK;SEASHELLS;10006;6
587200;;SUBMISSION;VELVETFRUIT_EXTRACT;SEASHELLS;5213;6
588400;;SUBMISSION;VELVETFRUIT_EXTRACT;SEASHELLS;5216;5
588800;;SUBMISSION;HYDROGEL_PACK;SEASHELLS;10015;2
589300;SUBMISSION;;HYDROGEL_PACK;SEASHELLS;10003;3
589400;SUBMISSION;;VELVETFRUIT_EXTRACT;SEASHELLS;5213;3
592000;;SUBMISSION;VELVETFRUIT_EXTRACT;SEASHELLS;5222;6
592200;;SUBMISSION;HYDROGEL_PACK;SEASHELLS;10019;4
596100;SUBMISSION;;HYDROGEL_PACK;SEASHELLS;10004;3
596600;;SUBMISSION;HYDROGEL_PACK;SEASHELLS;10011;6
601600;SUBMISSION;;HYDROGEL_PACK;SEASHELLS;10015;6
603700;SUBMISSION;;VELVETFRUIT_EXTRACT;SEASHELLS;5244;11
604400;;SUBMISSION;HYDROGEL_PACK;SEASHELLS;10042;3
604500;;SUBMISSION;VELVETFRUIT_EXTRACT;SEASHELLS;5244;7
608800;;SUBMISSION;VELVETFRUIT_EXTRACT;SEASHELLS;5254;3
608900;SUBMISSION;;HYDROGEL_PACK;SEASHELLS;10034;2
610900;SUBMISSION;;HYDROGEL_PACK;SEASHELLS;10031;5
612300;SUBMISSION;;VELVETFRUIT_EXTRACT;SEASHELLS;5242;8
616700;;SUBMISSION;VELVETFRUIT_EXTRACT;SEASHELLS;5236;4
617200;;SUBMISSION;VELVETFRUIT_EXTRACT;SEASHELLS;5236;6
620000;SUBMISSION;;HYDROGEL_PACK;SEASHELLS;10013;5
620800;;SUBMISSION;VELVETFRUIT_EXTRACT;SEASHELLS;5233;4
626300;;SUBMISSION;VELVETFRUIT_EXTRACT;SEASHELLS;5247;5
627400;;SUBMISSION;VELVETFRUIT_EXTRACT;SEASHELLS;5245;7
629200;SUBMISSION;;VELVETFRUIT_EXTRACT;SEASHELLS;5244;5
630700;SUBMISSION;;HYDROGEL_PACK;SEASHELLS;10013;3
630800;SUBMISSION;;VELVETFRUIT_EXTRACT;SEASHELLS;5242;13
631400;SUBMISSION;;HYDROGEL_PACK;SEASHELLS;10004;3
633100;;SUBMISSION;HYDROGEL_PACK;SEASHELLS;10016;6
634300;;SUBMISSION;HYDROGEL_PACK;SEASHELLS;10008;4
634400;;SUBMISSION;VELVETFRUIT_EXTRACT;SEASHELLS;5244;5
638600;SUBMISSION;;VELVETFRUIT_EXTRACT;SEASHELLS;5246;8
640000;SUBMISSION;;HYDROGEL_PACK;SEASHELLS;10004;2
641500;;SUBMISSION;VELVETFRUIT_EXTRACT;SEASHELLS;5247;5
643000;SUBMISSION;;VELVETFRUIT_EXTRACT;SEASHELLS;5240;6
645000;SUBMISSION;;HYDROGEL_PACK;SEASHELLS;10019;4
650000;SUBMISSION;;HYDROGEL_PACK;SEASHELLS;10032;4
650200;;SUBMISSION;VELVETFRUIT_EXTRACT;SEASHELLS;5245;6
651300;;SUBMISSION;VELVETFRUIT_EXTRACT;SEASHELLS;5246;8
653800;;SUBMISSION;VELVETFRUIT_EXTRACT;SEASHELLS;5251;5
655500;SUBMISSION;;HYDROGEL_PACK;SEASHELLS;10026;3
658300;SUBMISSION;;VELVETFRUIT_EXTRACT;SEASHELLS;5250;3
659500;;SUBMISSION;HYDROGEL_PACK;SEASHELLS;10044;5
659800;SUBMISSION;;VELVETFRUIT_EXTRACT;SEASHELLS;5257;6
661900;SUBMISSION;;HYDROGEL_PACK;SEASHELLS;10027;6
662600;;SUBMISSION;VELVETFRUIT_EXTRACT;SEASHELLS;5250;6
663000;SUBMISSION;;HYDROGEL_PACK;SEASHELLS;10029;2
667800;;SUBMISSION;VELVETFRUIT_EXTRACT;SEASHELLS;5261;5
672600;;SUBMISSION;VELVETFRUIT_EXTRACT;SEASHELLS;5270;3
673000;SUBMISSION;;VELVETFRUIT_EXTRACT;SEASHELLS;5271;5
673600;;SUBMISSION;VELVETFRUIT_EXTRACT;SEASHELLS;5274;6
674000;;SUBMISSION;HYDROGEL_PACK;SEASHELLS;10013;2
674400;;SUBMISSION;HYDROGEL_PACK;SEASHELLS;10010;4
675300;;SUBMISSION;HYDROGEL_PACK;SEASHELLS;10015;2
675600;;SUBMISSION;HYDROGEL_PACK;SEASHELLS;10016;3
678700;;SUBMISSION;HYDROGEL_PACK;SEASHELLS;10011;6
681000;;SUBMISSION;HYDROGEL_PACK;SEASHELLS;10009;5
683900;;SUBMISSION;VELVETFRUIT_EXTRACT;SEASHELLS;5282;3
684500;SUBMISSION;;VELVETFRUIT_EXTRACT;SEASHELLS;5274;7
686100;SUBMISSION;;HYDROGEL_PACK;SEASHELLS;9998;6
686400;SUBMISSION;;VELVETFRUIT_EXTRACT;SEASHELLS;5275;8
686700;;SUBMISSION;HYDROGEL_PACK;SEASHELLS;10015;5
687700;SUBMISSION;;VELVETFRUIT_EXTRACT;SEASHELLS;5270;7
688500;SUBMISSION;;VELVETFRUIT_EXTRACT;SEASHELLS;5273;3
689700;SUBMISSION;;HYDROGEL_PACK;SEASHELLS;9999;5
690600;;SUBMISSION;VELVETFRUIT_EXTRACT;SEASHELLS;5274;5
690800;SUBMISSION;;HYDROGEL_PACK;SEASHELLS;9993;5
691200;SUBMISSION;;VELVETFRUIT_EXTRACT;SEASHELLS;5272;7
691600;SUBMISSION;;HYDROGEL_PACK;SEASHELLS;9993;5
692100;;SUBMISSION;VELVETFRUIT_EXTRACT;SEASHELLS;5271;8
692500;SUBMISSION;;VELVETFRUIT_EXTRACT;SEASHELLS;5269;6
693900;;SUBMISSION;VELVETFRUIT_EXTRACT;SEASHELLS;5270;3
694400;;SUBMISSION;VELVETFRUIT_EXTRACT;SEASHELLS;5270;3
694500;;SUBMISSION;HYDROGEL_PACK;SEASHELLS;10014;4
695900;SUBMISSION;;VELVETFRUIT_EXTRACT;SEASHELLS;5266;11
696000;;SUBMISSION;HYDROGEL_PACK;SEASHELLS;10014;2
697000;;SUBMISSION;HYDROGEL_PACK;SEASHELLS;10015;4
697400;;SUBMISSION;HYDROGEL_PACK;SEASHELLS;10016;2
698800;SUBMISSION;;HYDROGEL_PACK;SEASHELLS;10002;2
702100;;SUBMISSION;VELVETFRUIT_EXTRACT;SEASHELLS;5264;5
704600;;SUBMISSION;VELVETFRUIT_EXTRACT;SEASHELLS;5264;8
705100;;SUBMISSION;VELVETFRUIT_EXTRACT;SEASHELLS;5266;7
705700;SUBMISSION;;VELVETFRUIT_EXTRACT;SEASHELLS;5262;4
705900;;SUBMISSION;HYDROGEL_PACK;SEASHELLS;10030;6
707900;SUBMISSION;;HYDROGEL_PACK;SEASHELLS;10025;6
713000;;SUBMISSION;VELVETFRUIT_EXTRACT;SEASHELLS;5254;8
715300;SUBMISSION;;VELVETFRUIT_EXTRACT;SEASHELLS;5244;8
715500;SUBMISSION;;HYDROGEL_PACK;SEASHELLS;10038;6
716900;SUBMISSION;;HYDROGEL_PACK;SEASHELLS;10030;3
717300;SUBMISSION;;VELVETFRUIT_EXTRACT;SEASHELLS;5244;12
719000;SUBMISSION;;HYDROGEL_PACK;SEASHELLS;10034;5
720500;SUBMISSION;;VELVETFRUIT_EXTRACT;SEASHELLS;5237;11
722300;;SUBMISSION;VELVETFRUIT_EXTRACT;SEASHELLS;5241;4
727700;;SUBMISSION;HYDROGEL_PACK;SEASHELLS;10038;6
734200;;SUBMISSION;HYDROGEL_PACK;SEASHELLS;10027;5
736200;SUBMISSION;;HYDROGEL_PACK;SEASHELLS;10007;6
737300;;SUBMISSION;HYDROGEL_PACK;SEASHELLS;10012;6
737500;;SUBMISSION;VELVETFRUIT_EXTRACT;SEASHELLS;5225;3
737600;SUBMISSION;;VELVETFRUIT_EXTRACT;SEASHELLS;5222;5
738000;SUBMISSION;;VELVETFRUIT_EXTRACT;SEASHELLS;5221;8
738500;SUBMISSION;;VELVETFRUIT_EXTRACT;SEASHELLS;5217;4
739000;SUBMISSION;;HYDROGEL_PACK;SEASHELLS;9999;4
739900;;SUBMISSION;VELVETFRUIT_EXTRACT;SEASHELLS;5216;4
740000;SUBMISSION;;HYDROGEL_PACK;SEASHELLS;10004;4
740300;;SUBMISSION;VELVETFRUIT_EXTRACT;SEASHELLS;5215;7
743500;SUBMISSION;;HYDROGEL_PACK;SEASHELLS;10006;5
747700;SUBMISSION;;HYDROGEL_PACK;SEASHELLS;9991;3
749400;;SUBMISSION;HYDROGEL_PACK;SEASHELLS;10014;5
751300;SUBMISSION;;VELVETFRUIT_EXTRACT;SEASHELLS;5212;5
752100;;SUBMISSION;HYDROGEL_PACK;SEASHELLS;10011;6
752500;SUBMISSION;;HYDROGEL_PACK;SEASHELLS;9999;5
753400;;SUBMISSION;HYDROGEL_PACK;SEASHELLS;10007;4
755000;SUBMISSION;;HYDROGEL_PACK;SEASHELLS;10004;4
759500;SUBMISSION;;HYDROGEL_PACK;SEASHELLS;10018;2
762800;;SUBMISSION;VELVETFRUIT_EXTRACT;SEASHELLS;5230;6
766000;;SUBMISSION;VELVETFRUIT_EXTRACT;SEASHELLS;5227;4
766500;SUBMISSION;;HYDROGEL_PACK;SEASHELLS;10041;4
767700;;SUBMISSION;HYDROGEL_PACK;SEASHELLS;10042;6
771300;;SUBMISSION;HYDROGEL_PACK;SEASHELLS;10050;4
771800;;SUBMISSION;VELVETFRUIT_EXTRACT;SEASHELLS;5236;6
773800;SUBMISSION;;VELVETFRUIT_EXTRACT;SEASHELLS;5235;8
775300;SUBMISSION;;HYDROGEL_PACK;SEASHELLS;10030;4
775500;;SUBMISSION;VELVETFRUIT_EXTRACT;SEASHELLS;5241;7
780000;;SUBMISSION;HYDROGEL_PACK;SEASHELLS;10033;3
781100;;SUBMISSION;VELVETFRUIT_EXTRACT;SEASHELLS;5240;7
781500;SUBMISSION;;VELVETFRUIT_EXTRACT;SEASHELLS;5236;7
783400;SUBMISSION;;VELVETFRUIT_EXTRACT;SEASHELLS;5239;6
784000;SUBMISSION;;HYDROGEL_PACK;SEASHELLS;10016;6
787000;;SUBMISSION;VELVETFRUIT_EXTRACT;SEASHELLS;5250;6
787400;SUBMISSION;;HYDROGEL_PACK;SEASHELLS;10014;5
791700;SUBMISSION;;VELVETFRUIT_EXTRACT;SEASHELLS;5244;6
795400;SUBMISSION;;HYDROGEL_PACK;SEASHELLS;9980;6
796100;;SUBMISSION;VELVETFRUIT_EXTRACT;SEASHELLS;5244;5
796600;;SUBMISSION;VELVETFRUIT_EXTRACT;SEASHELLS;5243;7
798800;SUBMISSION;;VELVETFRUIT_EXTRACT;SEASHELLS;5241;12
798900;;SUBMISSION;VELVETFRUIT_EXTRACT;SEASHELLS;5244;8
802700;;SUBMISSION;HYDROGEL_PACK;SEASHELLS;10013;4
803000;;SUBMISSION;VELVETFRUIT_EXTRACT;SEASHELLS;5256;3
804500;;SUBMISSION;HYDROGEL_PACK;SEASHELLS;10019;5
805000;;SUBMISSION;VELVETFRUIT_EXTRACT;SEASHELLS;5258;3
807300;;SUBMISSION;VELVETFRUIT_EXTRACT;SEASHELLS;5262;6
810000;;SUBMISSION;VELVETFRUIT_EXTRACT;SEASHELLS;5255;5
810800;SUBMISSION;;VELVETFRUIT_EXTRACT;SEASHELLS;5251;5
812300;SUBMISSION;;VELVETFRUIT_EXTRACT;SEASHELLS;5246;8
812600;;SUBMISSION;VELVETFRUIT_EXTRACT;SEASHELLS;5250;5
812700;SUBMISSION;;HYDROGEL_PACK;SEASHELLS;10007;3
813500;SUBMISSION;;VELVETFRUIT_EXTRACT;SEASHELLS;5241;4
815900;;SUBMISSION;VELVETFRUIT_EXTRACT;SEASHELLS;5245;3
818600;;SUBMISSION;HYDROGEL_PACK;SEASHELLS;10037;3
819500;SUBMISSION;;VELVETFRUIT_EXTRACT;SEASHELLS;5249;7
822500;;SUBMISSION;VELVETFRUIT_EXTRACT;SEASHELLS;5254;5
823500;;SUBMISSION;VELVETFRUIT_EXTRACT;SEASHELLS;5253;8
824000;SUBMISSION;;HYDROGEL_PACK;SEASHELLS;10030;4
825200;;SUBMISSION;VELVETFRUIT_EXTRACT;SEASHELLS;5255;4
825700;;SUBMISSION;VELVETFRUIT_EXTRACT;SEASHELLS;5258;6
827000;SUBMISSION;;HYDROGEL_PACK;SEASHELLS;10027;5
827900;;SUBMISSION;VELVETFRUIT_EXTRACT;SEASHELLS;5255;3
828400;;SUBMISSION;VELVETFRUIT_EXTRACT;SEASHELLS;5257;3
830500;SUBMISSION;;VELVETFRUIT_EXTRACT;SEASHELLS;5252;11
830600;SUBMISSION;;HYDROGEL_PACK;SEASHELLS;10027;3
834000;SUBMISSION;;HYDROGEL_PACK;SEASHELLS;10019;4
836300;SUBMISSION;;VEV_5300;SEASHELLS;43;1
836500;SUBMISSION;;VELVETFRUIT_EXTRACT;SEASHELLS;5257;4
841800;SUBMISSION;;VELVETFRUIT_EXTRACT;SEASHELLS;5258;6
842800;SUBMISSION;;HYDROGEL_PACK;SEASHELLS;10009;6
843300;;SUBMISSION;HYDROGEL_PACK;SEASHELLS;10025;3
844300;;SUBMISSION;VELVETFRUIT_EXTRACT;SEASHELLS;5261;7
844800;SUBMISSION;;VELVETFRUIT_EXTRACT;SEASHELLS;5261;5
845400;SUBMISSION;;VELVETFRUIT_EXTRACT;SEASHELLS;5260;7
848300;;SUBMISSION;VELVETFRUIT_EXTRACT;SEASHELLS;5259;7
849400;SUBMISSION;;HYDROGEL_PACK;SEASHELLS;9997;6
855100;;SUBMISSION;HYDROGEL_PACK;SEASHELLS;10017;4
856600;SUBMISSION;;HYDROGEL_PACK;SEASHELLS;10003;2
860300;SUBMISSION;;VELVETFRUIT_EXTRACT;SEASHELLS;5254;3
861000;SUBMISSION;;VELVETFRUIT_EXTRACT;SEASHELLS;5253;4
861200;;SUBMISSION;HYDROGEL_PACK;SEASHELLS;10019;2
861800;SUBMISSION;;HYDROGEL_PACK;SEASHELLS;9998;6
863300;SUBMISSION;;HYDROGEL_PACK;SEASHELLS;9992;5
864200;SUBMISSION;;HYDROGEL_PACK;SEASHELLS;9991;3
866200;;SUBMISSION;HYDROGEL_PACK;SEASHELLS;9997;3
866800;;SUBMISSION;HYDROGEL_PACK;SEASHELLS;10000;6
866900;;SUBMISSION;HYDROGEL_PACK;SEASHELLS;9999;2
867500;SUBMISSION;;HYDROGEL_PACK;SEASHELLS;9993;6
869900;SUBMISSION;;HYDROGEL_PACK;SEASHELLS;9988;2
870100;;SUBMISSION;HYDROGEL_PACK;SEASHELLS;9999;2
870400;;SUBMISSION;HYDROGEL_PACK;SEASHELLS;9998;4
872400;SUBMISSION;;VELVETFRUIT_EXTRACT;SEASHELLS;5248;15
873800;SUBMISSION;;VELVETFRUIT_EXTRACT;SEASHELLS;5245;14
876900;SUBMISSION;;HYDROGEL_PACK;SEASHELLS;9978;5
880800;;SUBMISSION;HYDROGEL_PACK;SEASHELLS;9991;5
881200;;SUBMISSION;VELVETFRUIT_EXTRACT;SEASHELLS;5252;4
886000;;SUBMISSION;VELVETFRUIT_EXTRACT;SEASHELLS;5264;3
887000;;SUBMISSION;VELVETFRUIT_EXTRACT;SEASHELLS;5267;4
889900;SUBMISSION;;VELVETFRUIT_EXTRACT;SEASHELLS;5263;3
890200;;SUBMISSION;HYDROGEL_PACK;SEASHELLS;9993;5
891400;;SUBMISSION;VELVETFRUIT_EXTRACT;SEASHELLS;5267;4
891600;SUBMISSION;;HYDROGEL_PACK;SEASHELLS;9977;6
891800;;SUBMISSION;VELVETFRUIT_EXTRACT;SEASHELLS;5271;7
892900;;SUBMISSION;VELVETFRUIT_EXTRACT;SEASHELLS;5274;5
894900;;SUBMISSION;HYDROGEL_PACK;SEASHELLS;9992;2
899900;SUBMISSION;;HYDROGEL_PACK;SEASHELLS;10003;3
901700;;SUBMISSION;VELVETFRUIT_EXTRACT;SEASHELLS;5283;4
901800;SUBMISSION;;VELVETFRUIT_EXTRACT;SEASHELLS;5280;8
902500;;SUBMISSION;HYDROGEL_PACK;SEASHELLS;10017;5
903600;SUBMISSION;;HYDROGEL_PACK;SEASHELLS;10001;4
904000;;SUBMISSION;VELVETFRUIT_EXTRACT;SEASHELLS;5284;5
906500;;SUBMISSION;VELVETFRUIT_EXTRACT;SEASHELLS;5279;7
913200;SUBMISSION;;HYDROGEL_PACK;SEASHELLS;9994;2
914600;;SUBMISSION;VELVETFRUIT_EXTRACT;SEASHELLS;5284;8
915400;SUBMISSION;;VELVETFRUIT_EXTRACT;SEASHELLS;5282;7
918200;;SUBMISSION;HYDROGEL_PACK;SEASHELLS;10004;5
918800;;SUBMISSION;VELVETFRUIT_EXTRACT;SEASHELLS;5285;8
921800;;SUBMISSION;HYDROGEL_PACK;SEASHELLS;10010;3
922100;;SUBMISSION;VELVETFRUIT_EXTRACT;SEASHELLS;5288;4
923800;;SUBMISSION;HYDROGEL_PACK;SEASHELLS;10004;6
924100;SUBMISSION;;VELVETFRUIT_EXTRACT;SEASHELLS;5286;6
927200;;SUBMISSION;VELVETFRUIT_EXTRACT;SEASHELLS;5282;3
927700;SUBMISSION;;HYDROGEL_PACK;SEASHELLS;9983;4
928800;SUBMISSION;;HYDROGEL_PACK;SEASHELLS;9978;6
929100;SUBMISSION;;VELVETFRUIT_EXTRACT;SEASHELLS;5278;8
929600;SUBMISSION;;HYDROGEL_PACK;SEASHELLS;9988;6
929900;;SUBMISSION;VELVETFRUIT_EXTRACT;SEASHELLS;5278;7
933200;SUBMISSION;;VELVETFRUIT_EXTRACT;SEASHELLS;5276;6
934300;SUBMISSION;;VELVETFRUIT_EXTRACT;SEASHELLS;5279;8
935400;SUBMISSION;;HYDROGEL_PACK;SEASHELLS;10018;3
936000;SUBMISSION;;VELVETFRUIT_EXTRACT;SEASHELLS;5274;7
940100;;SUBMISSION;HYDROGEL_PACK;SEASHELLS;10023;6
940500;SUBMISSION;;HYDROGEL_PACK;SEASHELLS;10004;2
941000;SUBMISSION;;VELVETFRUIT_EXTRACT;SEASHELLS;5274;9
942700;SUBMISSION;;VELVETFRUIT_EXTRACT;SEASHELLS;5270;3
942800;;SUBMISSION;VELVETFRUIT_EXTRACT;SEASHELLS;5273;4
944300;SUBMISSION;;HYDROGEL_PACK;SEASHELLS;9989;5
945100;;SUBMISSION;VELVETFRUIT_EXTRACT;SEASHELLS;5277;8
945400;;SUBMISSION;VELVETFRUIT_EXTRACT;SEASHELLS;5278;3
947900;SUBMISSION;;HYDROGEL_PACK;SEASHELLS;9984;6
947900;SUBMISSION;;VELVETFRUIT_EXTRACT;SEASHELLS;5276;5
948400;;SUBMISSION;HYDROGEL_PACK;SEASHELLS;10001;5
948500;SUBMISSION;;VEV_5300;SEASHELLS;49;4
948800;;SUBMISSION;VELVETFRUIT_EXTRACT;SEASHELLS;5277;7
948900;;SUBMISSION;VELVETFRUIT_EXTRACT;SEASHELLS;5277;5
955900;SUBMISSION;;VELVETFRUIT_EXTRACT;SEASHELLS;5274;6
957400;SUBMISSION;;VELVETFRUIT_EXTRACT;SEASHELLS;5276;5
958400;SUBMISSION;;HYDROGEL_PACK;SEASHELLS;9994;4
959100;;SUBMISSION;VELVETFRUIT_EXTRACT;SEASHELLS;5273;3
960400;SUBMISSION;;VELVETFRUIT_EXTRACT;SEASHELLS;5268;4
961700;SUBMISSION;;HYDROGEL_PACK;SEASHELLS;9991;5
961700;SUBMISSION;;VEV_4000;SEASHELLS;1258;3
963700;;SUBMISSION;VELVETFRUIT_EXTRACT;SEASHELLS;5265;7
964300;SUBMISSION;;VELVETFRUIT_EXTRACT;SEASHELLS;5265;4
965500;SUBMISSION;;HYDROGEL_PACK;SEASHELLS;9999;6
967500;;SUBMISSION;HYDROGEL_PACK;SEASHELLS;10020;4
967900;;SUBMISSION;VELVETFRUIT_EXTRACT;SEASHELLS;5261;3
968300;;SUBMISSION;VELVETFRUIT_EXTRACT;SEASHELLS;5262;8
968600;;SUBMISSION;HYDROGEL_PACK;SEASHELLS;10013;5
970000;SUBMISSION;;VELVETFRUIT_EXTRACT;SEASHELLS;5261;8
970300;;SUBMISSION;HYDROGEL_PACK;SEASHELLS;10004;3
970700;;SUBMISSION;VELVETFRUIT_EXTRACT;SEASHELLS;5264;4
972700;;SUBMISSION;VELVETFRUIT_EXTRACT;SEASHELLS;5270;8
974300;SUBMISSION;;VELVETFRUIT_EXTRACT;SEASHELLS;5267;5
976200;SUBMISSION;;HYDROGEL_PACK;SEASHELLS;9998;2
976800;;SUBMISSION;HYDROGEL_PACK;SEASHELLS;10002;2
977200;SUBMISSION;;VELVETFRUIT_EXTRACT;SEASHELLS;5268;5
977300;SUBMISSION;;VEV_5300;SEASHELLS;46;1
978400;;SUBMISSION;VELVETFRUIT_EXTRACT;SEASHELLS;5269;8
978600;;SUBMISSION;HYDROGEL_PACK;SEASHELLS;9996;3
978600;;SUBMISSION;VELVETFRUIT_EXTRACT;SEASHELLS;5271;4
978700;;SUBMISSION;HYDROGEL_PACK;SEASHELLS;9998;2
981200;SUBMISSION;;VELVETFRUIT_EXTRACT;SEASHELLS;5272;3
982000;;SUBMISSION;HYDROGEL_PACK;SEASHELLS;10000;2
983700;;SUBMISSION;HYDROGEL_PACK;SEASHELLS;10002;2
984200;;SUBMISSION;HYDROGEL_PACK;SEASHELLS;10006;3
984700;SUBMISSION;;HYDROGEL_PACK;SEASHELLS;9986;5
985000;SUBMISSION;;VELVETFRUIT_EXTRACT;SEASHELLS;5275;4
986100;SUBMISSION;;VELVETFRUIT_EXTRACT;SEASHELLS;5278;6
992200;;SUBMISSION;HYDROGEL_PACK;SEASHELLS;10028;4
992900;SUBMISSION;;VELVETFRUIT_EXTRACT;SEASHELLS;5284;6
994800;SUBMISSION;;HYDROGEL_PACK;SEASHELLS;10012;4
995100;;SUBMISSION;VELVETFRUIT_EXTRACT;SEASHELLS;5288;7
996500;SUBMISSION;;HYDROGEL_PACK;SEASHELLS;10011;2
