timestamp;buyer;seller;symbol;currency;price;quantity
900;;SUBMISSION;TOMATOES;SEASHELLS;5007;2
1700;;SUBMISSION;TOMATOES;SEASHELLS;5005;3
3300;SUBMISSION;;TOMATOES;SEASHELLS;4993;11
4000;;SUBMISSION;EMERALDS;SEASHELLS;10007;7
4100;;SUBMISSION;TOMATOES;SEASHELLS;5001;3
5200;SUBMISSION;;EMERALDS;SEASHELLS;9993;5
6700;SUBMISSION;;TOMATOES;SEASHELLS;4989;5
6800;SUBMISSION;;TOMATOES;SEASHELLS;4992;11
7100;;SUBMISSION;TOMATOES;SEASHELLS;4999;3
10500;;SUBMISSION;EMERALDS;SEASHELLS;10007;5
11200;SUBMISSION;;TOMATOES;SEASHELLS;4986;4
11300;SUBMISSION;;EMERALDS;SEASHELLS;9993;3
12700;;SUBMISSION;TOMATOES;SEASHELLS;4998;2
13600;SUBMISSION;;TOMATOES;SEASHELLS;4992;2
14100;;SUBMISSION;TOMATOES;SEASHELLS;4997;2
16400;SUBMISSION;;TOMATOES;SEASHELLS;4992;6
17100;SUBMISSION;;TOMATOES;SEASHELLS;4987;4
17800;SUBMISSION;;TOMATOES;SEASHELLS;4987;5
18000;SUBMISSION;;TOMATOES;SEASHELLS;4991;3
18700;;SUBMISSION;TOMATOES;SEASHELLS;4993;3
22300;SUBMISSION;;TOMATOES;SEASHELLS;4993;9
22400;SUBMISSION;;TOMATOES;SEASHELLS;4993;11
24000;;SUBMISSION;TOMATOES;SEASHELLS;5000;5
25800;;SUBMISSION;TOMATOES;SEASHELLS;4994;3
26800;SUBMISSION;;TOMATOES;SEASHELLS;4994;12
27300;SUBMISSION;;TOMATOES;SEASHELLS;4989;5
28100;SUBMISSION;;TOMATOES;SEASHELLS;4994;5
28700;;SUBMISSION;TOMATOES;SEASHELLS;4995;12
30100;;SUBMISSION;TOMATOES;SEASHELLS;4996;6
32700;;SUBMISSION;TOMATOES;SEASHELLS;5003;3
35600;SUBMISSION;;EMERALDS;SEASHELLS;9993;5
38300;;SUBMISSION;EMERALDS;SEASHELLS;10007;4
38800;SUBMISSION;;EMERALDS;SEASHELLS;9993;6
39000;;SUBMISSION;TOMATOES;SEASHELLS;5004;5
41500;SUBMISSION;;TOMATOES;SEASHELLS;4996;6
41700;SUBMISSION;;TOMATOES;SEASHELLS;4990;2
42100;;SUBMISSION;EMERALDS;SEASHELLS;10007;8
43200;SUBMISSION;;TOMATOES;SEASHELLS;4992;3
45700;;SUBMISSION;EMERALDS;SEASHELLS;10007;4
46200;;SUBMISSION;TOMATOES;SEASHELLS;4999;3
47000;;SUBMISSION;EMERALDS;SEASHELLS;10007;4
47200;;SUBMISSION;TOMATOES;SEASHELLS;5001;5
50300;;SUBMISSION;TOMATOES;SEASHELLS;5002;2
51500;SUBMISSION;;TOMATOES;SEASHELLS;4999;2
51800;SUBMISSION;;EMERALDS;SEASHELLS;10000;10
53500;SUBMISSION;;EMERALDS;SEASHELLS;9993;6
53800;SUBMISSION;;TOMATOES;SEASHELLS;5001;6
55000;SUBMISSION;;TOMATOES;SEASHELLS;5001;3
62900;;SUBMISSION;EMERALDS;SEASHELLS;10007;5
65000;;SUBMISSION;TOMATOES;SEASHELLS;5016;5
65300;;SUBMISSION;TOMATOES;SEASHELLS;5009;5
65500;SUBMISSION;;EMERALDS;SEASHELLS;9993;5
67000;;SUBMISSION;TOMATOES;SEASHELLS;5019;5
68300;;SUBMISSION;TOMATOES;SEASHELLS;5020;2
68700;;SUBMISSION;TOMATOES;SEASHELLS;5019;4
69000;SUBMISSION;;TOMATOES;SEASHELLS;5006;5
70000;;SUBMISSION;TOMATOES;SEASHELLS;5013;10
71200;;SUBMISSION;TOMATOES;SEASHELLS;5012;5
73400;;SUBMISSION;TOMATOES;SEASHELLS;5021;5
73800;;SUBMISSION;TOMATOES;SEASHELLS;5013;3
77600;;SUBMISSION;TOMATOES;SEASHELLS;5015;2
82100;;SUBMISSION;TOMATOES;SEASHELLS;5017;10
84300;SUBMISSION;;EMERALDS;SEASHELLS;9993;8
88800;SUBMISSION;;TOMATOES;SEASHELLS;5019;4
89400;;SUBMISSION;EMERALDS;SEASHELLS;10000;9
91000;;SUBMISSION;EMERALDS;SEASHELLS;10007;3
91700;SUBMISSION;;TOMATOES;SEASHELLS;5017;12
92800;SUBMISSION;;EMERALDS;SEASHELLS;9993;6
93000;SUBMISSION;;TOMATOES;SEASHELLS;5012;5
93300;SUBMISSION;;TOMATOES;SEASHELLS;5011;3
98800;;SUBMISSION;TOMATOES;SEASHELLS;5023;3
99600;;SUBMISSION;TOMATOES;SEASHELLS;5023;4
102000;;SUBMISSION;TOMATOES;SEASHELLS;5019;8
103000;SUBMISSION;;TOMATOES;SEASHELLS;5014;3
104300;;SUBMISSION;EMERALDS;SEASHELLS;10007;6
104600;SUBMISSION;;TOMATOES;SEASHELLS;5013;3
109100;;SUBMISSION;TOMATOES;SEASHELLS;5018;3
111200;SUBMISSION;;TOMATOES;SEASHELLS;5018;3
111900;SUBMISSION;;EMERALDS;SEASHELLS;9993;7
112000;SUBMISSION;;TOMATOES;SEASHELLS;5017;5
114400;SUBMISSION;;TOMATOES;SEASHELLS;5015;2
115300;SUBMISSION;;TOMATOES;SEASHELLS;5014;4
115500;;SUBMISSION;TOMATOES;SEASHELLS;5024;3
116600;SUBMISSION;;TOMATOES;SEASHELLS;5018;3
116900;SUBMISSION;;TOMATOES;SEASHELLS;5017;5
117800;SUBMISSION;;TOMATOES;SEASHELLS;5018;4
119000;SUBMISSION;;TOMATOES;SEASHELLS;5016;7
119100;;SUBMISSION;TOMATOES;SEASHELLS;5023;5
120700;SUBMISSION;;EMERALDS;SEASHELLS;9993;8
120700;;SUBMISSION;TOMATOES;SEASHELLS;5023;2
121200;SUBMISSION;;TOMATOES;SEASHELLS;5016;8
121200;SUBMISSION;;TOMATOES;SEASHELLS;5012;5
121800;;SUBMISSION;TOMATOES;SEASHELLS;5026;4
122100;;SUBMISSION;EMERALDS;SEASHELLS;10000;10
122400;;SUBMISSION;TOMATOES;SEASHELLS;5028;5
123000;SUBMISSION;;EMERALDS;SEASHELLS;9993;8
123200;;SUBMISSION;TOMATOES;SEASHELLS;5020;6
125300;SUBMISSION;;TOMATOES;SEASHELLS;5013;4
125900;SUBMISSION;;EMERALDS;SEASHELLS;9993;4
127200;;SUBMISSION;EMERALDS;SEASHELLS;10007;7
127400;SUBMISSION;;TOMATOES;SEASHELLS;5012;2
127600;SUBMISSION;;TOMATOES;SEASHELLS;5017;3
129700;SUBMISSION;;EMERALDS;SEASHELLS;9993;3
130400;SUBMISSION;;TOMATOES;SEASHELLS;5016;3
131100;SUBMISSION;;TOMATOES;SEASHELLS;5014;2
131400;;SUBMISSION;TOMATOES;SEASHELLS;5019;2
131700;;SUBMISSION;EMERALDS;SEASHELLS;10000;5
131900;;SUBMISSION;TOMATOES;SEASHELLS;5018;2
132600;;SUBMISSION;EMERALDS;SEASHELLS;10007;5
133800;;SUBMISSION;TOMATOES;SEASHELLS;5015;2
135400;SUBMISSION;;TOMATOES;SEASHELLS;5008;6
137000;SUBMISSION;;TOMATOES;SEASHELLS;5004;4
137200;SUBMISSION;;TOMATOES;SEASHELLS;5010;3
139800;;SUBMISSION;TOMATOES;SEASHELLS;5013;3
140400;;SUBMISSION;EMERALDS;SEASHELLS;10007;8
140600;SUBMISSION;;EMERALDS;SEASHELLS;9993;5
140900;SUBMISSION;;TOMATOES;SEASHELLS;5003;9
143400;SUBMISSION;;TOMATOES;SEASHELLS;5001;2
143800;;SUBMISSION;EMERALDS;SEASHELLS;10007;5
146400;SUBMISSION;;TOMATOES;SEASHELLS;5002;4
147200;;SUBMISSION;TOMATOES;SEASHELLS;5008;4
147600;;SUBMISSION;TOMATOES;SEASHELLS;5007;4
149200;SUBMISSION;;EMERALDS;SEASHELLS;9993;8
149400;SUBMISSION;;TOMATOES;SEASHELLS;5003;3
152700;;SUBMISSION;TOMATOES;SEASHELLS;5002;5
153300;SUBMISSION;;TOMATOES;SEASHELLS;4997;3
153600;;SUBMISSION;TOMATOES;SEASHELLS;5003;9
156400;SUBMISSION;;EMERALDS;SEASHELLS;9993;6
157200;;SUBMISSION;TOMATOES;SEASHELLS;5006;3
158700;SUBMISSION;;TOMATOES;SEASHELLS;4992;2
159600;SUBMISSION;;EMERALDS;SEASHELLS;9993;8
159700;;SUBMISSION;EMERALDS;SEASHELLS;10007;8
159900;;SUBMISSION;EMERALDS;SEASHELLS;10007;8
160700;SUBMISSION;;TOMATOES;SEASHELLS;4997;6
163600;SUBMISSION;;TOMATOES;SEASHELLS;4994;2
164000;SUBMISSION;;EMERALDS;SEASHELLS;9993;3
164200;SUBMISSION;;TOMATOES;SEASHELLS;4989;5
165500;SUBMISSION;;TOMATOES;SEASHELLS;4992;3
165700;SUBMISSION;;TOMATOES;SEASHELLS;4991;3
166000;;SUBMISSION;TOMATOES;SEASHELLS;4997;6
167200;SUBMISSION;;TOMATOES;SEASHELLS;4993;2
168900;;SUBMISSION;TOMATOES;SEASHELLS;5005;2
172900;;SUBMISSION;TOMATOES;SEASHELLS;5000;11
174000;;SUBMISSION;TOMATOES;SEASHELLS;4999;9
174400;SUBMISSION;;TOMATOES;SEASHELLS;4998;3
174400;SUBMISSION;;TOMATOES;SEASHELLS;4992;5
175800;;SUBMISSION;TOMATOES;SEASHELLS;5000;5
176700;SUBMISSION;;TOMATOES;SEASHELLS;4992;10
177100;SUBMISSION;;TOMATOES;SEASHELLS;4989;3
178600;SUBMISSION;;EMERALDS;SEASHELLS;9993;5
179200;;SUBMISSION;TOMATOES;SEASHELLS;4999;2
179400;;SUBMISSION;TOMATOES;SEASHELLS;4999;2
180100;;SUBMISSION;TOMATOES;SEASHELLS;4995;12
181700;SUBMISSION;;TOMATOES;SEASHELLS;4991;8
182700;SUBMISSION;;TOMATOES;SEASHELLS;4993;8
182800;;SUBMISSION;TOMATOES;SEASHELLS;5000;5
183100;SUBMISSION;;TOMATOES;SEASHELLS;4987;2
183700;SUBMISSION;;TOMATOES;SEASHELLS;4987;4
183900;;SUBMISSION;TOMATOES;SEASHELLS;4999;2
184800;SUBMISSION;;TOMATOES;SEASHELLS;4991;7
185200;SUBMISSION;;TOMATOES;SEASHELLS;4986;4
187600;SUBMISSION;;TOMATOES;SEASHELLS;4990;4
188000;;SUBMISSION;TOMATOES;SEASHELLS;5001;3
190800;;SUBMISSION;TOMATOES;SEASHELLS;4994;6
191400;;SUBMISSION;TOMATOES;SEASHELLS;5002;5
192400;SUBMISSION;;TOMATOES;SEASHELLS;4992;5
192900;;SUBMISSION;EMERALDS;SEASHELLS;10007;8
193400;;SUBMISSION;TOMATOES;SEASHELLS;5004;2
193500;SUBMISSION;;TOMATOES;SEASHELLS;4992;3
193700;SUBMISSION;;EMERALDS;SEASHELLS;9993;5
194100;SUBMISSION;;EMERALDS;SEASHELLS;9993;5
195300;;SUBMISSION;TOMATOES;SEASHELLS;4996;2
195400;;SUBMISSION;TOMATOES;SEASHELLS;4998;9
197100;SUBMISSION;;TOMATOES;SEASHELLS;4992;3
198300;;SUBMISSION;TOMATOES;SEASHELLS;5000;12
202400;SUBMISSION;;TOMATOES;SEASHELLS;4994;5
203900;;SUBMISSION;TOMATOES;SEASHELLS;5006;5
204000;;SUBMISSION;TOMATOES;SEASHELLS;4999;2
204100;;SUBMISSION;TOMATOES;SEASHELLS;5006;3
204600;;SUBMISSION;TOMATOES;SEASHELLS;4999;3
205100;;SUBMISSION;TOMATOES;SEASHELLS;4999;4
207600;;SUBMISSION;EMERALDS;SEASHELLS;10007;3
208700;;SUBMISSION;TOMATOES;SEASHELLS;5004;8
209300;SUBMISSION;;TOMATOES;SEASHELLS;4997;4
209600;SUBMISSION;;TOMATOES;SEASHELLS;4996;2
209900;SUBMISSION;;EMERALDS;SEASHELLS;9993;8
210200;SUBMISSION;;TOMATOES;SEASHELLS;4996;4
210800;;SUBMISSION;EMERALDS;SEASHELLS;10000;8
211000;SUBMISSION;;TOMATOES;SEASHELLS;4997;4
211800;;SUBMISSION;TOMATOES;SEASHELLS;5008;2
211900;SUBMISSION;;EMERALDS;SEASHELLS;9993;6
211900;SUBMISSION;;TOMATOES;SEASHELLS;4997;4
212200;SUBMISSION;;TOMATOES;SEASHELLS;5001;9
215200;SUBMISSION;;EMERALDS;SEASHELLS;9993;7
215200;SUBMISSION;;TOMATOES;SEASHELLS;5001;5
215400;SUBMISSION;;TOMATOES;SEASHELLS;5001;3
216400;SUBMISSION;;TOMATOES;SEASHELLS;4998;6
216500;SUBMISSION;;TOMATOES;SEASHELLS;4996;6
217300;SUBMISSION;;EMERALDS;SEASHELLS;9993;3
217700;;SUBMISSION;TOMATOES;SEASHELLS;5004;3
218700;SUBMISSION;;TOMATOES;SEASHELLS;4992;4
220100;SUBMISSION;;TOMATOES;SEASHELLS;4996;8
222300;;SUBMISSION;EMERALDS;SEASHELLS;10000;8
225100;;SUBMISSION;EMERALDS;SEASHELLS;10000;6
225900;;SUBMISSION;TOMATOES;SEASHELLS;5005;3
226800;SUBMISSION;;TOMATOES;SEASHELLS;4998;3
232400;SUBMISSION;;EMERALDS;SEASHELLS;9993;5
233400;;SUBMISSION;TOMATOES;SEASHELLS;5003;2
233500;SUBMISSION;;TOMATOES;SEASHELLS;4991;2
234700;;SUBMISSION;TOMATOES;SEASHELLS;4997;2
235100;SUBMISSION;;TOMATOES;SEASHELLS;4992;2
236900;SUBMISSION;;EMERALDS;SEASHELLS;9993;6
244200;SUBMISSION;;EMERALDS;SEASHELLS;9993;3
245500;;SUBMISSION;TOMATOES;SEASHELLS;5001;5
247400;SUBMISSION;;TOMATOES;SEASHELLS;4992;4
247500;;SUBMISSION;EMERALDS;SEASHELLS;10000;5
248600;;SUBMISSION;TOMATOES;SEASHELLS;4998;4
249200;;SUBMISSION;TOMATOES;SEASHELLS;4998;4
249900;;SUBMISSION;EMERALDS;SEASHELLS;10000;5
250200;SUBMISSION;;TOMATOES;SEASHELLS;4993;3
250400;SUBMISSION;;TOMATOES;SEASHELLS;4996;6
255300;SUBMISSION;;EMERALDS;SEASHELLS;9993;6
255800;;SUBMISSION;TOMATOES;SEASHELLS;4997;3
257600;SUBMISSION;;TOMATOES;SEASHELLS;4990;2
258100;;SUBMISSION;TOMATOES;SEASHELLS;5001;3
258200;;SUBMISSION;TOMATOES;SEASHELLS;5001;4
259000;;SUBMISSION;TOMATOES;SEASHELLS;5000;3
259700;SUBMISSION;;TOMATOES;SEASHELLS;4989;2
259900;;SUBMISSION;TOMATOES;SEASHELLS;5001;3
260200;SUBMISSION;;TOMATOES;SEASHELLS;4990;3
260500;SUBMISSION;;TOMATOES;SEASHELLS;4995;5
260700;SUBMISSION;;TOMATOES;SEASHELLS;4995;4
261400;;SUBMISSION;EMERALDS;SEASHELLS;10007;3
263300;SUBMISSION;;EMERALDS;SEASHELLS;9993;3
263400;;SUBMISSION;TOMATOES;SEASHELLS;5003;2
263500;SUBMISSION;;TOMATOES;SEASHELLS;4992;2
264200;SUBMISSION;;EMERALDS;SEASHELLS;9993;3
267300;;SUBMISSION;TOMATOES;SEASHELLS;4997;7
270900;;SUBMISSION;TOMATOES;SEASHELLS;5000;10
271100;;SUBMISSION;EMERALDS;SEASHELLS;10007;3
272200;;SUBMISSION;EMERALDS;SEASHELLS;10000;6
272600;;SUBMISSION;TOMATOES;SEASHELLS;5007;4
273100;SUBMISSION;;EMERALDS;SEASHELLS;9993;6
274200;;SUBMISSION;TOMATOES;SEASHELLS;5011;2
274300;;SUBMISSION;EMERALDS;SEASHELLS;10000;7
274700;;SUBMISSION;TOMATOES;SEASHELLS;5004;3
275200;;SUBMISSION;TOMATOES;SEASHELLS;5012;2
275400;;SUBMISSION;TOMATOES;SEASHELLS;5005;2
275500;;SUBMISSION;TOMATOES;SEASHELLS;5012;2
275900;;SUBMISSION;TOMATOES;SEASHELLS;5004;2
276300;;SUBMISSION;TOMATOES;SEASHELLS;5005;6
276900;SUBMISSION;;TOMATOES;SEASHELLS;4999;4
277500;;SUBMISSION;TOMATOES;SEASHELLS;5007;5
277700;;SUBMISSION;EMERALDS;SEASHELLS;10000;7
278500;;SUBMISSION;EMERALDS;SEASHELLS;10007;5
278700;;SUBMISSION;TOMATOES;SEASHELLS;5006;2
280200;;SUBMISSION;TOMATOES;SEASHELLS;5010;9
280900;;SUBMISSION;TOMATOES;SEASHELLS;5008;4
281200;;SUBMISSION;TOMATOES;SEASHELLS;5015;5
282200;;SUBMISSION;TOMATOES;SEASHELLS;5015;4
283400;SUBMISSION;;TOMATOES;SEASHELLS;5002;5
286300;SUBMISSION;;TOMATOES;SEASHELLS;5003;2
289600;;SUBMISSION;EMERALDS;SEASHELLS;10007;4
289600;SUBMISSION;;TOMATOES;SEASHELLS;4996;3
290100;SUBMISSION;;TOMATOES;SEASHELLS;5001;12
290500;SUBMISSION;;TOMATOES;SEASHELLS;5001;11
290800;SUBMISSION;;TOMATOES;SEASHELLS;5003;5
291900;SUBMISSION;;TOMATOES;SEASHELLS;5003;5
292200;;SUBMISSION;TOMATOES;SEASHELLS;5007;5
293500;SUBMISSION;;TOMATOES;SEASHELLS;5002;2
294200;SUBMISSION;;TOMATOES;SEASHELLS;5003;5
295200;SUBMISSION;;TOMATOES;SEASHELLS;5002;5
298300;;SUBMISSION;TOMATOES;SEASHELLS;5007;3
298800;;SUBMISSION;EMERALDS;SEASHELLS;10007;5
301600;;SUBMISSION;TOMATOES;SEASHELLS;5002;6
302300;;SUBMISSION;EMERALDS;SEASHELLS;10007;5
305800;;SUBMISSION;EMERALDS;SEASHELLS;10007;7
305800;SUBMISSION;;TOMATOES;SEASHELLS;5002;11
306600;SUBMISSION;;EMERALDS;SEASHELLS;10000;7
307300;SUBMISSION;;TOMATOES;SEASHELLS;4999;4
307700;;SUBMISSION;EMERALDS;SEASHELLS;10007;4
308300;SUBMISSION;;EMERALDS;SEASHELLS;9993;5
308400;;SUBMISSION;EMERALDS;SEASHELLS;10007;6
308500;SUBMISSION;;EMERALDS;SEASHELLS;9993;4
309900;SUBMISSION;;TOMATOES;SEASHELLS;5003;6
311300;SUBMISSION;;TOMATOES;SEASHELLS;5003;3
312900;;SUBMISSION;TOMATOES;SEASHELLS;5003;11
313700;;SUBMISSION;TOMATOES;SEASHELLS;5008;4
316600;;SUBMISSION;TOMATOES;SEASHELLS;5004;9
316800;;SUBMISSION;TOMATOES;SEASHELLS;5009;4
320600;SUBMISSION;;EMERALDS;SEASHELLS;10000;10
320700;;SUBMISSION;TOMATOES;SEASHELLS;5006;9
322400;;SUBMISSION;TOMATOES;SEASHELLS;5012;5
322500;SUBMISSION;;TOMATOES;SEASHELLS;5000;3
324200;SUBMISSION;;EMERALDS;SEASHELLS;9993;4
324400;;SUBMISSION;EMERALDS;SEASHELLS;10007;4
324600;;SUBMISSION;EMERALDS;SEASHELLS;10007;6
325400;SUBMISSION;;EMERALDS;SEASHELLS;9993;4
326100;SUBMISSION;;TOMATOES;SEASHELLS;5005;9
326500;SUBMISSION;;TOMATOES;SEASHELLS;5005;7
330500;SUBMISSION;;TOMATOES;SEASHELLS;5007;3
331600;SUBMISSION;;EMERALDS;SEASHELLS;9993;6
331800;;SUBMISSION;TOMATOES;SEASHELLS;5013;3
332500;SUBMISSION;;EMERALDS;SEASHELLS;9993;4
332500;SUBMISSION;;TOMATOES;SEASHELLS;5008;4
332600;;SUBMISSION;TOMATOES;SEASHELLS;5019;4
334400;;SUBMISSION;TOMATOES;SEASHELLS;5020;3
335100;;SUBMISSION;TOMATOES;SEASHELLS;5020;5
335500;;SUBMISSION;EMERALDS;SEASHELLS;10007;4
335600;SUBMISSION;;TOMATOES;SEASHELLS;5013;6
337000;;SUBMISSION;TOMATOES;SEASHELLS;5017;9
337000;;SUBMISSION;TOMATOES;SEASHELLS;5022;4
337300;;SUBMISSION;TOMATOES;SEASHELLS;5014;6
340000;SUBMISSION;;TOMATOES;SEASHELLS;5009;4
342000;SUBMISSION;;TOMATOES;SEASHELLS;5006;2
345300;SUBMISSION;;EMERALDS;SEASHELLS;9993;5
345400;;SUBMISSION;TOMATOES;SEASHELLS;5019;5
348700;SUBMISSION;;TOMATOES;SEASHELLS;5013;3
349400;SUBMISSION;;TOMATOES;SEASHELLS;5008;3
350400;SUBMISSION;;EMERALDS;SEASHELLS;9993;3
351100;SUBMISSION;;TOMATOES;SEASHELLS;5009;5
355700;SUBMISSION;;EMERALDS;SEASHELLS;9993;8
355700;;SUBMISSION;TOMATOES;SEASHELLS;5018;8
356100;;SUBMISSION;TOMATOES;SEASHELLS;5023;2
357700;SUBMISSION;;TOMATOES;SEASHELLS;5011;5
359100;;SUBMISSION;TOMATOES;SEASHELLS;5017;12
359800;SUBMISSION;;TOMATOES;SEASHELLS;5011;4
361000;SUBMISSION;;TOMATOES;SEASHELLS;5016;6
363300;;SUBMISSION;EMERALDS;SEASHELLS;10007;6
365100;SUBMISSION;;TOMATOES;SEASHELLS;5014;5
367500;SUBMISSION;;TOMATOES;SEASHELLS;5011;5
368900;SUBMISSION;;TOMATOES;SEASHELLS;5009;3
370300;;SUBMISSION;TOMATOES;SEASHELLS;5019;5
372000;SUBMISSION;;TOMATOES;SEASHELLS;5009;2
372300;SUBMISSION;;TOMATOES;SEASHELLS;5013;6
373800;SUBMISSION;;TOMATOES;SEASHELLS;5014;5
376600;;SUBMISSION;EMERALDS;SEASHELLS;10007;5
376700;SUBMISSION;;TOMATOES;SEASHELLS;5010;2
380500;SUBMISSION;;TOMATOES;SEASHELLS;5009;2
382300;SUBMISSION;;TOMATOES;SEASHELLS;5012;5
382700;;SUBMISSION;TOMATOES;SEASHELLS;5018;8
382700;;SUBMISSION;TOMATOES;SEASHELLS;5023;4
384000;;SUBMISSION;TOMATOES;SEASHELLS;5023;4
386100;;SUBMISSION;TOMATOES;SEASHELLS;5015;6
386800;;SUBMISSION;TOMATOES;SEASHELLS;5020;5
387000;;SUBMISSION;TOMATOES;SEASHELLS;5015;8
389900;SUBMISSION;;TOMATOES;SEASHELLS;5012;9
390300;;SUBMISSION;TOMATOES;SEASHELLS;5017;5
391200;SUBMISSION;;TOMATOES;SEASHELLS;5010;4
392600;SUBMISSION;;EMERALDS;SEASHELLS;9993;6
394300;;SUBMISSION;TOMATOES;SEASHELLS;5015;3
396600;SUBMISSION;;EMERALDS;SEASHELLS;9993;7
397600;SUBMISSION;;TOMATOES;SEASHELLS;5004;12
397900;;SUBMISSION;TOMATOES;SEASHELLS;5011;2
398100;;SUBMISSION;TOMATOES;SEASHELLS;5008;9
398700;;SUBMISSION;EMERALDS;SEASHELLS;10007;8
402300;;SUBMISSION;EMERALDS;SEASHELLS;10007;6
403300;SUBMISSION;;TOMATOES;SEASHELLS;5002;6
404400;;SUBMISSION;TOMATOES;SEASHELLS;5011;5
404800;;SUBMISSION;EMERALDS;SEASHELLS;10007;5
407600;;SUBMISSION;TOMATOES;SEASHELLS;5010;12
408800;;SUBMISSION;EMERALDS;SEASHELLS;10007;7
409100;;SUBMISSION;TOMATOES;SEASHELLS;5007;5
410000;;SUBMISSION;TOMATOES;SEASHELLS;5009;12
411200;;SUBMISSION;TOMATOES;SEASHELLS;5014;2
412100;SUBMISSION;;TOMATOES;SEASHELLS;5006;10
412500;SUBMISSION;;TOMATOES;SEASHELLS;5006;3
413000;;SUBMISSION;EMERALDS;SEASHELLS;10007;4
413600;SUBMISSION;;EMERALDS;SEASHELLS;9993;8
413900;SUBMISSION;;TOMATOES;SEASHELLS;5003;2
414000;SUBMISSION;;EMERALDS;SEASHELLS;9993;7
415800;;SUBMISSION;TOMATOES;SEASHELLS;5010;5
417900;;SUBMISSION;TOMATOES;SEASHELLS;5009;7
418500;;SUBMISSION;TOMATOES;SEASHELLS;5012;9
419700;SUBMISSION;;EMERALDS;SEASHELLS;9993;4
420800;SUBMISSION;;EMERALDS;SEASHELLS;9993;7
421000;;SUBMISSION;EMERALDS;SEASHELLS;10000;10
422300;;SUBMISSION;TOMATOES;SEASHELLS;5019;4
422600;;SUBMISSION;TOMATOES;SEASHELLS;5012;5
422700;;SUBMISSION;TOMATOES;SEASHELLS;5011;3
424000;SUBMISSION;;TOMATOES;SEASHELLS;5009;6
425400;SUBMISSION;;TOMATOES;SEASHELLS;5009;9
425700;SUBMISSION;;TOMATOES;SEASHELLS;5010;11
426300;SUBMISSION;;TOMATOES;SEASHELLS;5005;2
427500;;SUBMISSION;TOMATOES;SEASHELLS;5013;5
428600;;SUBMISSION;TOMATOES;SEASHELLS;5015;5
429100;;SUBMISSION;EMERALDS;SEASHELLS;10007;8
429500;SUBMISSION;;TOMATOES;SEASHELLS;5004;3
431000;;SUBMISSION;TOMATOES;SEASHELLS;5013;3
431500;;SUBMISSION;TOMATOES;SEASHELLS;5014;2
431900;SUBMISSION;;TOMATOES;SEASHELLS;5002;4
432600;;SUBMISSION;TOMATOES;SEASHELLS;5008;8
432700;SUBMISSION;;TOMATOES;SEASHELLS;5001;3
432900;;SUBMISSION;TOMATOES;SEASHELLS;5013;5
434900;SUBMISSION;;TOMATOES;SEASHELLS;5004;3
435100;;SUBMISSION;TOMATOES;SEASHELLS;5015;4
436600;;SUBMISSION;EMERALDS;SEASHELLS;10007;4
437300;SUBMISSION;;TOMATOES;SEASHELLS;5003;4
437600;SUBMISSION;;TOMATOES;SEASHELLS;5008;8
441400;SUBMISSION;;TOMATOES;SEASHELLS;5004;12
442000;SUBMISSION;;TOMATOES;SEASHELLS;4999;2
443900;;SUBMISSION;TOMATOES;SEASHELLS;5010;2
445800;SUBMISSION;;TOMATOES;SEASHELLS;5000;5
447200;;SUBMISSION;TOMATOES;SEASHELLS;5006;4
447700;;SUBMISSION;TOMATOES;SEASHELLS;5007;9
450300;SUBMISSION;;TOMATOES;SEASHELLS;4999;3
450700;;SUBMISSION;TOMATOES;SEASHELLS;5006;9
450800;;SUBMISSION;TOMATOES;SEASHELLS;5006;12
452300;SUBMISSION;;TOMATOES;SEASHELLS;5004;3
452300;SUBMISSION;;TOMATOES;SEASHELLS;4998;2
452400;;SUBMISSION;TOMATOES;SEASHELLS;5010;5
453100;SUBMISSION;;TOMATOES;SEASHELLS;4999;3
454700;;SUBMISSION;TOMATOES;SEASHELLS;5006;5
456000;;SUBMISSION;EMERALDS;SEASHELLS;10007;8
456600;SUBMISSION;;TOMATOES;SEASHELLS;5003;3
457100;SUBMISSION;;EMERALDS;SEASHELLS;10000;10
457400;SUBMISSION;;TOMATOES;SEASHELLS;5000;6
457800;SUBMISSION;;EMERALDS;SEASHELLS;9993;8
458000;SUBMISSION;;TOMATOES;SEASHELLS;5001;5
458300;SUBMISSION;;TOMATOES;SEASHELLS;5002;3
459000;;SUBMISSION;TOMATOES;SEASHELLS;5006;5
459200;;SUBMISSION;TOMATOES;SEASHELLS;5005;3
459700;;SUBMISSION;EMERALDS;SEASHELLS;10007;8
460900;SUBMISSION;;TOMATOES;SEASHELLS;4993;4
462000;SUBMISSION;;TOMATOES;SEASHELLS;4999;9
463900;;SUBMISSION;TOMATOES;SEASHELLS;5007;5
464700;SUBMISSION;;TOMATOES;SEASHELLS;4999;7
467000;SUBMISSION;;TOMATOES;SEASHELLS;5000;4
467600;SUBMISSION;;TOMATOES;SEASHELLS;4996;5
469700;SUBMISSION;;TOMATOES;SEASHELLS;4992;2
472400;;SUBMISSION;TOMATOES;SEASHELLS;5001;10
473100;;SUBMISSION;EMERALDS;SEASHELLS;10007;6
474600;SUBMISSION;;TOMATOES;SEASHELLS;4995;2
475300;;SUBMISSION;TOMATOES;SEASHELLS;5007;2
476100;SUBMISSION;;TOMATOES;SEASHELLS;4998;12
479300;;SUBMISSION;TOMATOES;SEASHELLS;5002;4
480500;;SUBMISSION;TOMATOES;SEASHELLS;5004;4
482700;SUBMISSION;;TOMATOES;SEASHELLS;4996;10
484700;SUBMISSION;;TOMATOES;SEASHELLS;4993;11
485700;;SUBMISSION;TOMATOES;SEASHELLS;4999;5
485900;SUBMISSION;;TOMATOES;SEASHELLS;4994;5
488400;SUBMISSION;;TOMATOES;SEASHELLS;4988;4
488800;SUBMISSION;;EMERALDS;SEASHELLS;10000;7
488900;SUBMISSION;;TOMATOES;SEASHELLS;4987;5
490800;SUBMISSION;;TOMATOES;SEASHELLS;4987;5
491600;SUBMISSION;;EMERALDS;SEASHELLS;9993;5
491900;SUBMISSION;;EMERALDS;SEASHELLS;9993;5
492400;;SUBMISSION;TOMATOES;SEASHELLS;5001;4
492800;;SUBMISSION;TOMATOES;SEASHELLS;4994;4
492900;;SUBMISSION;TOMATOES;SEASHELLS;4995;11
493300;SUBMISSION;;EMERALDS;SEASHELLS;9993;6
496700;SUBMISSION;;TOMATOES;SEASHELLS;4985;5
497600;;SUBMISSION;TOMATOES;SEASHELLS;4993;9
497600;;SUBMISSION;TOMATOES;SEASHELLS;4993;2
497900;SUBMISSION;;TOMATOES;SEASHELLS;4986;3
499000;SUBMISSION;;TOMATOES;SEASHELLS;4988;4
502900;;SUBMISSION;TOMATOES;SEASHELLS;4998;4
503100;SUBMISSION;;TOMATOES;SEASHELLS;4991;7
503800;SUBMISSION;;TOMATOES;SEASHELLS;4993;4
504900;;SUBMISSION;TOMATOES;SEASHELLS;4997;4
506800;SUBMISSION;;TOMATOES;SEASHELLS;4987;3
507200;SUBMISSION;;EMERALDS;SEASHELLS;9993;6
510400;SUBMISSION;;TOMATOES;SEASHELLS;4992;11
511100;SUBMISSION;;TOMATOES;SEASHELLS;4988;4
513100;;SUBMISSION;TOMATOES;SEASHELLS;4994;9
513900;SUBMISSION;;TOMATOES;SEASHELLS;4991;6
517600;SUBMISSION;;EMERALDS;SEASHELLS;9993;6
517700;;SUBMISSION;EMERALDS;SEASHELLS;10007;3
519500;;SUBMISSION;EMERALDS;SEASHELLS;10000;8
520600;;SUBMISSION;TOMATOES;SEASHELLS;5000;4
521000;;SUBMISSION;EMERALDS;SEASHELLS;10007;4
522600;SUBMISSION;;TOMATOES;SEASHELLS;4989;5
524100;SUBMISSION;;EMERALDS;SEASHELLS;9993;4
525700;SUBMISSION;;TOMATOES;SEASHELLS;4993;5
527600;SUBMISSION;;EMERALDS;SEASHELLS;9993;4
527700;SUBMISSION;;TOMATOES;SEASHELLS;4985;5
527900;;SUBMISSION;EMERALDS;SEASHELLS;10000;9
529400;SUBMISSION;;TOMATOES;SEASHELLS;4989;3
529600;SUBMISSION;;EMERALDS;SEASHELLS;9993;3
530800;;SUBMISSION;TOMATOES;SEASHELLS;4993;2
533600;;SUBMISSION;TOMATOES;SEASHELLS;4995;4
535200;SUBMISSION;;EMERALDS;SEASHELLS;9993;3
536100;;SUBMISSION;TOMATOES;SEASHELLS;5006;5
536500;;SUBMISSION;TOMATOES;SEASHELLS;4998;3
540000;SUBMISSION;;TOMATOES;SEASHELLS;4997;5
540700;;SUBMISSION;TOMATOES;SEASHELLS;5003;9
540700;;SUBMISSION;TOMATOES;SEASHELLS;5002;3
543000;;SUBMISSION;TOMATOES;SEASHELLS;5004;5
544200;SUBMISSION;;TOMATOES;SEASHELLS;4999;3
545500;SUBMISSION;;TOMATOES;SEASHELLS;5002;5
546000;;SUBMISSION;TOMATOES;SEASHELLS;5008;8
546500;;SUBMISSION;EMERALDS;SEASHELLS;10000;8
548300;;SUBMISSION;TOMATOES;SEASHELLS;5012;4
549100;;SUBMISSION;EMERALDS;SEASHELLS;10007;6
550700;SUBMISSION;;TOMATOES;SEASHELLS;5005;4
551500;SUBMISSION;;EMERALDS;SEASHELLS;9993;5
553700;;SUBMISSION;TOMATOES;SEASHELLS;5011;4
554300;SUBMISSION;;TOMATOES;SEASHELLS;4999;3
555900;SUBMISSION;;TOMATOES;SEASHELLS;5004;11
562200;;SUBMISSION;EMERALDS;SEASHELLS;10007;7
563000;;SUBMISSION;TOMATOES;SEASHELLS;5010;5
563200;SUBMISSION;;TOMATOES;SEASHELLS;5003;7
564800;SUBMISSION;;TOMATOES;SEASHELLS;5002;5
566200;SUBMISSION;;EMERALDS;SEASHELLS;9993;5
567100;SUBMISSION;;TOMATOES;SEASHELLS;4993;2
568600;SUBMISSION;;TOMATOES;SEASHELLS;4990;4
569000;SUBMISSION;;TOMATOES;SEASHELLS;4994;5
569200;;SUBMISSION;EMERALDS;SEASHELLS;10007;4
569800;;SUBMISSION;TOMATOES;SEASHELLS;4999;11
576300;SUBMISSION;;EMERALDS;SEASHELLS;9993;8
576300;;SUBMISSION;TOMATOES;SEASHELLS;5007;4
579800;;SUBMISSION;TOMATOES;SEASHELLS;5001;5
587300;SUBMISSION;;TOMATOES;SEASHELLS;4999;9
588300;SUBMISSION;;TOMATOES;SEASHELLS;5000;5
588900;SUBMISSION;;EMERALDS;SEASHELLS;9993;5
590800;SUBMISSION;;TOMATOES;SEASHELLS;4996;5
591600;SUBMISSION;;TOMATOES;SEASHELLS;4994;2
592000;;SUBMISSION;TOMATOES;SEASHELLS;5005;5
592200;;SUBMISSION;EMERALDS;SEASHELLS;10007;3
593000;;SUBMISSION;TOMATOES;SEASHELLS;5007;2
593200;;SUBMISSION;EMERALDS;SEASHELLS;10007;5
595200;;SUBMISSION;EMERALDS;SEASHELLS;10007;6
595300;;SUBMISSION;TOMATOES;SEASHELLS;5001;6
596300;SUBMISSION;;EMERALDS;SEASHELLS;9993;3
598100;;SUBMISSION;EMERALDS;SEASHELLS;10007;5
602100;SUBMISSION;;TOMATOES;SEASHELLS;5001;4
602500;;SUBMISSION;TOMATOES;SEASHELLS;5014;3
602700;;SUBMISSION;TOMATOES;SEASHELLS;5006;6
603300;;SUBMISSION;TOMATOES;SEASHELLS;5016;2
604600;;SUBMISSION;EMERALDS;SEASHELLS;10007;7
605000;SUBMISSION;;EMERALDS;SEASHELLS;10000;6
608700;;SUBMISSION;TOMATOES;SEASHELLS;5011;5
609700;SUBMISSION;;TOMATOES;SEASHELLS;4997;2
610200;;SUBMISSION;TOMATOES;SEASHELLS;5006;5
610800;SUBMISSION;;TOMATOES;SEASHELLS;5005;2
611100;SUBMISSION;;EMERALDS;SEASHELLS;9993;6
611300;;SUBMISSION;TOMATOES;SEASHELLS;5012;4
616900;SUBMISSION;;EMERALDS;SEASHELLS;9993;7
617700;SUBMISSION;;TOMATOES;SEASHELLS;4997;9
619000;SUBMISSION;;EMERALDS;SEASHELLS;9993;5
619700;;SUBMISSION;TOMATOES;SEASHELLS;5008;3
622200;;SUBMISSION;EMERALDS;SEASHELLS;10000;10
622800;SUBMISSION;;TOMATOES;SEASHELLS;5002;10
623300;;SUBMISSION;TOMATOES;SEASHELLS;5003;11
624900;SUBMISSION;;TOMATOES;SEASHELLS;4997;4
625300;SUBMISSION;;TOMATOES;SEASHELLS;4998;10
625800;;SUBMISSION;TOMATOES;SEASHELLS;5007;5
626200;SUBMISSION;;TOMATOES;SEASHELLS;4997;5
626500;;SUBMISSION;TOMATOES;SEASHELLS;5009;4
627400;SUBMISSION;;EMERALDS;SEASHELLS;9993;7
632600;;SUBMISSION;EMERALDS;SEASHELLS;10007;7
633300;;SUBMISSION;TOMATOES;SEASHELLS;5007;5
633400;SUBMISSION;;EMERALDS;SEASHELLS;9993;4
635000;;SUBMISSION;EMERALDS;SEASHELLS;10007;6
636300;SUBMISSION;;EMERALDS;SEASHELLS;9993;8
636900;;SUBMISSION;TOMATOES;SEASHELLS;5013;4
637100;SUBMISSION;;EMERALDS;SEASHELLS;9993;5
638000;SUBMISSION;;TOMATOES;SEASHELLS;5004;7
641000;;SUBMISSION;TOMATOES;SEASHELLS;5007;6
643800;;SUBMISSION;TOMATOES;SEASHELLS;5014;5
645300;;SUBMISSION;EMERALDS;SEASHELLS;10000;10
645600;;SUBMISSION;TOMATOES;SEASHELLS;5018;5
646000;;SUBMISSION;TOMATOES;SEASHELLS;5019;3
647000;;SUBMISSION;TOMATOES;SEASHELLS;5012;6
647900;;SUBMISSION;TOMATOES;SEASHELLS;5011;6
650600;SUBMISSION;;EMERALDS;SEASHELLS;9993;4
651300;;SUBMISSION;EMERALDS;SEASHELLS;10007;5
652200;;SUBMISSION;TOMATOES;SEASHELLS;5016;9
655400;SUBMISSION;;EMERALDS;SEASHELLS;9993;7
656300;SUBMISSION;;EMERALDS;SEASHELLS;9993;4
656600;;SUBMISSION;TOMATOES;SEASHELLS;5020;5
658800;SUBMISSION;;TOMATOES;SEASHELLS;5016;7
660400;;SUBMISSION;EMERALDS;SEASHELLS;10000;7
661500;;SUBMISSION;EMERALDS;SEASHELLS;10007;3
662600;SUBMISSION;;EMERALDS;SEASHELLS;9993;6
663000;;SUBMISSION;EMERALDS;SEASHELLS;10007;8
663800;;SUBMISSION;TOMATOES;SEASHELLS;5018;3
665700;SUBMISSION;;EMERALDS;SEASHELLS;9993;4
665700;SUBMISSION;;TOMATOES;SEASHELLS;5013;2
666200;;SUBMISSION;TOMATOES;SEASHELLS;5021;6
666400;SUBMISSION;;TOMATOES;SEASHELLS;5015;5
669400;SUBMISSION;;TOMATOES;SEASHELLS;5012;3
671200;SUBMISSION;;TOMATOES;SEASHELLS;5016;3
672400;SUBMISSION;;TOMATOES;SEASHELLS;5013;3
672600;SUBMISSION;;TOMATOES;SEASHELLS;5006;2
673200;;SUBMISSION;TOMATOES;SEASHELLS;5018;5
673800;SUBMISSION;;TOMATOES;SEASHELLS;5015;2
673800;;SUBMISSION;TOMATOES;SEASHELLS;5019;5
674200;;SUBMISSION;TOMATOES;SEASHELLS;5017;5
674500;;SUBMISSION;EMERALDS;SEASHELLS;10007;8
675500;;SUBMISSION;TOMATOES;SEASHELLS;5015;5
677900;;SUBMISSION;EMERALDS;SEASHELLS;10007;6
678500;SUBMISSION;;EMERALDS;SEASHELLS;9993;6
678800;SUBMISSION;;EMERALDS;SEASHELLS;9993;7
679500;SUBMISSION;;TOMATOES;SEASHELLS;5006;6
680000;SUBMISSION;;TOMATOES;SEASHELLS;5006;5
681200;SUBMISSION;;TOMATOES;SEASHELLS;5002;2
682000;;SUBMISSION;TOMATOES;SEASHELLS;5008;7
682100;SUBMISSION;;EMERALDS;SEASHELLS;9993;4
683300;SUBMISSION;;TOMATOES;SEASHELLS;5005;5
684400;;SUBMISSION;TOMATOES;SEASHELLS;5011;3
684800;SUBMISSION;;TOMATOES;SEASHELLS;5001;5
685300;;SUBMISSION;EMERALDS;SEASHELLS;10007;3
685600;SUBMISSION;;EMERALDS;SEASHELLS;9993;3
686700;SUBMISSION;;TOMATOES;SEASHELLS;4999;3
687300;;SUBMISSION;TOMATOES;SEASHELLS;5009;4
688200;SUBMISSION;;TOMATOES;SEASHELLS;4996;3
689600;SUBMISSION;;TOMATOES;SEASHELLS;4999;6
690000;SUBMISSION;;TOMATOES;SEASHELLS;4993;2
691700;SUBMISSION;;TOMATOES;SEASHELLS;4990;4
697200;SUBMISSION;;TOMATOES;SEASHELLS;4996;3
697500;SUBMISSION;;TOMATOES;SEASHELLS;4994;11
697900;;SUBMISSION;TOMATOES;SEASHELLS;5001;5
698000;;SUBMISSION;EMERALDS;SEASHELLS;10007;3
698400;SUBMISSION;;TOMATOES;SEASHELLS;4989;3
701000;SUBMISSION;;TOMATOES;SEASHELLS;4991;9
701300;SUBMISSION;;TOMATOES;SEASHELLS;4988;5
702600;;SUBMISSION;TOMATOES;SEASHELLS;4999;3
703300;SUBMISSION;;EMERALDS;SEASHELLS;9993;4
707100;SUBMISSION;;EMERALDS;SEASHELLS;9993;6
707400;;SUBMISSION;TOMATOES;SEASHELLS;4995;5
707500;SUBMISSION;;EMERALDS;SEASHELLS;9993;4
709000;SUBMISSION;;TOMATOES;SEASHELLS;4989;3
709100;SUBMISSION;;TOMATOES;SEASHELLS;4990;2
710100;;SUBMISSION;TOMATOES;SEASHELLS;5000;7
711900;SUBMISSION;;TOMATOES;SEASHELLS;4994;4
714600;;SUBMISSION;TOMATOES;SEASHELLS;5002;5
714700;;SUBMISSION;TOMATOES;SEASHELLS;5007;4
714800;;SUBMISSION;TOMATOES;SEASHELLS;5008;4
715800;;SUBMISSION;TOMATOES;SEASHELLS;5002;5
716800;;SUBMISSION;EMERALDS;SEASHELLS;10000;7
717600;;SUBMISSION;TOMATOES;SEASHELLS;5004;4
718700;SUBMISSION;;TOMATOES;SEASHELLS;5000;2
721700;SUBMISSION;;TOMATOES;SEASHELLS;4999;2
722900;SUBMISSION;;TOMATOES;SEASHELLS;4998;5
723200;;SUBMISSION;TOMATOES;SEASHELLS;5009;4
724400;SUBMISSION;;TOMATOES;SEASHELLS;4996;3
726100;SUBMISSION;;TOMATOES;SEASHELLS;5000;12
726700;;SUBMISSION;EMERALDS;SEASHELLS;10000;7
727100;SUBMISSION;;EMERALDS;SEASHELLS;9993;6
727100;SUBMISSION;;TOMATOES;SEASHELLS;5002;2
727800;SUBMISSION;;TOMATOES;SEASHELLS;4997;4
731400;;SUBMISSION;TOMATOES;SEASHELLS;5010;4
731700;;SUBMISSION;EMERALDS;SEASHELLS;10007;4
735200;SUBMISSION;;TOMATOES;SEASHELLS;5003;5
735300;;SUBMISSION;TOMATOES;SEASHELLS;5011;5
737600;;SUBMISSION;TOMATOES;SEASHELLS;5010;4
737700;SUBMISSION;;TOMATOES;SEASHELLS;4998;2
738800;;SUBMISSION;TOMATOES;SEASHELLS;5010;2
739000;SUBMISSION;;TOMATOES;SEASHELLS;4999;4
740700;;SUBMISSION;TOMATOES;SEASHELLS;5009;5
741900;;SUBMISSION;EMERALDS;SEASHELLS;10007;5
743300;SUBMISSION;;TOMATOES;SEASHELLS;5002;9
744900;;SUBMISSION;EMERALDS;SEASHELLS;10007;3
745000;;SUBMISSION;EMERALDS;SEASHELLS;10007;8
745700;;SUBMISSION;TOMATOES;SEASHELLS;5007;2
746300;SUBMISSION;;TOMATOES;SEASHELLS;5002;3
748000;SUBMISSION;;TOMATOES;SEASHELLS;4996;3
748600;SUBMISSION;;EMERALDS;SEASHELLS;9993;8
750000;SUBMISSION;;TOMATOES;SEASHELLS;4996;2
750300;;SUBMISSION;TOMATOES;SEASHELLS;5002;8
752500;SUBMISSION;;TOMATOES;SEASHELLS;5000;12
753400;SUBMISSION;;TOMATOES;SEASHELLS;4997;3
754400;;SUBMISSION;TOMATOES;SEASHELLS;5002;8
755700;SUBMISSION;;TOMATOES;SEASHELLS;4999;8
757800;;SUBMISSION;TOMATOES;SEASHELLS;5008;3
758400;SUBMISSION;;TOMATOES;SEASHELLS;4998;3
761000;;SUBMISSION;EMERALDS;SEASHELLS;10007;8
762100;;SUBMISSION;TOMATOES;SEASHELLS;5006;6
762900;;SUBMISSION;TOMATOES;SEASHELLS;5008;9
764400;;SUBMISSION;TOMATOES;SEASHELLS;5006;10
764500;;SUBMISSION;TOMATOES;SEASHELLS;5006;6
766500;;SUBMISSION;EMERALDS;SEASHELLS;10007;3
767000;SUBMISSION;;TOMATOES;SEASHELLS;5006;2
767700;SUBMISSION;;TOMATOES;SEASHELLS;5008;3
767900;SUBMISSION;;TOMATOES;SEASHELLS;5008;3
768400;SUBMISSION;;TOMATOES;SEASHELLS;5008;3
768700;;SUBMISSION;TOMATOES;SEASHELLS;5012;5
771200;SUBMISSION;;TOMATOES;SEASHELLS;5008;2
773400;;SUBMISSION;TOMATOES;SEASHELLS;5021;4
775500;;SUBMISSION;TOMATOES;SEASHELLS;5023;4
777500;;SUBMISSION;TOMATOES;SEASHELLS;5020;12
778600;SUBMISSION;;TOMATOES;SEASHELLS;5013;3
780100;;SUBMISSION;TOMATOES;SEASHELLS;5019;8
780900;;SUBMISSION;TOMATOES;SEASHELLS;5025;3
782200;SUBMISSION;;TOMATOES;SEASHELLS;5017;7
783400;;SUBMISSION;EMERALDS;SEASHELLS;10007;7
783800;SUBMISSION;;TOMATOES;SEASHELLS;5014;7
784200;;SUBMISSION;TOMATOES;SEASHELLS;5022;3
784400;SUBMISSION;;TOMATOES;SEASHELLS;5014;5
784800;SUBMISSION;;TOMATOES;SEASHELLS;5016;2
786500;;SUBMISSION;TOMATOES;SEASHELLS;5022;3
788800;;SUBMISSION;TOMATOES;SEASHELLS;5016;3
790700;SUBMISSION;;EMERALDS;SEASHELLS;10000;10
792000;;SUBMISSION;EMERALDS;SEASHELLS;10007;4
792200;SUBMISSION;;TOMATOES;SEASHELLS;5016;9
793100;;SUBMISSION;TOMATOES;SEASHELLS;5018;6
793300;;SUBMISSION;TOMATOES;SEASHELLS;5024;5
794800;SUBMISSION;;TOMATOES;SEASHELLS;5015;6
796100;;SUBMISSION;TOMATOES;SEASHELLS;5024;5
797300;;SUBMISSION;TOMATOES;SEASHELLS;5024;2
797800;SUBMISSION;;EMERALDS;SEASHELLS;9993;8
797800;;SUBMISSION;TOMATOES;SEASHELLS;5018;6
798900;;SUBMISSION;TOMATOES;SEASHELLS;5019;6
799100;;SUBMISSION;TOMATOES;SEASHELLS;5027;5
799300;SUBMISSION;;TOMATOES;SEASHELLS;5016;4
800000;;SUBMISSION;TOMATOES;SEASHELLS;5019;2
800400;;SUBMISSION;TOMATOES;SEASHELLS;5025;3
803000;;SUBMISSION;TOMATOES;SEASHELLS;5024;3
806200;SUBMISSION;;EMERALDS;SEASHELLS;9993;7
808200;SUBMISSION;;TOMATOES;SEASHELLS;5016;4
808900;SUBMISSION;;EMERALDS;SEASHELLS;9993;3
808900;;SUBMISSION;TOMATOES;SEASHELLS;5023;8
808900;;SUBMISSION;TOMATOES;SEASHELLS;5023;3
811500;SUBMISSION;;EMERALDS;SEASHELLS;9993;5
811700;SUBMISSION;;TOMATOES;SEASHELLS;5019;7
811900;;SUBMISSION;TOMATOES;SEASHELLS;5026;5
814600;;SUBMISSION;TOMATOES;SEASHELLS;5024;3
815100;;SUBMISSION;TOMATOES;SEASHELLS;5032;5
815300;;SUBMISSION;TOMATOES;SEASHELLS;5033;2
817800;SUBMISSION;;EMERALDS;SEASHELLS;9993;4
817900;;SUBMISSION;TOMATOES;SEASHELLS;5028;6
818700;;SUBMISSION;EMERALDS;SEASHELLS;10000;5
818800;SUBMISSION;;TOMATOES;SEASHELLS;5025;2
820400;;SUBMISSION;TOMATOES;SEASHELLS;5029;5
822100;SUBMISSION;;EMERALDS;SEASHELLS;9993;4
822100;SUBMISSION;;TOMATOES;SEASHELLS;5024;5
822200;SUBMISSION;;TOMATOES;SEASHELLS;5024;3
822500;;SUBMISSION;EMERALDS;SEASHELLS;10007;7
822700;;SUBMISSION;EMERALDS;SEASHELLS;10007;7
823100;;SUBMISSION;EMERALDS;SEASHELLS;10007;3
824000;SUBMISSION;;EMERALDS;SEASHELLS;9993;6
825300;;SUBMISSION;TOMATOES;SEASHELLS;5033;4
826800;SUBMISSION;;EMERALDS;SEASHELLS;9993;6
829300;SUBMISSION;;TOMATOES;SEASHELLS;5019;3
830400;;SUBMISSION;TOMATOES;SEASHELLS;5031;4
831200;;SUBMISSION;TOMATOES;SEASHELLS;5027;10
832400;SUBMISSION;;TOMATOES;SEASHELLS;5021;5
832600;SUBMISSION;;TOMATOES;SEASHELLS;5023;3
832800;SUBMISSION;;TOMATOES;SEASHELLS;5021;6
833200;SUBMISSION;;TOMATOES;SEASHELLS;5017;3
833500;;SUBMISSION;TOMATOES;SEASHELLS;5030;5
834700;;SUBMISSION;EMERALDS;SEASHELLS;10007;8
835200;SUBMISSION;;TOMATOES;SEASHELLS;5020;8
835800;SUBMISSION;;TOMATOES;SEASHELLS;5022;5
837600;;SUBMISSION;EMERALDS;SEASHELLS;10007;7
837800;SUBMISSION;;TOMATOES;SEASHELLS;5017;6
838600;SUBMISSION;;TOMATOES;SEASHELLS;5019;3
839200;;SUBMISSION;EMERALDS;SEASHELLS;10007;3
840100;SUBMISSION;;TOMATOES;SEASHELLS;5018;2
842500;SUBMISSION;;TOMATOES;SEASHELLS;5018;3
843600;SUBMISSION;;TOMATOES;SEASHELLS;5018;2
845200;SUBMISSION;;TOMATOES;SEASHELLS;5012;2
845400;SUBMISSION;;TOMATOES;SEASHELLS;5016;6
846300;SUBMISSION;;TOMATOES;SEASHELLS;5012;2
846400;SUBMISSION;;TOMATOES;SEASHELLS;5012;4
847300;SUBMISSION;;TOMATOES;SEASHELLS;5016;12
848000;;SUBMISSION;EMERALDS;SEASHELLS;10007;7
848300;SUBMISSION;;TOMATOES;SEASHELLS;5012;5
848700;;SUBMISSION;TOMATOES;SEASHELLS;5020;12
849500;SUBMISSION;;EMERALDS;SEASHELLS;9993;6
850700;;SUBMISSION;TOMATOES;SEASHELLS;5019;4
851000;;SUBMISSION;EMERALDS;SEASHELLS;10007;7
851300;SUBMISSION;;TOMATOES;SEASHELLS;5016;5
851600;;SUBMISSION;TOMATOES;SEASHELLS;5022;5
852000;;SUBMISSION;TOMATOES;SEASHELLS;5022;6
853300;SUBMISSION;;EMERALDS;SEASHELLS;10000;9
853700;;SUBMISSION;TOMATOES;SEASHELLS;5028;5
855100;SUBMISSION;;TOMATOES;SEASHELLS;5018;4
856000;;SUBMISSION;TOMATOES;SEASHELLS;5031;2
856600;;SUBMISSION;TOMATOES;SEASHELLS;5031;4
857300;;SUBMISSION;TOMATOES;SEASHELLS;5023;6
857700;;SUBMISSION;TOMATOES;SEASHELLS;5024;6
858000;;SUBMISSION;TOMATOES;SEASHELLS;5024;5
858500;;SUBMISSION;TOMATOES;SEASHELLS;5032;5
860200;SUBMISSION;;TOMATOES;SEASHELLS;5020;2
860400;;SUBMISSION;TOMATOES;SEASHELLS;5032;5
861500;SUBMISSION;;TOMATOES;SEASHELLS;5021;3
862300;SUBMISSION;;TOMATOES;SEASHELLS;5022;5
864100;SUBMISSION;;TOMATOES;SEASHELLS;5024;5
864800;;SUBMISSION;TOMATOES;SEASHELLS;5029;5
864900;SUBMISSION;;EMERALDS;SEASHELLS;9993;5
864900;;SUBMISSION;TOMATOES;SEASHELLS;5037;4
867600;;SUBMISSION;TOMATOES;SEASHELLS;5031;11
867700;;SUBMISSION;TOMATOES;SEASHELLS;5037;5
868200;SUBMISSION;;EMERALDS;SEASHELLS;9993;5
868300;;SUBMISSION;TOMATOES;SEASHELLS;5038;5
868600;SUBMISSION;;TOMATOES;SEASHELLS;5026;4
870100;SUBMISSION;;TOMATOES;SEASHELLS;5026;12
870400;;SUBMISSION;EMERALDS;SEASHELLS;10007;7
870900;SUBMISSION;;TOMATOES;SEASHELLS;5024;10
871000;SUBMISSION;;TOMATOES;SEASHELLS;5027;2
871800;SUBMISSION;;TOMATOES;SEASHELLS;5019;5
873300;;SUBMISSION;TOMATOES;SEASHELLS;5032;3
875100;;SUBMISSION;TOMATOES;SEASHELLS;5027;12
876000;SUBMISSION;;TOMATOES;SEASHELLS;5019;2
882800;;SUBMISSION;TOMATOES;SEASHELLS;5024;6
884000;SUBMISSION;;TOMATOES;SEASHELLS;5022;2
884100;SUBMISSION;;TOMATOES;SEASHELLS;5022;4
886000;SUBMISSION;;TOMATOES;SEASHELLS;5023;5
886600;;SUBMISSION;TOMATOES;SEASHELLS;5035;2
888300;;SUBMISSION;TOMATOES;SEASHELLS;5030;4
889100;SUBMISSION;;TOMATOES;SEASHELLS;5023;2
889800;;SUBMISSION;TOMATOES;SEASHELLS;5029;6
889900;SUBMISSION;;TOMATOES;SEASHELLS;5024;4
890100;SUBMISSION;;TOMATOES;SEASHELLS;5024;3
891100;SUBMISSION;;TOMATOES;SEASHELLS;5022;2
891200;;SUBMISSION;EMERALDS;SEASHELLS;10007;8
893200;SUBMISSION;;TOMATOES;SEASHELLS;5022;4
894700;;SUBMISSION;TOMATOES;SEASHELLS;5037;5
895400;;SUBMISSION;TOMATOES;SEASHELLS;5031;6
896700;;SUBMISSION;TOMATOES;SEASHELLS;5031;2
898100;;SUBMISSION;TOMATOES;SEASHELLS;5039;4
898300;;SUBMISSION;TOMATOES;SEASHELLS;5039;4
898600;;SUBMISSION;TOMATOES;SEASHELLS;5032;6
900000;;SUBMISSION;TOMATOES;SEASHELLS;5036;3
901700;SUBMISSION;;TOMATOES;SEASHELLS;5025;3
902200;;SUBMISSION;TOMATOES;SEASHELLS;5031;3
902500;SUBMISSION;;EMERALDS;SEASHELLS;10000;8
902600;SUBMISSION;;TOMATOES;SEASHELLS;5025;2
906300;;SUBMISSION;TOMATOES;SEASHELLS;5036;5
906500;;SUBMISSION;TOMATOES;SEASHELLS;5037;3
909600;;SUBMISSION;EMERALDS;SEASHELLS;10007;3
910000;SUBMISSION;;TOMATOES;SEASHELLS;5021;4
910800;SUBMISSION;;TOMATOES;SEASHELLS;5021;4
912100;SUBMISSION;;TOMATOES;SEASHELLS;5018;3
913500;SUBMISSION;;TOMATOES;SEASHELLS;5016;5
915800;SUBMISSION;;TOMATOES;SEASHELLS;5018;11
916200;SUBMISSION;;TOMATOES;SEASHELLS;5019;4
916800;SUBMISSION;;TOMATOES;SEASHELLS;5020;5
916900;SUBMISSION;;TOMATOES;SEASHELLS;5020;6
919800;;SUBMISSION;EMERALDS;SEASHELLS;10007;3
920500;;SUBMISSION;TOMATOES;SEASHELLS;5023;6
920800;SUBMISSION;;EMERALDS;SEASHELLS;10000;8
922000;;SUBMISSION;TOMATOES;SEASHELLS;5024;3
923000;SUBMISSION;;TOMATOES;SEASHELLS;5020;2
925800;;SUBMISSION;TOMATOES;SEASHELLS;5026;11
927000;SUBMISSION;;TOMATOES;SEASHELLS;5024;6
927400;SUBMISSION;;EMERALDS;SEASHELLS;9993;5
928500;SUBMISSION;;TOMATOES;SEASHELLS;5024;5
928900;SUBMISSION;;TOMATOES;SEASHELLS;5021;5
931900;;SUBMISSION;TOMATOES;SEASHELLS;5025;5
932900;;SUBMISSION;EMERALDS;SEASHELLS;10007;5
936000;SUBMISSION;;TOMATOES;SEASHELLS;5024;2
937200;;SUBMISSION;TOMATOES;SEASHELLS;5031;4
940200;;SUBMISSION;EMERALDS;SEASHELLS;10007;7
941100;SUBMISSION;;TOMATOES;SEASHELLS;5020;5
941600;SUBMISSION;;EMERALDS;SEASHELLS;10000;8
942400;SUBMISSION;;EMERALDS;SEASHELLS;9993;6
943600;SUBMISSION;;EMERALDS;SEASHELLS;9993;6
945100;;SUBMISSION;TOMATOES;SEASHELLS;5027;4
947200;;SUBMISSION;EMERALDS;SEASHELLS;10007;4
948900;SUBMISSION;;TOMATOES;SEASHELLS;5018;4
949400;;SUBMISSION;EMERALDS;SEASHELLS;10007;6
949800;;SUBMISSION;TOMATOES;SEASHELLS;5019;5
950000;;SUBMISSION;EMERALDS;SEASHELLS;10007;8
950300;SUBMISSION;;TOMATOES;SEASHELLS;5009;2
950600;SUBMISSION;;TOMATOES;SEASHELLS;5007;2
951200;SUBMISSION;;TOMATOES;SEASHELLS;5013;5
951400;SUBMISSION;;TOMATOES;SEASHELLS;5012;3
951900;SUBMISSION;;TOMATOES;SEASHELLS;5009;4
952000;SUBMISSION;;TOMATOES;SEASHELLS;5015;9
952100;SUBMISSION;;TOMATOES;SEASHELLS;5014;5
952400;SUBMISSION;;EMERALDS;SEASHELLS;9993;6
953800;SUBMISSION;;TOMATOES;SEASHELLS;5011;4
954000;SUBMISSION;;TOMATOES;SEASHELLS;5011;2
954600;;SUBMISSION;EMERALDS;SEASHELLS;10007;5
954600;SUBMISSION;;TOMATOES;SEASHELLS;5008;7
957400;;SUBMISSION;EMERALDS;SEASHELLS;10007;8
957800;;SUBMISSION;TOMATOES;SEASHELLS;5019;2
958200;SUBMISSION;;TOMATOES;SEASHELLS;5008;4
960300;;SUBMISSION;EMERALDS;SEASHELLS;10007;4
961000;;SUBMISSION;TOMATOES;SEASHELLS;5016;5
961100;SUBMISSION;;TOMATOES;SEASHELLS;5004;5
962500;;SUBMISSION;TOMATOES;SEASHELLS;5011;7
962800;SUBMISSION;;TOMATOES;SEASHELLS;5004;2
965400;SUBMISSION;;TOMATOES;SEASHELLS;5003;4
965500;;SUBMISSION;TOMATOES;SEASHELLS;5010;8
966900;;SUBMISSION;EMERALDS;SEASHELLS;10007;6
967600;SUBMISSION;;EMERALDS;SEASHELLS;10000;7
968300;;SUBMISSION;TOMATOES;SEASHELLS;5014;4
969000;;SUBMISSION;EMERALDS;SEASHELLS;10007;3
969000;;SUBMISSION;TOMATOES;SEASHELLS;5015;2
969200;SUBMISSION;;TOMATOES;SEASHELLS;5009;5
969800;;SUBMISSION;TOMATOES;SEASHELLS;5016;2
970000;SUBMISSION;;TOMATOES;SEASHELLS;5009;11
971500;;SUBMISSION;TOMATOES;SEASHELLS;5010;2
972700;;SUBMISSION;TOMATOES;SEASHELLS;5015;2
973400;;SUBMISSION;TOMATOES;SEASHELLS;5015;3
973600;SUBMISSION;;TOMATOES;SEASHELLS;5004;2
974400;SUBMISSION;;TOMATOES;SEASHELLS;5008;11
974800;SUBMISSION;;TOMATOES;SEASHELLS;5003;5
976300;SUBMISSION;;TOMATOES;SEASHELLS;5005;5
980300;;SUBMISSION;TOMATOES;SEASHELLS;5018;3
983900;SUBMISSION;;TOMATOES;SEASHELLS;5009;4
984600;SUBMISSION;;TOMATOES;SEASHELLS;5010;2
985400;;SUBMISSION;TOMATOES;SEASHELLS;5015;2
985800;;SUBMISSION;TOMATOES;SEASHELLS;5014;2
986000;SUBMISSION;;EMERALDS;SEASHELLS;10000;7
986100;SUBMISSION;;TOMATOES;SEASHELLS;5003;5
988600;SUBMISSION;;TOMATOES;SEASHELLS;5005;4
989300;;SUBMISSION;TOMATOES;SEASHELLS;5016;2
991500;;SUBMISSION;TOMATOES;SEASHELLS;5016;2
991700;SUBMISSION;;TOMATOES;SEASHELLS;5005;4
992600;;SUBMISSION;TOMATOES;SEASHELLS;5011;6
993000;;SUBMISSION;TOMATOES;SEASHELLS;5012;3
995000;SUBMISSION;;TOMATOES;SEASHELLS;5010;3
995500;SUBMISSION;;EMERALDS;SEASHELLS;10000;8
995500;;SUBMISSION;TOMATOES;SEASHELLS;5011;7
995700;;SUBMISSION;TOMATOES;SEASHELLS;5012;11
998000;SUBMISSION;;TOMATOES;SEASHELLS;5009;4
