timestamp,buyer,seller,symbol,currency,price,quantity
0,SUBMISSION,,HYDROGEL_PACK,XIREC,9966.0,13
0,SUBMISSION,,HYDROGEL_PACK,XIREC,9968.0,6
100,SUBMISSION,,HYDROGEL_PACK,XIREC,9969.0,15
100,SUBMISSION,,HYDROGEL_PACK,XIREC,9971.0,14
200,SUBMISSION,,HYDROGEL_PACK,XIREC,9969.0,14
200,SUBMISSION,,HYDROGEL_PACK,XIREC,9972.0,21
300,SUBMISSION,,HYDROGEL_PACK,XIREC,9968.0,15
300,SUBMISSION,,HYDROGEL_PACK,XIREC,9971.0,23
400,SUBMISSION,,HYDROGEL_PACK,XIREC,9969.0,10
400,SUBMISSION,,HYDROGEL_PACK,XIREC,9972.0,19
600,,SUBMISSION,VEV_5000,XIREC,250.0,12
600,,SUBMISSION,VEV_5100,XIREC,164.0,20
1000,SUBMISSION,,HYDROGEL_PACK,XIREC,9967.0,2
1600,SUBMISSION,,VEV_5100,XIREC,171.0,6
2000,SUBMISSION,,VEV_5000,XIREC,259.0,10
2000,SUBMISSION,,VEV_5100,XIREC,171.0,10
3600,SUBMISSION,,VEV_5100,XIREC,174.0,20
4500,SUBMISSION,,VEV_5000,XIREC,260.0,2
4500,SUBMISSION,,VEV_5100,XIREC,172.0,2
4500,Mark 01,Mark 22,VEV_5400,XIREC,18.0,2
4500,Mark 01,Mark 22,VEV_5500,XIREC,8.0,2
4500,Mark 01,Mark 22,VEV_6000,XIREC,0.0,2
4500,Mark 01,Mark 22,VEV_6500,XIREC,0.0,2
5100,Mark 38,Mark 22,HYDROGEL_PACK,XIREC,9960.0,4
5200,,SUBMISSION,VELVETFRUIT_EXTRACT,XIREC,5251.0,18
5200,,SUBMISSION,VEV_5000,XIREC,256.0,7
5300,Mark 38,Mark 14,VEV_4000,XIREC,1264.0,2
5500,SUBMISSION,,VEV_5100,XIREC,175.0,20
6100,Mark 55,SUBMISSION,VELVETFRUIT_EXTRACT,XIREC,5254.0,3
6200,Mark 38,Mark 14,HYDROGEL_PACK,XIREC,9955.0,5
7500,,SUBMISSION,VEV_5000,XIREC,252.0,3
8200,,SUBMISSION,VEV_5000,XIREC,250.0,25
9400,SUBMISSION,,VELVETFRUIT_EXTRACT,XIREC,5244.0,14
9400,SUBMISSION,Mark 49,VELVETFRUIT_EXTRACT,XIREC,5244.0,8
9400,,SUBMISSION,VEV_5000,XIREC,249.0,10
9400,,SUBMISSION,VEV_5100,XIREC,163.0,20
9500,,SUBMISSION,VEV_5000,XIREC,249.0,15
9500,,SUBMISSION,VEV_5100,XIREC,164.0,8
9600,SUBMISSION,,VEV_5000,XIREC,252.0,4
9600,Mark 01,Mark 22,VEV_5400,XIREC,16.0,4
9600,Mark 01,Mark 22,VEV_5500,XIREC,7.0,4
9600,Mark 01,Mark 22,VEV_6000,XIREC,0.0,4
9600,Mark 01,Mark 22,VEV_6500,XIREC,0.0,4
10300,SUBMISSION,,VELVETFRUIT_EXTRACT,XIREC,5242.0,13
10300,,SUBMISSION,VEV_5000,XIREC,247.0,4
10300,,SUBMISSION,VEV_5100,XIREC,161.0,20
10400,SUBMISSION,,VELVETFRUIT_EXTRACT,XIREC,5240.0,12
10400,SUBMISSION,Mark 49,VELVETFRUIT_EXTRACT,XIREC,5240.0,12
10400,,SUBMISSION,VEV_5100,XIREC,160.0,10
11800,Mark 01,Mark 22,VEV_5500,XIREC,7.0,4
11800,Mark 01,Mark 22,VEV_6000,XIREC,0.0,4
11800,Mark 01,Mark 22,VEV_6500,XIREC,0.0,4
12800,SUBMISSION,,VELVETFRUIT_EXTRACT,XIREC,5241.0,3
12800,,SUBMISSION,VEV_5100,XIREC,158.0,20
12900,SUBMISSION,,VELVETFRUIT_EXTRACT,XIREC,5242.0,1
12900,,SUBMISSION,VEV_5100,XIREC,159.0,8
13100,SUBMISSION,,VELVETFRUIT_EXTRACT,XIREC,5242.0,2
13200,SUBMISSION,,VELVETFRUIT_EXTRACT,XIREC,5242.0,1
13300,SUBMISSION,,VELVETFRUIT_EXTRACT,XIREC,5241.0,4
13300,,SUBMISSION,VEV_5100,XIREC,158.0,2
13400,SUBMISSION,,VELVETFRUIT_EXTRACT,XIREC,5241.0,5
13500,SUBMISSION,,VELVETFRUIT_EXTRACT,XIREC,5241.0,4
13600,SUBMISSION,,VELVETFRUIT_EXTRACT,XIREC,5239.0,8
13700,SUBMISSION,,VELVETFRUIT_EXTRACT,XIREC,5241.0,4
13800,SUBMISSION,,VELVETFRUIT_EXTRACT,XIREC,5241.0,4
13900,SUBMISSION,,VELVETFRUIT_EXTRACT,XIREC,5239.0,8
14000,SUBMISSION,,VELVETFRUIT_EXTRACT,XIREC,5240.0,7
14100,SUBMISSION,,VELVETFRUIT_EXTRACT,XIREC,5239.0,8
14200,SUBMISSION,,VELVETFRUIT_EXTRACT,XIREC,5238.0,10
14300,SUBMISSION,,VELVETFRUIT_EXTRACT,XIREC,5238.0,7
14300,Mark 55,Mark 01,VELVETFRUIT_EXTRACT,XIREC,5238.0,6
14400,SUBMISSION,,VELVETFRUIT_EXTRACT,XIREC,5236.0,7
14800,SUBMISSION,Mark 55,VELVETFRUIT_EXTRACT,XIREC,5233.0,6
14800,SUBMISSION,,VEV_4000,XIREC,1234.0,4
14800,SUBMISSION,,VEV_4500,XIREC,734.0,4
14800,SUBMISSION,,VEV_5000,XIREC,241.0,4
14800,Mark 01,Mark 22,VEV_5300,XIREC,42.0,4
14800,Mark 01,Mark 22,VEV_5400,XIREC,14.0,4
14800,Mark 01,Mark 22,VEV_5500,XIREC,6.0,4
14800,Mark 01,Mark 22,VEV_6000,XIREC,0.0,4
14800,Mark 01,Mark 22,VEV_6500,XIREC,0.0,4
15000,Mark 38,Mark 14,HYDROGEL_PACK,XIREC,9966.0,4
16300,SUBMISSION,,VELVETFRUIT_EXTRACT,XIREC,5231.0,2
16300,,SUBMISSION,VEV_5000,XIREC,236.0,4
16700,SUBMISSION,,VEV_4000,XIREC,1231.0,2
16700,SUBMISSION,,VEV_4500,XIREC,731.0,2
16700,SUBMISSION,,VEV_5000,XIREC,239.0,2
16700,Mark 14,Mark 38,VEV_4000,XIREC,1221.0,2
16700,Mark 01,Mark 22,VEV_5300,XIREC,41.0,2
16700,Mark 01,Mark 22,VEV_5400,XIREC,14.0,2
16700,Mark 01,Mark 22,VEV_5500,XIREC,6.0,2
16700,Mark 01,Mark 22,VEV_6000,XIREC,0.0,2
16700,Mark 01,Mark 22,VEV_6500,XIREC,0.0,2
16900,SUBMISSION,,VELVETFRUIT_EXTRACT,XIREC,5232.0,1
17000,,SUBMISSION,VEV_5000,XIREC,235.0,2
17100,SUBMISSION,,VELVETFRUIT_EXTRACT,XIREC,5230.0,1
17300,Mark 14,Mark 38,VEV_4000,XIREC,1221.0,1
17400,Mark 67,Mark 22,VELVETFRUIT_EXTRACT,XIREC,5230.0,8
17900,Mark 38,SUBMISSION,VEV_4000,XIREC,1242.0,1
18100,SUBMISSION,,VELVETFRUIT_EXTRACT,XIREC,5234.0,2
18300,SUBMISSION,,VELVETFRUIT_EXTRACT,XIREC,5233.0,2
18400,SUBMISSION,,VELVETFRUIT_EXTRACT,XIREC,5232.0,3
18500,SUBMISSION,,VELVETFRUIT_EXTRACT,XIREC,5231.0,4
18700,SUBMISSION,,VELVETFRUIT_EXTRACT,XIREC,5228.0,3
19300,SUBMISSION,Mark 55,VELVETFRUIT_EXTRACT,XIREC,5227.0,5
20200,SUBMISSION,Mark 55,VELVETFRUIT_EXTRACT,XIREC,5225.0,5
22800,SUBMISSION,Mark 38,HYDROGEL_PACK,XIREC,9947.0,6
24100,SUBMISSION,,VELVETFRUIT_EXTRACT,XIREC,5233.0,11
25700,Mark 38,SUBMISSION,VEV_4000,XIREC,1240.0,3
29300,SUBMISSION,Mark 55,VELVETFRUIT_EXTRACT,XIREC,5238.0,4
30800,SUBMISSION,Mark 38,HYDROGEL_PACK,XIREC,9941.0,2
31400,Mark 38,Mark 14,HYDROGEL_PACK,XIREC,9953.0,3
31700,Mark 55,Mark 01,VELVETFRUIT_EXTRACT,XIREC,5237.0,4
32000,SUBMISSION,Mark 38,HYDROGEL_PACK,XIREC,9939.0,5
32600,Mark 55,Mark 01,VELVETFRUIT_EXTRACT,XIREC,5240.0,5
32800,Mark 67,Mark 22,VELVETFRUIT_EXTRACT,XIREC,5238.0,7
33600,SUBMISSION,Mark 38,HYDROGEL_PACK,XIREC,9949.0,6
36200,Mark 38,SUBMISSION,VEV_4000,XIREC,1243.0,2
36200,Mark 38,Mark 14,VEV_4000,XIREC,1244.0,1
36500,SUBMISSION,Mark 55,VELVETFRUIT_EXTRACT,XIREC,5233.0,7
37400,SUBMISSION,Mark 38,HYDROGEL_PACK,XIREC,9937.0,4
38500,SUBMISSION,,VEV_4000,XIREC,1231.0,5
38500,SUBMISSION,,VEV_4500,XIREC,731.0,5
38500,SUBMISSION,,VEV_5000,XIREC,239.0,3
38500,Mark 01,Mark 22,VEV_5500,XIREC,6.0,5
38500,Mark 01,Mark 22,VEV_6000,XIREC,0.0,5
38500,Mark 01,Mark 22,VEV_6500,XIREC,0.0,5
38700,SUBMISSION,Mark 55,VELVETFRUIT_EXTRACT,XIREC,5229.0,6
38700,Mark 01,Mark 55,VELVETFRUIT_EXTRACT,XIREC,5228.0,2
39400,SUBMISSION,,VELVETFRUIT_EXTRACT,XIREC,5233.0,4
39400,,SUBMISSION,VEV_5000,XIREC,239.0,3
39400,Mark 22,Mark 49,VELVETFRUIT_EXTRACT,XIREC,5234.0,5
39400,Mark 67,Mark 49,VELVETFRUIT_EXTRACT,XIREC,5233.0,9
39800,SUBMISSION,Mark 55,VELVETFRUIT_EXTRACT,XIREC,5233.0,4
40400,SUBMISSION,,VEV_4000,XIREC,1233.0,4
40400,SUBMISSION,,VEV_4500,XIREC,733.0,4
40400,SUBMISSION,,VEV_5000,XIREC,240.0,1
40400,SUBMISSION,,VEV_5000,XIREC,240.0,3
40400,Mark 01,Mark 22,VEV_5300,XIREC,41.0,4
40400,Mark 01,Mark 22,VEV_5400,XIREC,14.0,4
40400,Mark 01,Mark 22,VEV_5500,XIREC,6.0,4
40400,Mark 01,Mark 22,VEV_6000,XIREC,0.0,4
40400,Mark 01,Mark 22,VEV_6500,XIREC,0.0,4
40900,SUBMISSION,,VEV_5000,XIREC,242.0,6
40900,Mark 38,Mark 14,HYDROGEL_PACK,XIREC,9951.0,5
41300,Mark 38,Mark 14,HYDROGEL_PACK,XIREC,9953.0,5
41600,,SUBMISSION,VEV_5000,XIREC,233.0,7
43400,SUBMISSION,,VEV_4000,XIREC,1231.0,5
43400,SUBMISSION,,VEV_4500,XIREC,731.0,5
43400,SUBMISSION,,VEV_5000,XIREC,238.0,1
43400,SUBMISSION,,VEV_5000,XIREC,238.0,4
43400,Mark 01,Mark 22,VEV_5400,XIREC,13.0,5
43400,Mark 01,Mark 22,VEV_5500,XIREC,6.0,5
43400,Mark 01,Mark 22,VEV_6000,XIREC,0.0,5
43400,Mark 01,Mark 22,VEV_6500,XIREC,0.0,5
43600,SUBMISSION,Mark 55,VELVETFRUIT_EXTRACT,XIREC,5230.0,2
43600,Mark 01,Mark 55,VELVETFRUIT_EXTRACT,XIREC,5229.0,2
43900,SUBMISSION,Mark 38,HYDROGEL_PACK,XIREC,9953.0,6
44800,SUBMISSION,,VEV_5000,XIREC,252.0,25
44800,SUBMISSION,,VEV_5100,XIREC,165.0,20
45100,SUBMISSION,,VEV_5100,XIREC,166.0,9
45200,SUBMISSION,Mark 38,HYDROGEL_PACK,XIREC,9962.0,2
45400,,SUBMISSION,VEV_5000,XIREC,246.0,9
45400,Mark 67,Mark 22,VELVETFRUIT_EXTRACT,XIREC,5241.0,8
45900,SUBMISSION,,VEV_5100,XIREC,169.0,9
46000,SUBMISSION,,VEV_5100,XIREC,169.0,7
46100,SUBMISSION,,VEV_5100,XIREC,170.0,20
46200,SUBMISSION,,VEV_5000,XIREC,257.0,12
46200,SUBMISSION,,VEV_5100,XIREC,170.0,20
47700,SUBMISSION,Mark 55,VELVETFRUIT_EXTRACT,XIREC,5244.0,2
47700,Mark 01,Mark 55,VELVETFRUIT_EXTRACT,XIREC,5243.0,2
48300,SUBMISSION,Mark 38,HYDROGEL_PACK,XIREC,9961.0,3
48800,SUBMISSION,,VEV_5000,XIREC,254.0,25
48800,SUBMISSION,,VEV_5100,XIREC,166.0,9
48900,SUBMISSION,Mark 55,VELVETFRUIT_EXTRACT,XIREC,5242.0,1
48900,Mark 01,Mark 55,VELVETFRUIT_EXTRACT,XIREC,5241.0,5
49800,SUBMISSION,Mark 55,VELVETFRUIT_EXTRACT,XIREC,5245.0,1
49800,Mark 01,Mark 55,VELVETFRUIT_EXTRACT,XIREC,5244.0,2
49900,SUBMISSION,,VEV_5000,XIREC,256.0,12
49900,SUBMISSION,,VEV_5100,XIREC,169.0,6
50000,SUBMISSION,,VEV_5000,XIREC,256.0,11
50200,Mark 14,Mark 38,VEV_4000,XIREC,1236.0,2
50300,Mark 38,SUBMISSION,VEV_4000,XIREC,1256.0,3
50700,SUBMISSION,,VEV_5000,XIREC,250.0,5
50700,Mark 01,Mark 22,VEV_5400,XIREC,16.0,5
50700,Mark 01,Mark 22,VEV_5500,XIREC,7.0,5
50700,Mark 01,Mark 22,VEV_6000,XIREC,0.0,5
50700,Mark 01,Mark 22,VEV_6500,XIREC,0.0,5
50800,SUBMISSION,,VEV_5000,XIREC,253.0,11
51000,SUBMISSION,,VEV_5000,XIREC,253.0,20
51700,SUBMISSION,Mark 55,VELVETFRUIT_EXTRACT,XIREC,5244.0,1
51700,Mark 14,Mark 55,VELVETFRUIT_EXTRACT,XIREC,5243.0,3
52400,SUBMISSION,Mark 38,HYDROGEL_PACK,XIREC,9962.0,4
52400,Mark 14,Mark 38,HYDROGEL_PACK,XIREC,9961.0,1
52800,Mark 01,Mark 22,VEV_5400,XIREC,16.0,3
52800,Mark 01,Mark 22,VEV_5500,XIREC,7.0,3
52800,Mark 01,Mark 22,VEV_6000,XIREC,0.0,3
52800,Mark 01,Mark 22,VEV_6500,XIREC,0.0,3
53000,SUBMISSION,Mark 38,HYDROGEL_PACK,XIREC,9962.0,3
53000,Mark 14,Mark 38,HYDROGEL_PACK,XIREC,9961.0,1
53400,,SUBMISSION,VEV_5100,XIREC,162.0,7
53400,Mark 14,Mark 22,VEV_5500,XIREC,7.0,2
53400,Mark 01,Mark 22,VEV_6000,XIREC,0.0,2
53400,Mark 01,Mark 22,VEV_6500,XIREC,0.0,2
53500,SUBMISSION,,VEV_5100,XIREC,166.0,7
53800,Mark 38,SUBMISSION,VEV_4000,XIREC,1254.0,2
53800,,SUBMISSION,VEV_5000,XIREC,248.0,8
54400,Mark 14,Mark 38,VEV_4000,XIREC,1234.0,3
55600,SUBMISSION,,VEV_5000,XIREC,254.0,8
57600,Mark 38,SUBMISSION,VEV_4000,XIREC,1256.0,3
59300,SUBMISSION,Mark 38,HYDROGEL_PACK,XIREC,9950.0,2
59300,Mark 14,Mark 38,HYDROGEL_PACK,XIREC,9949.0,2
59600,Mark 14,Mark 55,VELVETFRUIT_EXTRACT,XIREC,5244.0,4
60300,Mark 14,Mark 55,VELVETFRUIT_EXTRACT,XIREC,5245.0,5
61100,Mark 38,Mark 14,HYDROGEL_PACK,XIREC,9961.0,2
61400,Mark 38,Mark 14,HYDROGEL_PACK,XIREC,9962.0,2
62100,Mark 14,Mark 55,VELVETFRUIT_EXTRACT,XIREC,5243.0,6
62600,Mark 38,SUBMISSION,VEV_4000,XIREC,1253.0,1
63100,Mark 38,SUBMISSION,VEV_4000,XIREC,1251.0,3
63200,Mark 38,Mark 14,HYDROGEL_PACK,XIREC,9950.0,5
63200,Mark 14,Mark 55,VELVETFRUIT_EXTRACT,XIREC,5240.0,8
64200,Mark 55,Mark 14,VELVETFRUIT_EXTRACT,XIREC,5245.0,6
64300,SUBMISSION,Mark 38,HYDROGEL_PACK,XIREC,9934.0,2
64300,Mark 14,Mark 38,HYDROGEL_PACK,XIREC,9933.0,2
64900,,SUBMISSION,VEV_5000,XIREC,245.0,12
65400,SUBMISSION,Mark 38,HYDROGEL_PACK,XIREC,9931.0,1
65400,Mark 14,Mark 38,HYDROGEL_PACK,XIREC,9930.0,3
65600,SUBMISSION,,VEV_5000,XIREC,252.0,9
65700,Mark 14,Mark 55,VELVETFRUIT_EXTRACT,XIREC,5240.0,8
65900,SUBMISSION,Mark 38,HYDROGEL_PACK,XIREC,9936.0,1
65900,Mark 14,Mark 38,HYDROGEL_PACK,XIREC,9935.0,1
66900,,SUBMISSION,VEV_5000,XIREC,248.0,10
67300,,SUBMISSION,VEV_5000,XIREC,250.0,10
67400,SUBMISSION,,VEV_5000,XIREC,257.0,10
67700,,SUBMISSION,VELVETFRUIT_EXTRACT,XIREC,5247.0,9
67700,Mark 55,SUBMISSION,VELVETFRUIT_EXTRACT,XIREC,5250.0,4
67700,SUBMISSION,,VEV_5000,XIREC,257.0,13
68000,Mark 38,SUBMISSION,VEV_4000,XIREC,1257.0,2
69500,Mark 14,Mark 38,HYDROGEL_PACK,XIREC,9952.0,2
70500,Mark 14,Mark 38,VEV_4000,XIREC,1232.0,1
71600,,SUBMISSION,VEV_5000,XIREC,244.0,6
71800,,SUBMISSION,VEV_5000,XIREC,244.0,25
73400,SUBMISSION,,VELVETFRUIT_EXTRACT,XIREC,5236.0,4
73400,,SUBMISSION,VEV_5000,XIREC,241.0,25
73400,,SUBMISSION,VEV_5100,XIREC,156.0,20
73400,Mark 22,Mark 49,VELVETFRUIT_EXTRACT,XIREC,5237.0,8
73400,Mark 55,Mark 49,VELVETFRUIT_EXTRACT,XIREC,5236.0,6
73500,Mark 14,Mark 38,HYDROGEL_PACK,XIREC,9966.0,3
74100,SUBMISSION,,VEV_4000,XIREC,1235.0,3
74100,SUBMISSION,,VEV_4500,XIREC,735.0,3
74100,SUBMISSION,,VEV_5000,XIREC,242.0,3
74100,Mark 01,Mark 22,VEV_5300,XIREC,42.0,3
74100,Mark 01,Mark 22,VEV_5400,XIREC,14.0,3
74100,Mark 01,Mark 22,VEV_5500,XIREC,6.0,3
74100,Mark 01,Mark 22,VEV_6000,XIREC,0.0,3
74100,Mark 01,Mark 22,VEV_6500,XIREC,0.0,3
74300,Mark 55,Mark 14,VELVETFRUIT_EXTRACT,XIREC,5238.0,6
74400,SUBMISSION,Mark 55,VELVETFRUIT_EXTRACT,XIREC,5236.0,3
74400,Mark 14,Mark 55,VELVETFRUIT_EXTRACT,XIREC,5235.0,1
75500,,SUBMISSION,VEV_5000,XIREC,243.0,23
76500,,SUBMISSION,VEV_5000,XIREC,241.0,24
76600,Mark 38,Mark 14,HYDROGEL_PACK,XIREC,9995.0,3
77300,Mark 55,Mark 14,VELVETFRUIT_EXTRACT,XIREC,5241.0,8
77500,SUBMISSION,,VEV_5000,XIREC,247.0,6
78300,Mark 14,Mark 38,VEV_4000,XIREC,1229.0,3
78400,,SUBMISSION,VEV_5000,XIREC,243.0,11
78400,,SUBMISSION,VEV_5100,XIREC,157.0,20
78400,Mark 67,Mark 22,VELVETFRUIT_EXTRACT,XIREC,5238.0,7
78500,Mark 38,Mark 14,HYDROGEL_PACK,XIREC,10000.0,4
78600,,SUBMISSION,VEV_5000,XIREC,244.0,11
79000,Mark 14,Mark 38,HYDROGEL_PACK,XIREC,9982.0,3
79800,Mark 38,Mark 14,HYDROGEL_PACK,XIREC,9994.0,6
80700,SUBMISSION,,VEV_5000,XIREC,246.0,6
81300,Mark 14,Mark 38,HYDROGEL_PACK,XIREC,9970.0,6
81500,SUBMISSION,,VEV_5000,XIREC,248.0,14
81500,SUBMISSION,,VEV_5000,XIREC,248.0,11
81700,Mark 38,Mark 14,HYDROGEL_PACK,XIREC,9980.0,3
81900,Mark 38,Mark 14,HYDROGEL_PACK,XIREC,9978.0,2
82300,SUBMISSION,Mark 55,VELVETFRUIT_EXTRACT,XIREC,5236.0,2
82300,Mark 38,Mark 14,HYDROGEL_PACK,XIREC,9977.0,3
82300,Mark 01,Mark 55,VELVETFRUIT_EXTRACT,XIREC,5235.0,1
83200,Mark 55,Mark 01,VELVETFRUIT_EXTRACT,XIREC,5237.0,7
83400,SUBMISSION,,VEV_5000,XIREC,244.0,8
84100,,SUBMISSION,VEV_5100,XIREC,152.0,6
84200,,SUBMISSION,VEV_5100,XIREC,151.0,12
84300,Mark 38,SUBMISSION,VEV_4000,XIREC,1242.0,1
84600,,SUBMISSION,VEV_5000,XIREC,238.0,23
84600,,SUBMISSION,VEV_5100,XIREC,153.0,20
84600,Mark 67,Mark 22,VELVETFRUIT_EXTRACT,XIREC,5233.0,8
85300,SUBMISSION,,VEV_4000,XIREC,1234.0,2
85300,SUBMISSION,,VEV_4500,XIREC,734.0,2
85300,SUBMISSION,,VEV_5000,XIREC,241.0,2
85300,Mark 14,Mark 22,VEV_5300,XIREC,42.0,2
85300,Mark 01,Mark 22,VEV_5400,XIREC,14.0,2
85300,Mark 01,Mark 22,VEV_5500,XIREC,6.0,2
85300,Mark 01,Mark 22,VEV_6000,XIREC,0.0,2
85300,Mark 01,Mark 22,VEV_6500,XIREC,0.0,2
85500,SUBMISSION,,VEV_5000,XIREC,245.0,6
86100,SUBMISSION,,VEV_4000,XIREC,1236.0,5
86100,SUBMISSION,,VEV_4500,XIREC,736.0,5
86100,SUBMISSION,,VEV_5000,XIREC,243.0,5
86100,Mark 01,Mark 22,VEV_5400,XIREC,14.0,5
86100,Mark 01,Mark 22,VEV_5500,XIREC,6.0,5
86100,Mark 01,Mark 22,VEV_6000,XIREC,0.0,5
86100,Mark 01,Mark 22,VEV_6500,XIREC,0.0,5
87900,SUBMISSION,Mark 55,VELVETFRUIT_EXTRACT,XIREC,5240.0,2
87900,Mark 14,Mark 55,VELVETFRUIT_EXTRACT,XIREC,5239.0,1
88500,,SUBMISSION,VEV_5000,XIREC,246.0,7
88500,Mark 67,Mark 22,VELVETFRUIT_EXTRACT,XIREC,5242.0,6
88600,SUBMISSION,,VEV_5000,XIREC,251.0,12
88600,SUBMISSION,,VEV_5100,XIREC,164.0,20
89200,SUBMISSION,,VELVETFRUIT_EXTRACT,XIREC,5241.0,1
89200,,SUBMISSION,VEV_5000,XIREC,246.0,11
89300,Mark 14,Mark 38,VEV_4000,XIREC,1232.0,3
89700,SUBMISSION,,VEV_5100,XIREC,165.0,20
89800,SUBMISSION,,VEV_5000,XIREC,249.0,4
89800,,SUBMISSION,VEV_5100,XIREC,161.0,9
89800,SUBMISSION,,VEV_5100,XIREC,162.0,4
89800,Mark 01,Mark 22,VEV_5300,XIREC,45.0,4
89800,Mark 01,Mark 22,VEV_5400,XIREC,15.0,4
89800,Mark 01,Mark 22,VEV_6000,XIREC,0.0,4
89800,Mark 01,Mark 22,VEV_6500,XIREC,0.0,4
90300,SUBMISSION,,VEV_5000,XIREC,252.0,9
90600,SUBMISSION,,VEV_5000,XIREC,252.0,6
90600,SUBMISSION,,VEV_5100,XIREC,164.0,6
90900,,SUBMISSION,VEV_5000,XIREC,246.0,11
91100,Mark 55,Mark 14,VELVETFRUIT_EXTRACT,XIREC,5244.0,6
92000,Mark 55,Mark 14,VELVETFRUIT_EXTRACT,XIREC,5243.0,8
92100,Mark 14,Mark 38,HYDROGEL_PACK,XIREC,9955.0,4
92500,Mark 14,Mark 38,HYDROGEL_PACK,XIREC,9956.0,2
92600,SUBMISSION,,VEV_5000,XIREC,252.0,7
92700,SUBMISSION,,VEV_5000,XIREC,252.0,9
93200,SUBMISSION,,VEV_5000,XIREC,252.0,6
93200,SUBMISSION,,VEV_5100,XIREC,165.0,20
93700,Mark 55,Mark 01,VELVETFRUIT_EXTRACT,XIREC,5246.0,6
93800,Mark 55,Mark 01,VELVETFRUIT_EXTRACT,XIREC,5246.0,7
93900,SUBMISSION,,VEV_5000,XIREC,253.0,12
94000,SUBMISSION,,VEV_5000,XIREC,254.0,23
94000,SUBMISSION,,VEV_5100,XIREC,166.0,17
94100,SUBMISSION,,VEV_5000,XIREC,254.0,8
94200,SUBMISSION,,VEV_5000,XIREC,253.0,8
94400,Mark 38,Mark 14,HYDROGEL_PACK,XIREC,9974.0,4
94900,,SUBMISSION,VEV_5000,XIREC,248.0,12
95100,SUBMISSION,,VEV_5000,XIREC,253.0,8
95400,SUBMISSION,,VEV_5000,XIREC,252.0,11
95900,,SUBMISSION,VEV_5000,XIREC,244.0,25
95900,,SUBMISSION,VEV_5100,XIREC,159.0,11
96900,SUBMISSION,,VEV_5000,XIREC,253.0,8
96900,SUBMISSION,,VEV_5100,XIREC,166.0,11
97100,Mark 14,Mark 38,HYDROGEL_PACK,XIREC,9950.0,2
98600,Mark 38,Mark 14,HYDROGEL_PACK,XIREC,9962.0,2
99000,Mark 38,Mark 14,HYDROGEL_PACK,XIREC,9961.0,3
99300,,SUBMISSION,VEV_5000,XIREC,249.0,7
100500,Mark 55,Mark 14,VELVETFRUIT_EXTRACT,XIREC,5248.0,4
101200,,SUBMISSION,VELVETFRUIT_EXTRACT,XIREC,5248.0,22
101200,,SUBMISSION,VELVETFRUIT_EXTRACT,XIREC,5247.0,37
101400,Mark 14,Mark 38,HYDROGEL_PACK,XIREC,9936.0,5
101500,Mark 14,Mark 38,HYDROGEL_PACK,XIREC,9935.0,6
102500,Mark 14,Mark 38,VEV_4000,XIREC,1235.0,1
102800,Mark 14,Mark 38,VEV_4000,XIREC,1236.0,1
103100,Mark 38,Mark 14,HYDROGEL_PACK,XIREC,9952.0,4
103500,Mark 14,Mark 38,HYDROGEL_PACK,XIREC,9940.0,3
104400,Mark 55,SUBMISSION,VELVETFRUIT_EXTRACT,XIREC,5251.0,6
105400,,SUBMISSION,VELVETFRUIT_EXTRACT,XIREC,5253.0,4
105500,,SUBMISSION,VELVETFRUIT_EXTRACT,XIREC,5254.0,7
105500,SUBMISSION,,VEV_5000,XIREC,265.0,25
105600,,SUBMISSION,VELVETFRUIT_EXTRACT,XIREC,5255.0,11
105700,,SUBMISSION,VELVETFRUIT_EXTRACT,XIREC,5255.0,12
105700,SUBMISSION,,VEV_5000,XIREC,266.0,4
105800,,SUBMISSION,VELVETFRUIT_EXTRACT,XIREC,5256.0,14
105900,,SUBMISSION,VELVETFRUIT_EXTRACT,XIREC,5255.0,10
106000,,SUBMISSION,VELVETFRUIT_EXTRACT,XIREC,5256.0,16
106100,,SUBMISSION,VELVETFRUIT_EXTRACT,XIREC,5255.0,10
106200,,SUBMISSION,VELVETFRUIT_EXTRACT,XIREC,5256.0,14
106300,,SUBMISSION,VELVETFRUIT_EXTRACT,XIREC,5257.0,17
106400,,SUBMISSION,VELVETFRUIT_EXTRACT,XIREC,5256.0,15
106500,,SUBMISSION,VELVETFRUIT_EXTRACT,XIREC,5257.0,17
106600,,SUBMISSION,VELVETFRUIT_EXTRACT,XIREC,5259.0,9
106600,,SUBMISSION,VELVETFRUIT_EXTRACT,XIREC,5256.0,11
106700,,SUBMISSION,VELVETFRUIT_EXTRACT,XIREC,5257.0,17
106800,,SUBMISSION,VELVETFRUIT_EXTRACT,XIREC,5257.0,17
106900,,SUBMISSION,VELVETFRUIT_EXTRACT,XIREC,5256.0,8
107000,,SUBMISSION,VELVETFRUIT_EXTRACT,XIREC,5257.0,17
107100,,SUBMISSION,VELVETFRUIT_EXTRACT,XIREC,5257.0,18
107100,Mark 14,Mark 38,HYDROGEL_PACK,XIREC,9952.0,5
107200,,SUBMISSION,VELVETFRUIT_EXTRACT,XIREC,5260.0,21
107200,,SUBMISSION,VELVETFRUIT_EXTRACT,XIREC,5259.0,4
107200,,SUBMISSION,VEV_5000,XIREC,264.0,2
107300,,SUBMISSION,VEV_5000,XIREC,264.0,23
107300,SUBMISSION,,VEV_5000,XIREC,271.0,2
107300,,SUBMISSION,VEV_5100,XIREC,176.0,3
107400,,SUBMISSION,VELVETFRUIT_EXTRACT,XIREC,5262.0,5
107400,,SUBMISSION,VEV_5000,XIREC,265.0,6
107400,,SUBMISSION,VEV_5000,XIREC,264.0,13
107400,SUBMISSION,,VEV_5000,XIREC,271.0,6
107400,,SUBMISSION,VEV_5100,XIREC,176.0,5
107400,SUBMISSION,,VEV_5100,XIREC,181.0,3
107500,,SUBMISSION,VEV_5000,XIREC,264.0,6
107500,,SUBMISSION,VEV_5000,XIREC,263.0,20
107500,SUBMISSION,,VEV_5000,XIREC,270.0,6
107500,SUBMISSION,,VEV_5100,XIREC,180.0,5
107600,,SUBMISSION,VEV_5000,XIREC,263.0,22
107700,,SUBMISSION,VEV_5000,XIREC,264.0,25
107700,,SUBMISSION,VEV_5100,XIREC,176.0,1
107800,,SUBMISSION,VEV_5000,XIREC,265.0,11
107800,,SUBMISSION,VEV_5000,XIREC,264.0,18
107800,SUBMISSION,,VEV_5000,XIREC,271.0,11
107800,SUBMISSION,,VEV_5100,XIREC,181.0,1
107900,Mark 55,SUBMISSION,VELVETFRUIT_EXTRACT,XIREC,5266.0,3
107900,,SUBMISSION,VEV_5000,XIREC,266.0,9
107900,,SUBMISSION,VEV_5000,XIREC,265.0,18
107900,,SUBMISSION,VEV_5100,XIREC,177.0,3
108000,,SUBMISSION,VEV_5000,XIREC,264.0,23
108000,,SUBMISSION,VEV_5100,XIREC,176.0,2
108000,SUBMISSION,,VEV_5100,XIREC,181.0,3
108100,,SUBMISSION,VEV_5000,XIREC,264.0,10
108100,,SUBMISSION,VEV_5000,XIREC,263.0,12
108100,SUBMISSION,,VEV_5100,XIREC,180.0,2
108200,,SUBMISSION,VEV_5000,XIREC,265.0,6
108200,,SUBMISSION,VEV_5000,XIREC,264.0,15
108200,SUBMISSION,,VEV_5000,XIREC,271.0,6
108200,,SUBMISSION,VEV_5100,XIREC,177.0,6
108200,,SUBMISSION,VEV_5100,XIREC,176.0,1
108300,,SUBMISSION,VEV_5000,XIREC,264.0,10
108300,,SUBMISSION,VEV_5000,XIREC,263.0,13
108300,SUBMISSION,,VEV_5100,XIREC,180.0,7
108400,,SUBMISSION,VEV_4000,XIREC,1263.0,3
108400,,SUBMISSION,VEV_4500,XIREC,763.0,3
108400,,SUBMISSION,VEV_5000,XIREC,268.0,3
108400,,SUBMISSION,VEV_5000,XIREC,266.0,8
108400,,SUBMISSION,VEV_5000,XIREC,265.0,12
108500,,SUBMISSION,VEV_5000,XIREC,266.0,28
108500,,SUBMISSION,VEV_5100,XIREC,178.0,2
108600,SUBMISSION,,VEV_5000,XIREC,272.0,8
108600,,SUBMISSION,VEV_5100,XIREC,178.0,8
108600,,SUBMISSION,VEV_5100,XIREC,177.0,18
108600,SUBMISSION,,VEV_5100,XIREC,182.0,2
108600,,SUBMISSION,VEV_5200,XIREC,105.0,4
108700,,SUBMISSION,VEV_5000,XIREC,266.0,7
108700,,SUBMISSION,VEV_5000,XIREC,265.0,7
108700,SUBMISSION,,VEV_5000,XIREC,272.0,7
108700,,SUBMISSION,VEV_5100,XIREC,178.0,7
108700,,SUBMISSION,VEV_5100,XIREC,177.0,9
108700,SUBMISSION,,VEV_5100,XIREC,182.0,7
108800,,SUBMISSION,VELVETFRUIT_EXTRACT,XIREC,5264.0,5
108800,,SUBMISSION,VEV_5000,XIREC,268.0,4
108800,,SUBMISSION,VEV_5000,XIREC,268.0,4
108800,SUBMISSION,,VEV_5000,XIREC,274.0,12
108800,,SUBMISSION,VEV_5100,XIREC,179.0,22
108800,SUBMISSION,,VEV_5100,XIREC,184.0,20
108900,,SUBMISSION,VEV_5000,XIREC,268.0,8
108900,,SUBMISSION,VEV_5000,XIREC,267.0,8
108900,SUBMISSION,,VEV_5000,XIREC,274.0,8
108900,,SUBMISSION,VEV_5100,XIREC,179.0,19
108900,SUBMISSION,,VEV_5100,XIREC,184.0,20
109000,,SUBMISSION,VELVETFRUIT_EXTRACT,XIREC,5264.0,16
109000,,SUBMISSION,VEV_5100,XIREC,179.0,27
109000,,SUBMISSION,VEV_5200,XIREC,107.0,2
109000,Mark 67,Mark 49,VELVETFRUIT_EXTRACT,XIREC,5265.0,12
109100,,SUBMISSION,VEV_5100,XIREC,180.0,7
109100,,SUBMISSION,VEV_5100,XIREC,179.0,15
109100,SUBMISSION,,VEV_5100,XIREC,184.0,7
109100,,SUBMISSION,VEV_5200,XIREC,107.0,12
109100,Mark 14,Mark 38,HYDROGEL_PACK,XIREC,9957.0,2
109200,SUBMISSION,,VEV_5000,XIREC,273.0,12
109200,,SUBMISSION,VEV_5100,XIREC,179.0,12
109200,,SUBMISSION,VEV_5100,XIREC,178.0,19
109200,SUBMISSION,,VEV_5100,XIREC,183.0,12
109300,,SUBMISSION,VEV_5000,XIREC,268.0,12
109300,SUBMISSION,,VEV_5000,XIREC,275.0,11
109300,,SUBMISSION,VEV_5100,XIREC,180.0,11
109300,,SUBMISSION,VEV_5100,XIREC,179.0,12
109300,SUBMISSION,,VEV_5100,XIREC,184.0,11
109400,,SUBMISSION,VEV_5000,XIREC,270.0,6
109400,,SUBMISSION,VEV_5000,XIREC,269.0,11
109400,,SUBMISSION,VEV_5100,XIREC,181.0,18
109400,SUBMISSION,,VEV_5100,XIREC,186.0,20
109500,SUBMISSION,,VEV_5000,XIREC,276.0,12
109500,,SUBMISSION,VEV_5100,XIREC,181.0,30
109500,SUBMISSION,,VEV_5100,XIREC,186.0,20
109500,,SUBMISSION,VEV_5200,XIREC,108.0,5
109600,,SUBMISSION,VEV_5000,XIREC,271.0,6
109600,SUBMISSION,,VEV_5000,XIREC,278.0,10
109600,,SUBMISSION,VEV_5100,XIREC,182.0,29
109600,SUBMISSION,,VEV_5100,XIREC,187.0,20
109700,,SUBMISSION,VEV_5000,XIREC,272.0,10
109700,,SUBMISSION,VEV_5000,XIREC,272.0,2
109700,,SUBMISSION,VEV_5000,XIREC,271.0,8
109700,SUBMISSION,,VEV_5000,XIREC,278.0,12
109700,,SUBMISSION,VEV_5100,XIREC,183.0,12
109700,,SUBMISSION,VEV_5100,XIREC,182.0,3
109700,SUBMISSION,,VEV_5100,XIREC,187.0,12
109800,,SUBMISSION,VEV_5000,XIREC,272.0,2
109800,SUBMISSION,,VEV_5000,XIREC,279.0,8
109800,,SUBMISSION,VEV_5100,XIREC,183.0,23
109800,SUBMISSION,,VEV_5100,XIREC,188.0,20
109800,,SUBMISSION,VEV_5200,XIREC,110.0,8
109800,,SUBMISSION,VEV_5200,XIREC,109.0,2
109900,,SUBMISSION,VEV_5000,XIREC,271.0,8
109900,SUBMISSION,,VEV_5000,XIREC,278.0,10
109900,,SUBMISSION,VEV_5100,XIREC,182.0,27
109900,SUBMISSION,,VEV_5100,XIREC,187.0,20
110000,,SUBMISSION,VEV_5000,XIREC,271.0,10
110000,,SUBMISSION,VEV_5000,XIREC,270.0,10
110000,SUBMISSION,,VEV_5000,XIREC,278.0,22
110000,,SUBMISSION,VEV_5100,XIREC,182.0,15
110000,SUBMISSION,,VEV_5100,XIREC,187.0,20
110100,,SUBMISSION,VEV_5000,XIREC,269.0,10
110100,,SUBMISSION,VEV_5100,XIREC,180.0,22
110100,SUBMISSION,,VEV_5100,XIREC,185.0,11
110100,Mark 01,Mark 55,VELVETFRUIT_EXTRACT,XIREC,5265.0,4
110200,SUBMISSION,,VEV_5000,XIREC,275.0,10
110200,,SUBMISSION,VEV_5100,XIREC,180.0,10
110200,,SUBMISSION,VEV_5100,XIREC,179.0,17
110200,SUBMISSION,,VEV_5100,XIREC,185.0,20
110200,,SUBMISSION,VEV_5200,XIREC,107.0,6
110300,,SUBMISSION,VEV_5000,XIREC,269.0,10
110300,,SUBMISSION,VEV_5000,XIREC,268.0,10
110300,SUBMISSION,,VEV_5000,XIREC,275.0,10
110300,,SUBMISSION,VEV_5100,XIREC,180.0,12
110300,SUBMISSION,,VEV_5100,XIREC,185.0,20
110400,,SUBMISSION,VEV_5000,XIREC,269.0,1
110400,SUBMISSION,,VEV_5000,XIREC,276.0,21
110400,,SUBMISSION,VEV_5100,XIREC,181.0,7
110400,,SUBMISSION,VEV_5100,XIREC,180.0,14
110400,SUBMISSION,,VEV_5100,XIREC,185.0,7
110400,,SUBMISSION,VEV_5200,XIREC,108.0,7
110400,,SUBMISSION,VEV_5200,XIREC,107.0,5
110500,,SUBMISSION,VEV_5000,XIREC,269.0,11
110500,,SUBMISSION,VEV_5000,XIREC,268.0,17
110500,SUBMISSION,,VEV_5000,XIREC,275.0,11
110500,,SUBMISSION,VEV_5100,XIREC,180.0,4
110500,SUBMISSION,,VEV_5100,XIREC,185.0,20
110600,,SUBMISSION,VEV_5000,XIREC,268.0,1
110600,,SUBMISSION,VEV_5000,XIREC,268.0,1
110600,SUBMISSION,,VEV_5000,XIREC,274.0,10
110600,,SUBMISSION,VEV_5100,XIREC,179.0,26
110600,SUBMISSION,,VEV_5100,XIREC,184.0,20
110600,,SUBMISSION,VEV_5200,XIREC,107.0,1
110700,,SUBMISSION,VEV_5000,XIREC,268.0,8
110700,,SUBMISSION,VEV_5000,XIREC,267.0,8
110700,SUBMISSION,,VEV_5000,XIREC,274.0,8
110700,,SUBMISSION,VEV_5100,XIREC,179.0,13
110700,SUBMISSION,,VEV_5100,XIREC,184.0,20
110800,,SUBMISSION,VEV_5000,XIREC,268.0,3
110800,SUBMISSION,,VEV_5000,XIREC,275.0,25
110800,,SUBMISSION,VEV_5100,XIREC,180.0,7
110800,,SUBMISSION,VEV_5100,XIREC,179.0,20
110800,SUBMISSION,,VEV_5100,XIREC,184.0,7
110800,,SUBMISSION,VEV_5200,XIREC,107.0,2
110900,,SUBMISSION,VEV_5000,XIREC,268.0,8
110900,,SUBMISSION,VEV_5000,XIREC,267.0,15
110900,SUBMISSION,,VEV_5000,XIREC,274.0,8
110900,,SUBMISSION,VEV_5100,XIREC,179.0,5
110900,SUBMISSION,,VEV_5100,XIREC,184.0,20
111000,,SUBMISSION,VEV_5000,XIREC,266.0,3
111000,,SUBMISSION,VEV_5100,XIREC,178.0,10
111000,,SUBMISSION,VEV_5100,XIREC,177.0,10
111000,SUBMISSION,,VEV_5100,XIREC,182.0,10
111100,,SUBMISSION,VEV_5100,XIREC,178.0,12
111100,,SUBMISSION,VEV_5100,XIREC,177.0,11
111100,SUBMISSION,,VEV_5100,XIREC,182.0,12
111200,,SUBMISSION,VEV_5000,XIREC,268.0,4
111200,,SUBMISSION,VEV_5000,XIREC,268.0,4
111200,,SUBMISSION,VEV_5100,XIREC,179.0,20
111200,SUBMISSION,,VEV_5100,XIREC,184.0,20
111300,,SUBMISSION,VEV_5100,XIREC,180.0,11
111300,,SUBMISSION,VEV_5100,XIREC,179.0,14
111300,SUBMISSION,,VEV_5100,XIREC,185.0,20
111300,,SUBMISSION,VEV_5200,XIREC,107.0,5
111400,,SUBMISSION,VEV_5100,XIREC,179.0,26
111400,SUBMISSION,,VEV_5100,XIREC,184.0,20
111400,,SUBMISSION,VEV_5200,XIREC,106.0,1
111500,,SUBMISSION,VEV_5100,XIREC,178.0,10
111500,,SUBMISSION,VEV_5100,XIREC,177.0,12
111600,,SUBMISSION,VEV_5100,XIREC,177.0,8
111600,,SUBMISSION,VEV_5100,XIREC,177.0,4
111600,,SUBMISSION,VEV_5100,XIREC,176.0,4
111600,,SUBMISSION,VEV_5200,XIREC,105.0,3
111700,,SUBMISSION,VEV_5200,XIREC,104.0,17
111800,,SUBMISSION,VEV_5200,XIREC,105.0,8
111800,,SUBMISSION,VEV_5200,XIREC,104.0,11
111900,,SUBMISSION,VEV_5200,XIREC,104.0,8
111900,,SUBMISSION,VEV_5300,XIREC,52.0,8
112000,,SUBMISSION,VEV_5300,XIREC,52.0,16
112000,Mark 14,Mark 55,VELVETFRUIT_EXTRACT,XIREC,5260.0,3
112100,,SUBMISSION,VEV_5200,XIREC,105.0,1
112100,,SUBMISSION,VEV_5200,XIREC,105.0,1
112100,,SUBMISSION,VEV_5300,XIREC,52.0,17
112200,,SUBMISSION,VEV_5300,XIREC,52.0,17
112300,,SUBMISSION,VEV_5300,XIREC,52.0,19
112400,,SUBMISSION,VEV_5300,XIREC,52.0,8
112500,SUBMISSION,,VEV_5000,XIREC,271.0,11
112500,SUBMISSION,,VEV_5100,XIREC,181.0,20
112500,,SUBMISSION,VEV_5300,XIREC,52.0,1
112600,,SUBMISSION,VEV_5100,XIREC,176.0,12
112700,Mark 14,Mark 38,HYDROGEL_PACK,XIREC,9948.0,2
113900,Mark 38,Mark 14,HYDROGEL_PACK,XIREC,9956.0,2
114000,,SUBMISSION,VEV_5000,XIREC,266.0,2
114000,,SUBMISSION,VEV_5000,XIREC,266.0,2
114000,,SUBMISSION,VEV_5100,XIREC,177.0,1
114400,,SUBMISSION,VEV_5100,XIREC,178.0,1
114400,,SUBMISSION,VEV_5200,XIREC,106.0,1
114400,,SUBMISSION,VEV_5300,XIREC,53.0,1
115500,Mark 14,Mark 38,HYDROGEL_PACK,XIREC,9937.0,3
117600,,SUBMISSION,VEV_5000,XIREC,260.0,1
117600,,SUBMISSION,VEV_5000,XIREC,260.0,1
117600,,SUBMISSION,VEV_5100,XIREC,172.0,1
117600,,SUBMISSION,VEV_5200,XIREC,101.0,1
117800,,SUBMISSION,VEV_5100,XIREC,172.0,1
117800,,SUBMISSION,VEV_5200,XIREC,102.0,1
117800,,SUBMISSION,VEV_5200,XIREC,102.0,1
117800,,SUBMISSION,VEV_5300,XIREC,50.0,1
118800,Mark 14,Mark 55,VELVETFRUIT_EXTRACT,XIREC,5257.0,3
119400,Mark 38,Mark 14,HYDROGEL_PACK,XIREC,9962.0,3
120300,SUBMISSION,,VEV_5000,XIREC,262.0,4
120300,Mark 01,Mark 22,VEV_5400,XIREC,18.0,4
120300,Mark 01,Mark 22,VEV_5500,XIREC,8.0,4
120300,Mark 01,Mark 22,VEV_6000,XIREC,0.0,4
120300,Mark 01,Mark 22,VEV_6500,XIREC,0.0,4
120500,SUBMISSION,,VEV_5000,XIREC,267.0,9
120500,SUBMISSION,,VEV_5100,XIREC,177.0,9
120600,,SUBMISSION,VEV_5000,XIREC,261.0,1
120600,,SUBMISSION,VEV_5000,XIREC,261.0,1
120600,,SUBMISSION,VEV_5100,XIREC,173.0,1
120600,,SUBMISSION,VEV_5100,XIREC,173.0,1
120700,,SUBMISSION,VEV_5000,XIREC,263.0,4
120700,,SUBMISSION,VEV_5000,XIREC,263.0,4
120700,SUBMISSION,,VEV_5000,XIREC,269.0,12
120700,,SUBMISSION,VEV_5100,XIREC,175.0,2
120700,,SUBMISSION,VEV_5100,XIREC,175.0,2
120700,SUBMISSION,,VEV_5100,XIREC,179.0,12
120700,Mark 38,Mark 14,HYDROGEL_PACK,XIREC,9958.0,2
120800,,SUBMISSION,VEV_5000,XIREC,262.0,4
120800,,SUBMISSION,VEV_5100,XIREC,174.0,8
120900,,SUBMISSION,VEV_5000,XIREC,263.0,2
120900,,SUBMISSION,VEV_5100,XIREC,175.0,1
121100,,SUBMISSION,VEV_5000,XIREC,264.0,2
121100,,SUBMISSION,VEV_5000,XIREC,264.0,2
121100,,SUBMISSION,VEV_5100,XIREC,176.0,1
121100,,SUBMISSION,VEV_5100,XIREC,176.0,1
121500,,SUBMISSION,VEV_5000,XIREC,266.0,1
121500,,SUBMISSION,VEV_5000,XIREC,266.0,1
121500,,SUBMISSION,VEV_5100,XIREC,177.0,1
121800,,SUBMISSION,VEV_5000,XIREC,268.0,3
121800,,SUBMISSION,VEV_5000,XIREC,268.0,3
121800,,SUBMISSION,VEV_5100,XIREC,179.0,2
123300,Mark 01,Mark 55,VELVETFRUIT_EXTRACT,XIREC,5262.0,7
124100,SUBMISSION,,VEV_5000,XIREC,272.0,10
124100,SUBMISSION,,VEV_5100,XIREC,182.0,20
124200,,SUBMISSION,VEV_5100,XIREC,177.0,8
124200,,SUBMISSION,VEV_5100,XIREC,176.0,9
124800,,SUBMISSION,VEV_5000,XIREC,265.0,2
124800,,SUBMISSION,VEV_5000,XIREC,265.0,2
124800,SUBMISSION,,VEV_5000,XIREC,271.0,6
124900,,SUBMISSION,VEV_5000,XIREC,265.0,3
125100,,SUBMISSION,VEV_4000,XIREC,1264.0,5
125100,,SUBMISSION,VEV_4500,XIREC,764.0,5
125200,,SUBMISSION,VEV_5000,XIREC,266.0,1
125200,,SUBMISSION,VEV_5100,XIREC,178.0,1
125200,,SUBMISSION,VEV_5100,XIREC,178.0,1
125600,Mark 55,SUBMISSION,VELVETFRUIT_EXTRACT,XIREC,5264.0,3
126000,Mark 38,Mark 14,HYDROGEL_PACK,XIREC,9953.0,4
126500,,SUBMISSION,VEV_5000,XIREC,268.0,1
126500,,SUBMISSION,VEV_5000,XIREC,268.0,1
127200,SUBMISSION,,VEV_5000,XIREC,268.0,3
127200,Mark 01,Mark 22,VEV_5500,XIREC,8.0,3
127200,Mark 01,Mark 22,VEV_6000,XIREC,0.0,3
127200,Mark 01,Mark 22,VEV_6500,XIREC,0.0,3
127600,,SUBMISSION,VEV_5000,XIREC,268.0,2
127600,,SUBMISSION,VEV_5000,XIREC,268.0,2
129100,Mark 38,SUBMISSION,VEV_4000,XIREC,1274.0,1
129100,Mark 38,Mark 14,VEV_4000,XIREC,1275.0,2
129500,Mark 38,Mark 14,HYDROGEL_PACK,XIREC,9967.0,6
129800,Mark 14,Mark 38,HYDROGEL_PACK,XIREC,9951.0,4
130800,Mark 14,Mark 38,HYDROGEL_PACK,XIREC,9946.0,5
131300,SUBMISSION,,VEV_5000,XIREC,273.0,10
131300,Mark 49,Mark 55,VELVETFRUIT_EXTRACT,XIREC,5265.0,5
131400,,SUBMISSION,VEV_5000,XIREC,267.0,6
131400,,SUBMISSION,VEV_5000,XIREC,266.0,7
131800,Mark 01,Mark 55,VELVETFRUIT_EXTRACT,XIREC,5261.0,5
132600,Mark 67,SUBMISSION,VELVETFRUIT_EXTRACT,XIREC,5262.0,8
132600,Mark 67,Mark 49,VELVETFRUIT_EXTRACT,XIREC,5263.0,2
133100,Mark 14,Mark 38,VEV_4000,XIREC,1253.0,3
133700,Mark 14,Mark 38,HYDROGEL_PACK,XIREC,9948.0,4
134000,Mark 14,Mark 55,VELVETFRUIT_EXTRACT,XIREC,5264.0,8
134500,Mark 14,Mark 38,HYDROGEL_PACK,XIREC,9944.0,6
135100,SUBMISSION,,VEV_5000,XIREC,270.0,10
135200,Mark 55,SUBMISSION,VELVETFRUIT_EXTRACT,XIREC,5263.0,7
135200,,SUBMISSION,VEV_5000,XIREC,263.0,9
135200,,SUBMISSION,VEV_5000,XIREC,262.0,11
135200,,SUBMISSION,VEV_5100,XIREC,174.0,3
135200,,SUBMISSION,VEV_5300,XIREC,51.0,1
135200,Mark 55,Mark 01,VELVETFRUIT_EXTRACT,XIREC,5264.0,1
135500,Mark 14,Mark 55,VELVETFRUIT_EXTRACT,XIREC,5257.0,7
135800,,SUBMISSION,VEV_5100,XIREC,175.0,1
135800,,SUBMISSION,VEV_5200,XIREC,103.0,1
135900,SUBMISSION,,VEV_5000,XIREC,267.0,3
135900,,SUBMISSION,VEV_5300,XIREC,52.0,1
135900,Mark 01,Mark 22,VEV_5300,XIREC,52.0,3
135900,Mark 01,Mark 22,VEV_5400,XIREC,19.0,3
135900,Mark 01,Mark 22,VEV_5500,XIREC,8.0,3
135900,Mark 01,Mark 22,VEV_6000,XIREC,0.0,3
135900,Mark 01,Mark 22,VEV_6500,XIREC,0.0,3
137000,Mark 14,Mark 38,VEV_4000,XIREC,1252.0,3
137300,Mark 14,Mark 38,VEV_4000,XIREC,1251.0,3
137600,Mark 38,Mark 14,VEV_4000,XIREC,1269.0,3
137800,Mark 14,Mark 38,HYDROGEL_PACK,XIREC,9942.0,3
138000,Mark 01,Mark 55,VELVETFRUIT_EXTRACT,XIREC,5254.0,7
138100,Mark 38,Mark 14,HYDROGEL_PACK,XIREC,9959.0,2
139700,Mark 67,SUBMISSION,VELVETFRUIT_EXTRACT,XIREC,5256.0,4
139700,Mark 67,Mark 22,VELVETFRUIT_EXTRACT,XIREC,5257.0,4
140000,Mark 55,SUBMISSION,VELVETFRUIT_EXTRACT,XIREC,5260.0,4
140000,Mark 55,Mark 14,VELVETFRUIT_EXTRACT,XIREC,5261.0,1
140100,Mark 55,SUBMISSION,VELVETFRUIT_EXTRACT,XIREC,5259.0,2
140100,Mark 55,Mark 14,VELVETFRUIT_EXTRACT,XIREC,5260.0,2
141000,Mark 55,SUBMISSION,VELVETFRUIT_EXTRACT,XIREC,5259.0,1
141000,Mark 55,Mark 14,VELVETFRUIT_EXTRACT,XIREC,5260.0,3
141600,SUBMISSION,,VEV_5000,XIREC,267.0,9
142000,Mark 55,SUBMISSION,VELVETFRUIT_EXTRACT,XIREC,5261.0,1
142000,Mark 55,Mark 14,VELVETFRUIT_EXTRACT,XIREC,5262.0,5
144500,Mark 01,Mark 55,VELVETFRUIT_EXTRACT,XIREC,5258.0,5
145100,SUBMISSION,,VEV_5000,XIREC,269.0,12
145500,SUBMISSION,,VEV_5000,XIREC,266.0,2
145500,Mark 01,Mark 22,VEV_5400,XIREC,19.0,2
145500,Mark 01,Mark 22,VEV_5500,XIREC,8.0,2
145500,Mark 01,Mark 22,VEV_6000,XIREC,0.0,2
145500,Mark 01,Mark 22,VEV_6500,XIREC,0.0,2
145600,,SUBMISSION,VEV_5000,XIREC,264.0,4
145600,,SUBMISSION,VEV_5000,XIREC,264.0,2
145600,,SUBMISSION,VEV_5000,XIREC,263.0,2
145600,Mark 38,Mark 14,HYDROGEL_PACK,XIREC,9962.0,5
146500,Mark 38,Mark 14,HYDROGEL_PACK,XIREC,9963.0,6
146700,Mark 14,Mark 55,VELVETFRUIT_EXTRACT,XIREC,5260.0,7
147000,,SUBMISSION,VEV_5000,XIREC,266.0,1
147300,,SUBMISSION,VEV_5000,XIREC,268.0,3
147400,,SUBMISSION,VEV_5000,XIREC,270.0,2
147400,,SUBMISSION,VEV_5000,XIREC,270.0,2
147900,SUBMISSION,,VEV_5000,XIREC,275.0,25
147900,SUBMISSION,,VEV_5100,XIREC,184.0,20
147900,Mark 14,Mark 38,VEV_4000,XIREC,1256.0,1
148000,,SUBMISSION,VEV_5000,XIREC,269.0,7
148000,,SUBMISSION,VEV_5000,XIREC,268.0,15
148000,Mark 38,Mark 14,HYDROGEL_PACK,XIREC,9972.0,3
148100,,SUBMISSION,VEV_5100,XIREC,179.0,15
148300,SUBMISSION,,VEV_5000,XIREC,273.0,11
148300,Mark 22,Mark 55,VELVETFRUIT_EXTRACT,XIREC,5265.0,4
148400,,SUBMISSION,VEV_5000,XIREC,266.0,5
148400,,SUBMISSION,VEV_5000,XIREC,266.0,5
148800,,SUBMISSION,VELVETFRUIT_EXTRACT,XIREC,5262.0,1
149500,SUBMISSION,,VEV_5000,XIREC,272.0,6
149600,,SUBMISSION,VEV_5000,XIREC,266.0,1
149600,,SUBMISSION,VEV_5000,XIREC,266.0,1
149900,,SUBMISSION,VEV_5000,XIREC,268.0,1
149900,,SUBMISSION,VEV_5000,XIREC,268.0,1
150600,SUBMISSION,,VEV_5000,XIREC,270.0,2
150600,SUBMISSION,,VEV_5100,XIREC,180.0,2
150600,Mark 01,Mark 22,VEV_5300,XIREC,53.0,2
150600,Mark 01,Mark 22,VEV_5400,XIREC,20.0,2
150600,Mark 01,Mark 22,VEV_5500,XIREC,8.0,2
150600,Mark 01,Mark 22,VEV_6000,XIREC,0.0,2
150600,Mark 01,Mark 22,VEV_6500,XIREC,0.0,2
150700,Mark 55,SUBMISSION,VELVETFRUIT_EXTRACT,XIREC,5267.0,1
150700,Mark 55,Mark 01,VELVETFRUIT_EXTRACT,XIREC,5268.0,6
151100,Mark 14,Mark 38,HYDROGEL_PACK,XIREC,9945.0,4
151200,Mark 14,Mark 38,HYDROGEL_PACK,XIREC,9944.0,6
151400,Mark 01,Mark 55,VELVETFRUIT_EXTRACT,XIREC,5261.0,7
152300,,SUBMISSION,VEV_5000,XIREC,260.0,4
152300,,SUBMISSION,VEV_5100,XIREC,172.0,3
152700,Mark 14,Mark 38,HYDROGEL_PACK,XIREC,9944.0,5
153000,SUBMISSION,,VEV_5000,XIREC,261.0,4
153000,Mark 01,Mark 22,VEV_5400,XIREC,18.0,4
153000,Mark 01,Mark 22,VEV_5500,XIREC,7.0,4
153000,Mark 01,Mark 22,VEV_6000,XIREC,0.0,4
153000,Mark 01,Mark 22,VEV_6500,XIREC,0.0,4
153700,SUBMISSION,,VEV_5000,XIREC,264.0,25
154100,Mark 14,Mark 38,VEV_4000,XIREC,1242.0,3
155500,SUBMISSION,,VELVETFRUIT_EXTRACT,XIREC,5251.0,22
155900,Mark 38,Mark 14,HYDROGEL_PACK,XIREC,9966.0,4
156200,Mark 14,Mark 38,VEV_4000,XIREC,1237.0,1
156400,Mark 14,Mark 38,HYDROGEL_PACK,XIREC,9949.0,6
159900,Mark 14,Mark 38,HYDROGEL_PACK,XIREC,9961.0,3
160600,,SUBMISSION,VELVETFRUIT_EXTRACT,XIREC,5252.0,5
161200,Mark 14,Mark 38,HYDROGEL_PACK,XIREC,9956.0,6
163300,Mark 67,SUBMISSION,VELVETFRUIT_EXTRACT,XIREC,5253.0,4
163300,Mark 67,Mark 22,VELVETFRUIT_EXTRACT,XIREC,5254.0,6
164000,Mark 14,Mark 55,VELVETFRUIT_EXTRACT,XIREC,5251.0,5
164300,Mark 38,Mark 14,HYDROGEL_PACK,XIREC,9973.0,5
165500,Mark 49,Mark 55,VELVETFRUIT_EXTRACT,XIREC,5250.0,4
167300,Mark 14,Mark 38,HYDROGEL_PACK,XIREC,9957.0,3
167600,Mark 01,Mark 55,VELVETFRUIT_EXTRACT,XIREC,5249.0,6
167600,Mark 14,Mark 38,VEV_4000,XIREC,1242.0,2
168400,SUBMISSION,Mark 55,VELVETFRUIT_EXTRACT,XIREC,5248.0,3
168500,Mark 38,Mark 14,VEV_4000,XIREC,1261.0,2
168700,Mark 38,Mark 14,VEV_4000,XIREC,1260.0,1
169000,SUBMISSION,,VEV_5000,XIREC,259.0,11
169200,SUBMISSION,,VEV_5000,XIREC,259.0,8
170400,SUBMISSION,,VEV_5000,XIREC,255.0,5
170400,Mark 01,Mark 22,VEV_5400,XIREC,17.0,5
170400,Mark 01,Mark 22,VEV_5500,XIREC,7.0,5
170400,Mark 01,Mark 22,VEV_6000,XIREC,0.0,5
170400,Mark 01,Mark 22,VEV_6500,XIREC,0.0,5
170500,SUBMISSION,,VEV_5000,XIREC,254.0,3
170500,Mark 14,Mark 22,VEV_5300,XIREC,46.0,3
170500,Mark 01,Mark 22,VEV_5500,XIREC,7.0,3
170500,Mark 01,Mark 22,VEV_6000,XIREC,0.0,3
170500,Mark 01,Mark 22,VEV_6500,XIREC,0.0,3
170900,Mark 38,Mark 14,VEV_4000,XIREC,1260.0,3
171400,Mark 38,Mark 14,HYDROGEL_PACK,XIREC,9992.0,6
171700,SUBMISSION,Mark 55,VELVETFRUIT_EXTRACT,XIREC,5248.0,7
172400,Mark 14,Mark 38,VEV_4000,XIREC,1238.0,1
172500,SUBMISSION,,VEV_5000,XIREC,255.0,5
172500,Mark 01,Mark 22,VEV_5300,XIREC,46.0,5
172500,Mark 01,Mark 22,VEV_5400,XIREC,17.0,5
172500,Mark 01,Mark 22,VEV_5500,XIREC,7.0,5
172500,Mark 01,Mark 22,VEV_6000,XIREC,0.0,5
172500,Mark 01,Mark 22,VEV_6500,XIREC,0.0,5
174000,SUBMISSION,,VEV_5000,XIREC,256.0,12
174200,Mark 38,Mark 14,HYDROGEL_PACK,XIREC,9988.0,5
174400,Mark 38,Mark 14,HYDROGEL_PACK,XIREC,9991.0,6
178000,Mark 14,Mark 38,HYDROGEL_PACK,XIREC,9988.0,3
179200,SUBMISSION,Mark 55,VELVETFRUIT_EXTRACT,XIREC,5244.0,4
179500,SUBMISSION,,VELVETFRUIT_EXTRACT,XIREC,5246.0,1
180100,Mark 55,Mark 01,VELVETFRUIT_EXTRACT,XIREC,5248.0,3
181300,,SUBMISSION,HYDROGEL_PACK,XIREC,10000.0,13
181900,SUBMISSION,,VELVETFRUIT_EXTRACT,XIREC,5246.0,3
182000,SUBMISSION,,VELVETFRUIT_EXTRACT,XIREC,5245.0,6
182100,SUBMISSION,,VELVETFRUIT_EXTRACT,XIREC,5246.0,3
182100,Mark 14,Mark 38,HYDROGEL_PACK,XIREC,10012.0,3
182200,SUBMISSION,,VELVETFRUIT_EXTRACT,XIREC,5246.0,3
182300,SUBMISSION,,VELVETFRUIT_EXTRACT,XIREC,5246.0,3
182800,Mark 14,Mark 38,HYDROGEL_PACK,XIREC,10010.0,5
184000,SUBMISSION,,VELVETFRUIT_EXTRACT,XIREC,5245.0,7
184100,SUBMISSION,,VELVETFRUIT_EXTRACT,XIREC,5244.0,11
184200,SUBMISSION,,VELVETFRUIT_EXTRACT,XIREC,5243.0,15
184200,Mark 38,Mark 14,VEV_4000,XIREC,1251.0,3
184300,SUBMISSION,,VELVETFRUIT_EXTRACT,XIREC,5243.0,15
184400,SUBMISSION,,VELVETFRUIT_EXTRACT,XIREC,5243.0,15
184500,SUBMISSION,,VELVETFRUIT_EXTRACT,XIREC,5244.0,11
184600,SUBMISSION,,VELVETFRUIT_EXTRACT,XIREC,5244.0,11
184700,SUBMISSION,,VELVETFRUIT_EXTRACT,XIREC,5244.0,11
184800,SUBMISSION,,VELVETFRUIT_EXTRACT,XIREC,5240.0,6
184800,SUBMISSION,,VELVETFRUIT_EXTRACT,XIREC,5243.0,15
184900,SUBMISSION,,VELVETFRUIT_EXTRACT,XIREC,5242.0,19
185000,SUBMISSION,,VELVETFRUIT_EXTRACT,XIREC,5244.0,11
185100,SUBMISSION,,VELVETFRUIT_EXTRACT,XIREC,5242.0,19
185200,SUBMISSION,,VELVETFRUIT_EXTRACT,XIREC,5243.0,11
185300,SUBMISSION,,VELVETFRUIT_EXTRACT,XIREC,5241.0,22
185400,,SUBMISSION,HYDROGEL_PACK,XIREC,10017.0,2
185400,SUBMISSION,,VELVETFRUIT_EXTRACT,XIREC,5239.0,23
185400,SUBMISSION,,VELVETFRUIT_EXTRACT,XIREC,5240.0,7
185500,,SUBMISSION,HYDROGEL_PACK,XIREC,10018.0,3
185500,SUBMISSION,,VELVETFRUIT_EXTRACT,XIREC,5239.0,15
185500,SUBMISSION,,VELVETFRUIT_EXTRACT,XIREC,5240.0,15
185600,,SUBMISSION,HYDROGEL_PACK,XIREC,10023.0,8
185600,SUBMISSION,,VELVETFRUIT_EXTRACT,XIREC,5240.0,18
185600,SUBMISSION,,VELVETFRUIT_EXTRACT,XIREC,5241.0,8
185700,,SUBMISSION,HYDROGEL_PACK,XIREC,10023.0,8
185700,SUBMISSION,,VELVETFRUIT_EXTRACT,XIREC,5240.0,3
185800,,SUBMISSION,HYDROGEL_PACK,XIREC,10024.0,9
185800,Mark 38,SUBMISSION,HYDROGEL_PACK,XIREC,10039.0,4
185900,,SUBMISSION,HYDROGEL_PACK,XIREC,10024.0,9
185900,SUBMISSION,,VELVETFRUIT_EXTRACT,XIREC,5240.0,2
186000,,SUBMISSION,HYDROGEL_PACK,XIREC,10023.0,8
186000,SUBMISSION,,VEV_5000,XIREC,245.0,9
186000,SUBMISSION,,VEV_5000,XIREC,246.0,15
186100,,SUBMISSION,HYDROGEL_PACK,XIREC,10022.0,7
186100,SUBMISSION,,VELVETFRUIT_EXTRACT,XIREC,5235.0,6
186100,SUBMISSION,,VELVETFRUIT_EXTRACT,XIREC,5238.0,6
186200,,SUBMISSION,HYDROGEL_PACK,XIREC,10017.0,2
186400,,SUBMISSION,HYDROGEL_PACK,XIREC,10017.0,2
186500,,SUBMISSION,HYDROGEL_PACK,XIREC,10021.0,6
186600,,SUBMISSION,HYDROGEL_PACK,XIREC,10020.0,5
186700,,SUBMISSION,HYDROGEL_PACK,XIREC,10022.0,7
186800,,SUBMISSION,HYDROGEL_PACK,XIREC,10020.0,5
186800,SUBMISSION,,VEV_5000,XIREC,246.0,20
186900,,SUBMISSION,HYDROGEL_PACK,XIREC,10020.0,5
187000,,SUBMISSION,HYDROGEL_PACK,XIREC,10022.0,7
187100,,SUBMISSION,HYDROGEL_PACK,XIREC,10021.0,6
187200,,SUBMISSION,HYDROGEL_PACK,XIREC,10022.0,7
187300,,SUBMISSION,HYDROGEL_PACK,XIREC,10022.0,7
187400,,SUBMISSION,HYDROGEL_PACK,XIREC,10019.0,4
187400,Mark 55,Mark 01,VELVETFRUIT_EXTRACT,XIREC,5235.0,8
187500,,SUBMISSION,HYDROGEL_PACK,XIREC,10018.0,3
187500,SUBMISSION,,VELVETFRUIT_EXTRACT,XIREC,5234.0,2
187600,,SUBMISSION,HYDROGEL_PACK,XIREC,10016.0,1
187600,Mark 55,Mark 01,VELVETFRUIT_EXTRACT,XIREC,5235.0,5
187700,,SUBMISSION,HYDROGEL_PACK,XIREC,10017.0,2
187800,,SUBMISSION,HYDROGEL_PACK,XIREC,10018.0,3
187900,,SUBMISSION,HYDROGEL_PACK,XIREC,10017.0,2
188000,,SUBMISSION,HYDROGEL_PACK,XIREC,10018.0,3
188100,,SUBMISSION,HYDROGEL_PACK,XIREC,10021.0,6
188200,,SUBMISSION,HYDROGEL_PACK,XIREC,10022.0,8
188300,,SUBMISSION,HYDROGEL_PACK,XIREC,10020.0,6
188400,,SUBMISSION,HYDROGEL_PACK,XIREC,10021.0,6
188400,Mark 14,Mark 38,HYDROGEL_PACK,XIREC,10021.0,4
188500,,SUBMISSION,HYDROGEL_PACK,XIREC,10021.0,6
188600,,SUBMISSION,HYDROGEL_PACK,XIREC,10022.0,7
188700,,SUBMISSION,HYDROGEL_PACK,XIREC,10023.0,8
188800,,SUBMISSION,HYDROGEL_PACK,XIREC,10021.0,6
188800,SUBMISSION,Mark 55,VELVETFRUIT_EXTRACT,XIREC,5233.0,6
188800,SUBMISSION,,VEV_5000,XIREC,242.0,11
188900,,SUBMISSION,HYDROGEL_PACK,XIREC,10018.0,3
189000,,SUBMISSION,HYDROGEL_PACK,XIREC,10019.0,4
189100,,SUBMISSION,HYDROGEL_PACK,XIREC,10020.0,5
189200,,SUBMISSION,HYDROGEL_PACK,XIREC,10022.0,7
189300,,SUBMISSION,HYDROGEL_PACK,XIREC,10025.0,10
189400,,SUBMISSION,HYDROGEL_PACK,XIREC,10026.0,11
189500,,SUBMISSION,HYDROGEL_PACK,XIREC,10023.0,9
189600,,SUBMISSION,HYDROGEL_PACK,XIREC,10026.0,10
189600,,SUBMISSION,HYDROGEL_PACK,XIREC,10023.0,1
189700,,SUBMISSION,HYDROGEL_PACK,XIREC,10022.0,7
189800,,SUBMISSION,HYDROGEL_PACK,XIREC,10022.0,7
189900,,SUBMISSION,HYDROGEL_PACK,XIREC,10022.0,7
189900,SUBMISSION,,VEV_5000,XIREC,248.0,6
190000,,SUBMISSION,HYDROGEL_PACK,XIREC,10019.0,4
190100,,SUBMISSION,HYDROGEL_PACK,XIREC,10018.0,3
190100,SUBMISSION,,VEV_4000,XIREC,1238.0,3
190100,SUBMISSION,,VEV_4500,XIREC,738.0,3
190100,SUBMISSION,,VEV_5000,XIREC,244.0,3
190100,Mark 01,Mark 22,VEV_5300,XIREC,42.0,3
190100,Mark 01,Mark 22,VEV_5400,XIREC,15.0,3
190100,Mark 01,Mark 22,VEV_5500,XIREC,6.0,3
190100,Mark 01,Mark 22,VEV_6000,XIREC,0.0,3
190100,Mark 01,Mark 22,VEV_6500,XIREC,0.0,3
190200,,SUBMISSION,HYDROGEL_PACK,XIREC,10019.0,4
190200,SUBMISSION,,VEV_5000,XIREC,246.0,9
190300,,SUBMISSION,HYDROGEL_PACK,XIREC,10018.0,3
190400,,SUBMISSION,HYDROGEL_PACK,XIREC,10018.0,3
190500,,SUBMISSION,HYDROGEL_PACK,XIREC,10018.0,3
190600,SUBMISSION,Mark 55,VELVETFRUIT_EXTRACT,XIREC,5235.0,6
190700,,SUBMISSION,HYDROGEL_PACK,XIREC,10019.0,2
190700,Mark 55,Mark 14,VELVETFRUIT_EXTRACT,XIREC,5239.0,3
190800,,SUBMISSION,HYDROGEL_PACK,XIREC,10020.0,1
191000,,SUBMISSION,HYDROGEL_PACK,XIREC,10026.0,4
191100,SUBMISSION,Mark 55,VELVETFRUIT_EXTRACT,XIREC,5238.0,8
191900,SUBMISSION,,VEV_5000,XIREC,248.0,6
192600,SUBMISSION,Mark 55,VELVETFRUIT_EXTRACT,XIREC,5232.0,3
192800,Mark 14,Mark 38,HYDROGEL_PACK,XIREC,10007.0,5
193400,Mark 38,SUBMISSION,HYDROGEL_PACK,XIREC,10025.0,4
193600,SUBMISSION,,VEV_5000,XIREC,246.0,13
194200,Mark 38,SUBMISSION,VEV_4000,XIREC,1246.0,2
194400,SUBMISSION,Mark 55,VELVETFRUIT_EXTRACT,XIREC,5235.0,5
194700,,SUBMISSION,VEV_5000,XIREC,239.0,8
195000,,SUBMISSION,VEV_5000,XIREC,237.0,1
195200,Mark 55,Mark 14,VELVETFRUIT_EXTRACT,XIREC,5236.0,3
195600,SUBMISSION,,VEV_4000,XIREC,1235.0,3
195600,SUBMISSION,,VEV_4500,XIREC,735.0,3
195600,SUBMISSION,,VEV_5000,XIREC,241.0,3
195600,Mark 01,Mark 22,VEV_5300,XIREC,41.0,3
195600,Mark 01,Mark 22,VEV_5400,XIREC,14.0,3
195600,Mark 01,Mark 22,VEV_5500,XIREC,6.0,3
195600,Mark 01,Mark 22,VEV_6000,XIREC,0.0,3
195600,Mark 01,Mark 22,VEV_6500,XIREC,0.0,3
196100,Mark 55,Mark 14,VELVETFRUIT_EXTRACT,XIREC,5236.0,5
196700,Mark 14,Mark 38,VEV_4000,XIREC,1225.0,1
197000,SUBMISSION,,VELVETFRUIT_EXTRACT,XIREC,5235.0,6
197000,,SUBMISSION,VEV_5000,XIREC,240.0,3
197300,SUBMISSION,,VEV_5000,XIREC,246.0,8
197600,SUBMISSION,,VELVETFRUIT_EXTRACT,XIREC,5237.0,4
197600,,SUBMISSION,VEV_5000,XIREC,242.0,7
197600,Mark 67,Mark 49,VELVETFRUIT_EXTRACT,XIREC,5237.0,9
197800,SUBMISSION,,VEV_5000,XIREC,248.0,8
198200,SUBMISSION,,VEV_5000,XIREC,248.0,8
198600,SUBMISSION,,VEV_5000,XIREC,251.0,6
198800,SUBMISSION,,VEV_5000,XIREC,250.0,7
198900,Mark 55,Mark 14,VELVETFRUIT_EXTRACT,XIREC,5243.0,5
199100,SUBMISSION,,VEV_5000,XIREC,250.0,6
199200,Mark 55,Mark 14,VELVETFRUIT_EXTRACT,XIREC,5243.0,5
199400,Mark 38,SUBMISSION,HYDROGEL_PACK,XIREC,10028.0,3
199600,,SUBMISSION,VEV_5000,XIREC,242.0,18
199700,SUBMISSION,,VEV_5000,XIREC,248.0,10
200100,,SUBMISSION,VEV_5000,XIREC,243.0,12
201000,,SUBMISSION,VEV_5000,XIREC,245.0,7
202300,Mark 38,SUBMISSION,VEV_4000,XIREC,1251.0,3
202300,,SUBMISSION,VEV_5000,XIREC,245.0,8
202700,Mark 38,SUBMISSION,HYDROGEL_PACK,XIREC,10032.0,5
203200,Mark 14,Mark 38,HYDROGEL_PACK,XIREC,10014.0,6
203400,SUBMISSION,,VEV_5000,XIREC,250.0,3
203600,SUBMISSION,,VEV_5000,XIREC,249.0,5
203700,Mark 55,Mark 14,VELVETFRUIT_EXTRACT,XIREC,5241.0,3
204400,,SUBMISSION,VEV_5000,XIREC,245.0,9
205100,SUBMISSION,,VEV_5000,XIREC,251.0,10
205400,SUBMISSION,,VELVETFRUIT_EXTRACT,XIREC,5243.0,2
205400,,SUBMISSION,VEV_5000,XIREC,247.0,10
206200,SUBMISSION,,VEV_5000,XIREC,250.0,3
206200,SUBMISSION,,VEV_5100,XIREC,162.0,3
206200,Mark 14,Mark 22,VEV_5400,XIREC,16.0,3
206200,Mark 01,Mark 22,VEV_6000,XIREC,0.0,3
206200,Mark 01,Mark 22,VEV_6500,XIREC,0.0,3
206600,Mark 38,SUBMISSION,VEV_4000,XIREC,1254.0,1
206800,SUBMISSION,Mark 55,VELVETFRUIT_EXTRACT,XIREC,5242.0,2
206800,Mark 01,Mark 55,VELVETFRUIT_EXTRACT,XIREC,5241.0,4
207600,Mark 55,SUBMISSION,VELVETFRUIT_EXTRACT,XIREC,5250.0,4
207800,,SUBMISSION,VEV_5000,XIREC,253.0,3
210100,SUBMISSION,,VEV_5100,XIREC,171.0,9
210200,SUBMISSION,,VEV_5000,XIREC,260.0,12
210200,SUBMISSION,,VEV_5100,XIREC,171.0,20
210300,Mark 14,Mark 55,VELVETFRUIT_EXTRACT,XIREC,5250.0,5
210400,SUBMISSION,,VEV_5000,XIREC,261.0,8
210400,SUBMISSION,,VEV_5100,XIREC,172.0,20
210500,SUBMISSION,,VEV_5000,XIREC,261.0,7
210600,SUBMISSION,Mark 38,HYDROGEL_PACK,XIREC,9991.0,5
211000,SUBMISSION,,VEV_5000,XIREC,262.0,9
211000,SUBMISSION,,VEV_5100,XIREC,173.0,20
211100,SUBMISSION,Mark 38,HYDROGEL_PACK,XIREC,9997.0,6
211100,SUBMISSION,,VEV_5000,XIREC,261.0,10
211400,SUBMISSION,,VEV_5000,XIREC,261.0,11
211500,SUBMISSION,,VEV_5000,XIREC,261.0,6
211600,SUBMISSION,,VEV_5000,XIREC,262.0,19
211600,SUBMISSION,,VEV_5100,XIREC,172.0,6
211800,SUBMISSION,,VEV_5000,XIREC,262.0,10
211900,,SUBMISSION,VELVETFRUIT_EXTRACT,XIREC,5254.0,7
211900,SUBMISSION,,VEV_5000,XIREC,264.0,11
211900,SUBMISSION,,VEV_5100,XIREC,175.0,20
212000,,SUBMISSION,VELVETFRUIT_EXTRACT,XIREC,5253.0,4
212300,,SUBMISSION,VELVETFRUIT_EXTRACT,XIREC,5253.0,4
212300,SUBMISSION,,VEV_5000,XIREC,263.0,10
212300,SUBMISSION,,VEV_5100,XIREC,174.0,20
212400,,SUBMISSION,VELVETFRUIT_EXTRACT,XIREC,5253.0,4
212500,,SUBMISSION,VELVETFRUIT_EXTRACT,XIREC,5254.0,7
212500,SUBMISSION,,VEV_5000,XIREC,264.0,7
212500,SUBMISSION,,VEV_5100,XIREC,175.0,20
212600,,SUBMISSION,VELVETFRUIT_EXTRACT,XIREC,5254.0,8
212600,SUBMISSION,,VEV_5100,XIREC,175.0,7
212700,,SUBMISSION,VELVETFRUIT_EXTRACT,XIREC,5254.0,7
212700,SUBMISSION,,VEV_5100,XIREC,175.0,20
212800,,SUBMISSION,VELVETFRUIT_EXTRACT,XIREC,5255.0,10
212900,,SUBMISSION,VELVETFRUIT_EXTRACT,XIREC,5256.0,15
212900,SUBMISSION,,VEV_5100,XIREC,177.0,20
213000,,SUBMISSION,VELVETFRUIT_EXTRACT,XIREC,5255.0,10
213100,,SUBMISSION,VELVETFRUIT_EXTRACT,XIREC,5254.0,7
213200,,SUBMISSION,VELVETFRUIT_EXTRACT,XIREC,5256.0,13
213200,SUBMISSION,,VEV_5100,XIREC,177.0,20
213300,,SUBMISSION,VELVETFRUIT_EXTRACT,XIREC,5254.0,7
213300,SUBMISSION,,VEV_5100,XIREC,175.0,5
213400,,SUBMISSION,VELVETFRUIT_EXTRACT,XIREC,5253.0,4
213500,,SUBMISSION,VELVETFRUIT_EXTRACT,XIREC,5254.0,7
213600,,SUBMISSION,VELVETFRUIT_EXTRACT,XIREC,5254.0,7
213700,,SUBMISSION,VELVETFRUIT_EXTRACT,XIREC,5254.0,7
213700,Mark 55,SUBMISSION,VELVETFRUIT_EXTRACT,XIREC,5258.0,5
213800,SUBMISSION,,HYDROGEL_PACK,XIREC,9996.0,1
213800,,SUBMISSION,VELVETFRUIT_EXTRACT,XIREC,5256.0,8
213900,,SUBMISSION,VELVETFRUIT_EXTRACT,XIREC,5253.0,2
214000,,SUBMISSION,VELVETFRUIT_EXTRACT,XIREC,5253.0,2
214200,SUBMISSION,,HYDROGEL_PACK,XIREC,9996.0,1
214300,SUBMISSION,,HYDROGEL_PACK,XIREC,9995.0,3
214400,SUBMISSION,,HYDROGEL_PACK,XIREC,9994.0,4
214400,Mark 01,Mark 55,VELVETFRUIT_EXTRACT,XIREC,5250.0,3
214500,SUBMISSION,,HYDROGEL_PACK,XIREC,9991.0,8
214600,SUBMISSION,,HYDROGEL_PACK,XIREC,9989.0,12
214700,SUBMISSION,,HYDROGEL_PACK,XIREC,9992.0,8
214800,SUBMISSION,,HYDROGEL_PACK,XIREC,9991.0,9
214900,SUBMISSION,,HYDROGEL_PACK,XIREC,9990.0,11
215000,SUBMISSION,,HYDROGEL_PACK,XIREC,9992.0,8
215000,Mark 14,Mark 55,VELVETFRUIT_EXTRACT,XIREC,5249.0,4
215100,SUBMISSION,,HYDROGEL_PACK,XIREC,9994.0,4
215200,SUBMISSION,,HYDROGEL_PACK,XIREC,9994.0,4
215300,SUBMISSION,,HYDROGEL_PACK,XIREC,9994.0,4
215400,SUBMISSION,,HYDROGEL_PACK,XIREC,9992.0,8
215500,SUBMISSION,,HYDROGEL_PACK,XIREC,9994.0,4
215600,SUBMISSION,,HYDROGEL_PACK,XIREC,9995.0,3
215600,,SUBMISSION,VELVETFRUIT_EXTRACT,XIREC,5250.0,17
215600,,SUBMISSION,VEV_5000,XIREC,254.0,25
215700,SUBMISSION,,HYDROGEL_PACK,XIREC,9995.0,3
215800,SUBMISSION,,HYDROGEL_PACK,XIREC,9995.0,3
216000,Mark 38,Mark 14,VEV_4000,XIREC,1263.0,1
217100,Mark 55,SUBMISSION,VELVETFRUIT_EXTRACT,XIREC,5256.0,4
217500,Mark 38,SUBMISSION,HYDROGEL_PACK,XIREC,10010.0,4
217600,,SUBMISSION,VEV_5000,XIREC,255.0,8
217800,Mark 38,Mark 14,VEV_4000,XIREC,1263.0,1
218200,,SUBMISSION,VELVETFRUIT_EXTRACT,XIREC,5254.0,4
218200,SUBMISSION,,VEV_5000,XIREC,263.0,25
218500,Mark 38,SUBMISSION,HYDROGEL_PACK,XIREC,10016.0,5
218700,SUBMISSION,,VEV_5000,XIREC,261.0,8
218900,Mark 38,SUBMISSION,HYDROGEL_PACK,XIREC,10013.0,3
218900,Mark 14,Mark 55,VELVETFRUIT_EXTRACT,XIREC,5249.0,8
221000,SUBMISSION,,VELVETFRUIT_EXTRACT,XIREC,5246.0,1
221100,SUBMISSION,,VELVETFRUIT_EXTRACT,XIREC,5246.0,2
221200,Mark 38,SUBMISSION,HYDROGEL_PACK,XIREC,10010.0,5
221300,SUBMISSION,,VELVETFRUIT_EXTRACT,XIREC,5246.0,2
221400,SUBMISSION,,VELVETFRUIT_EXTRACT,XIREC,5246.0,2
221500,SUBMISSION,,VELVETFRUIT_EXTRACT,XIREC,5246.0,2
221600,SUBMISSION,,VELVETFRUIT_EXTRACT,XIREC,5245.0,5
221700,SUBMISSION,,VELVETFRUIT_EXTRACT,XIREC,5245.0,2
221800,SUBMISSION,,VELVETFRUIT_EXTRACT,XIREC,5246.0,2
221800,SUBMISSION,Mark 55,VELVETFRUIT_EXTRACT,XIREC,5242.0,7
221900,SUBMISSION,,VELVETFRUIT_EXTRACT,XIREC,5245.0,5
222000,SUBMISSION,,VELVETFRUIT_EXTRACT,XIREC,5245.0,2
222900,Mark 14,Mark 38,VEV_4000,XIREC,1236.0,3
223200,,SUBMISSION,VEV_5000,XIREC,250.0,9
223300,Mark 38,Mark 14,VEV_4000,XIREC,1257.0,2
223500,SUBMISSION,,HYDROGEL_PACK,XIREC,9998.0,2
223600,SUBMISSION,,HYDROGEL_PACK,XIREC,9994.0,9
223700,SUBMISSION,,HYDROGEL_PACK,XIREC,9992.0,13
223800,SUBMISSION,,HYDROGEL_PACK,XIREC,9994.0,9
223900,SUBMISSION,,HYDROGEL_PACK,XIREC,9996.0,6
224000,SUBMISSION,,HYDROGEL_PACK,XIREC,9997.0,4
224100,SUBMISSION,,HYDROGEL_PACK,XIREC,9994.0,9
224100,Mark 38,Mark 14,VEV_4000,XIREC,1258.0,2
224200,SUBMISSION,,HYDROGEL_PACK,XIREC,9996.0,6
224300,SUBMISSION,,HYDROGEL_PACK,XIREC,9994.0,10
224400,SUBMISSION,,HYDROGEL_PACK,XIREC,9994.0,10
224500,SUBMISSION,,HYDROGEL_PACK,XIREC,9994.0,9
224600,SUBMISSION,,HYDROGEL_PACK,XIREC,9993.0,10
224600,SUBMISSION,,HYDROGEL_PACK,XIREC,9996.0,1
224700,SUBMISSION,,HYDROGEL_PACK,XIREC,9993.0,10
224700,SUBMISSION,,HYDROGEL_PACK,XIREC,9995.0,1
224800,SUBMISSION,,HYDROGEL_PACK,XIREC,9992.0,12
224800,SUBMISSION,,HYDROGEL_PACK,XIREC,9995.0,1
224900,SUBMISSION,,HYDROGEL_PACK,XIREC,9990.0,15
224900,SUBMISSION,,HYDROGEL_PACK,XIREC,9992.0,2
225000,SUBMISSION,,HYDROGEL_PACK,XIREC,9989.0,11
225000,SUBMISSION,,HYDROGEL_PACK,XIREC,9992.0,3
225100,Mark 55,SUBMISSION,VELVETFRUIT_EXTRACT,XIREC,5253.0,5
225500,SUBMISSION,,HYDROGEL_PACK,XIREC,9988.0,2
225800,SUBMISSION,,HYDROGEL_PACK,XIREC,9987.0,2
226100,SUBMISSION,Mark 38,HYDROGEL_PACK,XIREC,9975.0,5
226100,,SUBMISSION,VELVETFRUIT_EXTRACT,XIREC,5251.0,2
226200,,SUBMISSION,VELVETFRUIT_EXTRACT,XIREC,5252.0,4
226400,,SUBMISSION,VELVETFRUIT_EXTRACT,XIREC,5251.0,2
226500,,SUBMISSION,VELVETFRUIT_EXTRACT,XIREC,5252.0,4
226900,,SUBMISSION,VELVETFRUIT_EXTRACT,XIREC,5252.0,4
227000,,SUBMISSION,VELVETFRUIT_EXTRACT,XIREC,5251.0,2
227100,,SUBMISSION,VELVETFRUIT_EXTRACT,XIREC,5251.0,2
227500,,SUBMISSION,VELVETFRUIT_EXTRACT,XIREC,5252.0,4
227600,,SUBMISSION,VELVETFRUIT_EXTRACT,XIREC,5253.0,8
227700,,SUBMISSION,VELVETFRUIT_EXTRACT,XIREC,5253.0,8
227900,,SUBMISSION,VELVETFRUIT_EXTRACT,XIREC,5252.0,4
228100,,SUBMISSION,VELVETFRUIT_EXTRACT,XIREC,5251.0,2
229000,SUBMISSION,,VELVETFRUIT_EXTRACT,XIREC,5245.0,2
229000,,SUBMISSION,VEV_5000,XIREC,248.0,23
229000,,SUBMISSION,VEV_5100,XIREC,162.0,9
229100,Mark 38,Mark 14,VEV_4000,XIREC,1258.0,1
230000,Mark 38,Mark 14,HYDROGEL_PACK,XIREC,9998.0,4
230500,SUBMISSION,,VELVETFRUIT_EXTRACT,XIREC,5247.0,1
230600,SUBMISSION,,VELVETFRUIT_EXTRACT,XIREC,5247.0,1
230700,SUBMISSION,,VELVETFRUIT_EXTRACT,XIREC,5246.0,5
230800,Mark 38,SUBMISSION,HYDROGEL_PACK,XIREC,10006.0,3
230800,SUBMISSION,,VELVETFRUIT_EXTRACT,XIREC,5245.0,10
230900,SUBMISSION,,VELVETFRUIT_EXTRACT,XIREC,5246.0,7
231000,SUBMISSION,,VELVETFRUIT_EXTRACT,XIREC,5246.0,5
231100,SUBMISSION,,VELVETFRUIT_EXTRACT,XIREC,5246.0,5
231200,SUBMISSION,,VELVETFRUIT_EXTRACT,XIREC,5245.0,10
231300,SUBMISSION,,VELVETFRUIT_EXTRACT,XIREC,5245.0,12
231400,SUBMISSION,,VELVETFRUIT_EXTRACT,XIREC,5246.0,5
231500,SUBMISSION,,VELVETFRUIT_EXTRACT,XIREC,5247.0,1
231600,SUBMISSION,,VELVETFRUIT_EXTRACT,XIREC,5247.0,1
231700,SUBMISSION,,VELVETFRUIT_EXTRACT,XIREC,5246.0,5
231800,SUBMISSION,,VELVETFRUIT_EXTRACT,XIREC,5246.0,8
231900,SUBMISSION,,VELVETFRUIT_EXTRACT,XIREC,5245.0,10
232000,SUBMISSION,,VELVETFRUIT_EXTRACT,XIREC,5246.0,5
232100,SUBMISSION,,VELVETFRUIT_EXTRACT,XIREC,5247.0,3
232200,SUBMISSION,,VELVETFRUIT_EXTRACT,XIREC,5246.0,5
232400,SUBMISSION,,VELVETFRUIT_EXTRACT,XIREC,5246.0,5
232500,SUBMISSION,,VELVETFRUIT_EXTRACT,XIREC,5244.0,3
232500,,SUBMISSION,VEV_5000,XIREC,247.0,10
232500,,SUBMISSION,VEV_5100,XIREC,161.0,10
232600,SUBMISSION,,VELVETFRUIT_EXTRACT,XIREC,5245.0,4
232700,SUBMISSION,,VEV_5000,XIREC,253.0,25
232900,SUBMISSION,,VEV_5000,XIREC,252.0,6
233200,SUBMISSION,,VEV_5000,XIREC,252.0,6
233400,SUBMISSION,,VEV_5000,XIREC,252.0,6
233600,SUBMISSION,,VEV_5000,XIREC,252.0,6
234000,SUBMISSION,,VELVETFRUIT_EXTRACT,XIREC,5243.0,3
234000,,SUBMISSION,VEV_5000,XIREC,246.0,25
234000,,SUBMISSION,VEV_5100,XIREC,160.0,20
234500,,SUBMISSION,VEV_5000,XIREC,253.0,3
235000,,SUBMISSION,HYDROGEL_PACK,XIREC,10006.0,3
235100,,SUBMISSION,HYDROGEL_PACK,XIREC,10005.0,1
235200,SUBMISSION,,VEV_5000,XIREC,254.0,11
235300,SUBMISSION,,VEV_5000,XIREC,251.0,3
235300,,SUBMISSION,VEV_5100,XIREC,162.0,10
235300,Mark 01,Mark 22,VEV_5400,XIREC,16.0,3
235300,Mark 01,Mark 22,VEV_5500,XIREC,7.0,3
235300,Mark 01,Mark 22,VEV_6000,XIREC,0.0,3
235300,Mark 01,Mark 22,VEV_6500,XIREC,0.0,3
235900,SUBMISSION,Mark 38,HYDROGEL_PACK,XIREC,9999.0,3
236400,,SUBMISSION,HYDROGEL_PACK,XIREC,10005.0,2
236600,,SUBMISSION,HYDROGEL_PACK,XIREC,10008.0,8
236700,,SUBMISSION,HYDROGEL_PACK,XIREC,10010.0,11
236700,,SUBMISSION,HYDROGEL_PACK,XIREC,10008.0,1
236800,,SUBMISSION,HYDROGEL_PACK,XIREC,10007.0,6
236900,,SUBMISSION,HYDROGEL_PACK,XIREC,10006.0,4
237000,,SUBMISSION,HYDROGEL_PACK,XIREC,10009.0,10
237100,,SUBMISSION,HYDROGEL_PACK,XIREC,10011.0,11
237100,,SUBMISSION,HYDROGEL_PACK,XIREC,10008.0,3
237200,,SUBMISSION,HYDROGEL_PACK,XIREC,10011.0,12
237200,,SUBMISSION,HYDROGEL_PACK,XIREC,10009.0,2
237300,,SUBMISSION,HYDROGEL_PACK,XIREC,10011.0,10
237300,,SUBMISSION,HYDROGEL_PACK,XIREC,10008.0,4
237300,SUBMISSION,,VEV_5000,XIREC,258.0,7
237400,,SUBMISSION,HYDROGEL_PACK,XIREC,10009.0,10
237500,,SUBMISSION,HYDROGEL_PACK,XIREC,10010.0,10
237500,,SUBMISSION,HYDROGEL_PACK,XIREC,10008.0,2
237600,,SUBMISSION,HYDROGEL_PACK,XIREC,10012.0,13
237600,,SUBMISSION,HYDROGEL_PACK,XIREC,10010.0,3
237700,,SUBMISSION,HYDROGEL_PACK,XIREC,10010.0,12
237800,,SUBMISSION,HYDROGEL_PACK,XIREC,10011.0,14
237900,,SUBMISSION,HYDROGEL_PACK,XIREC,10011.0,10
237900,,SUBMISSION,HYDROGEL_PACK,XIREC,10008.0,4
237900,Mark 55,SUBMISSION,VELVETFRUIT_EXTRACT,XIREC,5253.0,6
238000,,SUBMISSION,HYDROGEL_PACK,XIREC,10011.0,14
238000,SUBMISSION,,VEV_5100,XIREC,170.0,20
238100,,SUBMISSION,HYDROGEL_PACK,XIREC,10010.0,12
238200,,SUBMISSION,HYDROGEL_PACK,XIREC,10009.0,10
238200,Mark 38,SUBMISSION,HYDROGEL_PACK,XIREC,10024.0,2
238300,,SUBMISSION,HYDROGEL_PACK,XIREC,10009.0,10
238400,,SUBMISSION,HYDROGEL_PACK,XIREC,10007.0,6
238500,,SUBMISSION,HYDROGEL_PACK,XIREC,10008.0,8
238600,,SUBMISSION,HYDROGEL_PACK,XIREC,10007.0,6
238700,,SUBMISSION,HYDROGEL_PACK,XIREC,10009.0,10
239100,,SUBMISSION,VELVETFRUIT_EXTRACT,XIREC,5251.0,3
239300,,SUBMISSION,VELVETFRUIT_EXTRACT,XIREC,5251.0,3
239400,,SUBMISSION,VELVETFRUIT_EXTRACT,XIREC,5251.0,3
239400,Mark 14,Mark 55,VELVETFRUIT_EXTRACT,XIREC,5251.0,6
239500,,SUBMISSION,HYDROGEL_PACK,XIREC,10010.0,3
239500,,SUBMISSION,VELVETFRUIT_EXTRACT,XIREC,5251.0,6
239600,,SUBMISSION,VELVETFRUIT_EXTRACT,XIREC,5252.0,6
239600,Mark 55,SUBMISSION,VELVETFRUIT_EXTRACT,XIREC,5254.0,5
239600,Mark 14,Mark 38,HYDROGEL_PACK,XIREC,10006.0,4
239700,Mark 38,SUBMISSION,HYDROGEL_PACK,XIREC,10020.0,6
239700,,SUBMISSION,VELVETFRUIT_EXTRACT,XIREC,5252.0,8
239800,,SUBMISSION,VELVETFRUIT_EXTRACT,XIREC,5253.0,13
239800,SUBMISSION,,VEV_5100,XIREC,174.0,20
239900,,SUBMISSION,VELVETFRUIT_EXTRACT,XIREC,5253.0,13
239900,SUBMISSION,,VEV_5100,XIREC,174.0,9
240000,,SUBMISSION,VELVETFRUIT_EXTRACT,XIREC,5252.0,8
240100,,SUBMISSION,VELVETFRUIT_EXTRACT,XIREC,5252.0,11
240200,,SUBMISSION,VELVETFRUIT_EXTRACT,XIREC,5253.0,13
240200,Mark 55,SUBMISSION,VELVETFRUIT_EXTRACT,XIREC,5257.0,3
240300,,SUBMISSION,VELVETFRUIT_EXTRACT,XIREC,5252.0,8
240400,,SUBMISSION,VELVETFRUIT_EXTRACT,XIREC,5252.0,8
240500,,SUBMISSION,HYDROGEL_PACK,XIREC,10014.0,4
240500,,SUBMISSION,VELVETFRUIT_EXTRACT,XIREC,5252.0,11
240600,,SUBMISSION,VELVETFRUIT_EXTRACT,XIREC,5254.0,15
240600,,SUBMISSION,VELVETFRUIT_EXTRACT,XIREC,5253.0,3
240600,Mark 14,Mark 38,HYDROGEL_PACK,XIREC,10013.0,3
240700,,SUBMISSION,HYDROGEL_PACK,XIREC,10015.0,3
240700,,SUBMISSION,VELVETFRUIT_EXTRACT,XIREC,5255.0,22
240700,,SUBMISSION,VELVETFRUIT_EXTRACT,XIREC,5254.0,1
240800,,SUBMISSION,HYDROGEL_PACK,XIREC,10015.0,1
240800,,SUBMISSION,VELVETFRUIT_EXTRACT,XIREC,5254.0,20
240900,,SUBMISSION,VELVETFRUIT_EXTRACT,XIREC,5254.0,20
241000,,SUBMISSION,VELVETFRUIT_EXTRACT,XIREC,5255.0,23
241100,,SUBMISSION,VELVETFRUIT_EXTRACT,XIREC,5257.0,16
241100,,SUBMISSION,VELVETFRUIT_EXTRACT,XIREC,5256.0,14
241100,,SUBMISSION,VEV_5000,XIREC,261.0,2
241200,,SUBMISSION,VEV_5000,XIREC,260.0,25
241200,,SUBMISSION,VEV_5100,XIREC,172.0,2
241300,,SUBMISSION,VEV_5000,XIREC,260.0,25
241300,,SUBMISSION,VEV_5100,XIREC,172.0,2
241400,,SUBMISSION,VEV_5000,XIREC,260.0,7
241400,,SUBMISSION,VEV_5000,XIREC,259.0,16
241400,,SUBMISSION,VEV_5100,XIREC,172.0,3
241500,,SUBMISSION,VEV_5000,XIREC,259.0,24
241500,SUBMISSION,,VEV_5100,XIREC,176.0,7
241600,,SUBMISSION,VEV_5000,XIREC,261.0,23
241600,,SUBMISSION,VEV_5100,XIREC,173.0,8
241700,,SUBMISSION,VELVETFRUIT_EXTRACT,XIREC,5258.0,5
241700,,SUBMISSION,VEV_5000,XIREC,262.0,9
241700,,SUBMISSION,VEV_5000,XIREC,261.0,19
241700,,SUBMISSION,VEV_5100,XIREC,174.0,2
241700,SUBMISSION,,VEV_5100,XIREC,178.0,8
241800,,SUBMISSION,VEV_5000,XIREC,260.0,26
241900,,SUBMISSION,VEV_5000,XIREC,262.0,6
241900,,SUBMISSION,VEV_5000,XIREC,261.0,22
241900,,SUBMISSION,VEV_5100,XIREC,173.0,6
241900,SUBMISSION,,VEV_5100,XIREC,178.0,2
241900,Mark 14,Mark 38,HYDROGEL_PACK,XIREC,10005.0,2
242000,,SUBMISSION,VEV_5000,XIREC,262.0,22
242000,,SUBMISSION,VEV_5100,XIREC,174.0,13
242000,SUBMISSION,,VEV_5100,XIREC,179.0,6
242100,,SUBMISSION,VEV_5000,XIREC,263.0,11
242100,,SUBMISSION,VEV_5000,XIREC,262.0,13
242100,,SUBMISSION,VEV_5100,XIREC,174.0,11
242100,SUBMISSION,,VEV_5100,XIREC,179.0,13
242200,,SUBMISSION,VEV_5000,XIREC,263.0,8
242200,,SUBMISSION,VEV_5000,XIREC,262.0,22
242200,,SUBMISSION,VEV_5100,XIREC,175.0,5
242200,SUBMISSION,,VEV_5100,XIREC,179.0,8
242300,,SUBMISSION,VEV_5000,XIREC,262.0,3
242300,,SUBMISSION,VEV_5000,XIREC,262.0,3
242300,,SUBMISSION,VEV_5100,XIREC,174.0,8
242300,,SUBMISSION,VEV_5100,XIREC,173.0,19
242300,SUBMISSION,,VEV_5100,XIREC,178.0,8
242400,,SUBMISSION,VEV_5100,XIREC,173.0,11
242400,,SUBMISSION,VEV_5100,XIREC,172.0,14
242400,SUBMISSION,,VEV_5100,XIREC,177.0,11
242500,,SUBMISSION,VEV_5100,XIREC,172.0,23
242600,,SUBMISSION,VEV_5100,XIREC,172.0,23
242700,,SUBMISSION,VEV_5100,XIREC,171.0,6
242700,,SUBMISSION,VEV_5100,XIREC,170.0,11
242800,,SUBMISSION,VEV_5100,XIREC,170.0,14
242900,Mark 67,SUBMISSION,VELVETFRUIT_EXTRACT,XIREC,5253.0,5
243000,,SUBMISSION,VEV_5100,XIREC,170.0,10
243100,,SUBMISSION,VEV_5100,XIREC,169.0,5
243200,,SUBMISSION,VEV_5100,XIREC,168.0,1
243300,,SUBMISSION,VEV_5100,XIREC,168.0,1
243400,,SUBMISSION,VEV_5100,XIREC,169.0,6
243500,,SUBMISSION,VEV_5100,XIREC,170.0,9
243500,,SUBMISSION,VEV_5100,XIREC,169.0,1
243600,,SUBMISSION,VEV_5100,XIREC,169.0,8
243700,,SUBMISSION,VEV_5100,XIREC,169.0,10
243800,,SUBMISSION,VEV_5100,XIREC,171.0,11
243800,,SUBMISSION,VEV_5100,XIREC,170.0,3
243900,,SUBMISSION,VEV_5100,XIREC,170.0,14
244000,,SUBMISSION,VEV_5100,XIREC,171.0,6
244000,,SUBMISSION,VEV_5100,XIREC,170.0,8
244300,SUBMISSION,,VEV_5100,XIREC,174.0,10
244500,,SUBMISSION,VEV_5100,XIREC,170.0,3
244500,,SUBMISSION,VEV_5100,XIREC,170.0,3
245600,Mark 55,SUBMISSION,VELVETFRUIT_EXTRACT,XIREC,5255.0,6
246000,SUBMISSION,,VEV_5000,XIREC,263.0,7
246000,SUBMISSION,,VEV_5100,XIREC,174.0,20
246100,,SUBMISSION,VEV_5100,XIREC,170.0,12
246200,,SUBMISSION,VEV_5100,XIREC,170.0,6
246200,,SUBMISSION,VEV_5100,XIREC,170.0,3
246200,,SUBMISSION,VEV_5100,XIREC,169.0,3
247200,SUBMISSION,,VEV_5100,XIREC,176.0,6
247300,,SUBMISSION,VEV_5100,XIREC,172.0,4
247300,,SUBMISSION,VEV_5100,XIREC,172.0,4
247700,SUBMISSION,,VEV_5100,XIREC,175.0,6
247800,,SUBMISSION,VEV_4000,XIREC,1257.0,2
247800,,SUBMISSION,VEV_4500,XIREC,757.0,2
248000,,SUBMISSION,VEV_5100,XIREC,171.0,1
248200,Mark 38,SUBMISSION,HYDROGEL_PACK,XIREC,10024.0,5
248200,,SUBMISSION,VEV_5100,XIREC,172.0,2
248300,,SUBMISSION,VEV_5100,XIREC,173.0,1
248300,Mark 01,Mark 55,VELVETFRUIT_EXTRACT,XIREC,5257.0,5
248400,,SUBMISSION,VEV_5000,XIREC,262.0,5
248400,,SUBMISSION,VEV_5100,XIREC,174.0,3
248500,,SUBMISSION,VEV_5000,XIREC,264.0,2
248500,,SUBMISSION,VEV_5000,XIREC,264.0,2
248500,,SUBMISSION,VEV_5100,XIREC,175.0,1
248500,SUBMISSION,,VEV_5100,XIREC,180.0,20
248500,,SUBMISSION,VEV_5200,XIREC,103.0,1
248600,SUBMISSION,,VEV_5000,XIREC,271.0,6
248600,,SUBMISSION,VEV_5100,XIREC,177.0,6
248600,,SUBMISSION,VEV_5100,XIREC,176.0,18
248600,SUBMISSION,,VEV_5100,XIREC,181.0,6
248700,,SUBMISSION,VEV_5000,XIREC,265.0,4
248700,,SUBMISSION,VEV_5000,XIREC,265.0,3
248700,,SUBMISSION,VEV_5000,XIREC,264.0,1
248700,,SUBMISSION,VEV_5100,XIREC,176.0,2
248800,SUBMISSION,,VEV_5000,XIREC,271.0,22
248800,SUBMISSION,,VEV_5100,XIREC,181.0,20
248900,,SUBMISSION,VEV_5000,XIREC,265.0,10
248900,,SUBMISSION,VEV_5000,XIREC,264.0,18
248900,,SUBMISSION,VEV_5100,XIREC,176.0,8
248900,SUBMISSION,,VEV_5100,XIREC,181.0,20
249000,,SUBMISSION,VEV_5100,XIREC,175.0,32
249000,SUBMISSION,,VEV_5100,XIREC,180.0,20
249100,,SUBMISSION,VEV_5100,XIREC,177.0,7
249100,,SUBMISSION,VEV_5100,XIREC,176.0,15
249100,SUBMISSION,,VEV_5100,XIREC,182.0,20
249200,SUBMISSION,,VEV_5000,XIREC,272.0,12
249200,,SUBMISSION,VEV_5100,XIREC,177.0,18
249200,SUBMISSION,,VEV_5100,XIREC,182.0,12
249300,,SUBMISSION,VEV_5000,XIREC,266.0,2
249300,SUBMISSION,,VEV_5000,XIREC,273.0,21
249300,,SUBMISSION,VEV_5100,XIREC,178.0,7
249300,,SUBMISSION,VEV_5100,XIREC,177.0,12
249300,SUBMISSION,,VEV_5100,XIREC,182.0,7
249400,,SUBMISSION,VEV_5000,XIREC,267.0,7
249400,,SUBMISSION,VEV_5000,XIREC,266.0,14
249400,SUBMISSION,,VEV_5100,XIREC,183.0,20
249500,,SUBMISSION,VEV_5100,XIREC,177.0,20
249500,SUBMISSION,,VEV_5100,XIREC,182.0,20
249600,SUBMISSION,,VEV_5000,XIREC,273.0,25
249600,,SUBMISSION,VEV_5100,XIREC,177.0,20
249600,SUBMISSION,,VEV_5100,XIREC,182.0,12
249700,,SUBMISSION,VEV_5000,XIREC,266.0,23
249700,SUBMISSION,,VEV_5000,XIREC,273.0,23
249700,,SUBMISSION,VEV_5100,XIREC,178.0,11
249700,,SUBMISSION,VEV_5100,XIREC,177.0,2
249700,SUBMISSION,,VEV_5100,XIREC,182.0,11
249800,,SUBMISSION,VEV_4000,XIREC,1266.0,3
249800,,SUBMISSION,VEV_4500,XIREC,766.0,3
249800,,SUBMISSION,VEV_5000,XIREC,270.0,3
249800,,SUBMISSION,VEV_5000,XIREC,268.0,8
249800,,SUBMISSION,VEV_5000,XIREC,267.0,12
249800,,SUBMISSION,VEV_5100,XIREC,181.0,3
249800,,SUBMISSION,VEV_5100,XIREC,179.0,4
249900,,SUBMISSION,VEV_5000,XIREC,268.0,2
249900,,SUBMISSION,VEV_5000,XIREC,268.0,2
249900,,SUBMISSION,VEV_5100,XIREC,179.0,3
249900,,SUBMISSION,VEV_5100,XIREC,179.0,3
249900,SUBMISSION,,VEV_5100,XIREC,183.0,8
250000,SUBMISSION,,VEV_5000,XIREC,274.0,20
250000,,SUBMISSION,VEV_5100,XIREC,178.0,5
250000,SUBMISSION,,VEV_5100,XIREC,183.0,7
250100,,SUBMISSION,VEV_5000,XIREC,267.0,11
250100,,SUBMISSION,VEV_5000,XIREC,266.0,18
250100,SUBMISSION,,VEV_5000,XIREC,273.0,11
250100,,SUBMISSION,VEV_5100,XIREC,178.0,7
250100,SUBMISSION,,VEV_5100,XIREC,183.0,20
250200,SUBMISSION,,VEV_5000,XIREC,272.0,10
250200,,SUBMISSION,VEV_5100,XIREC,177.0,20
250200,SUBMISSION,,VEV_5100,XIREC,182.0,20
250300,,SUBMISSION,VEV_5000,XIREC,265.0,10
250300,SUBMISSION,,VEV_5000,XIREC,272.0,21
250300,,SUBMISSION,VEV_5100,XIREC,177.0,6
250300,,SUBMISSION,VEV_5100,XIREC,176.0,15
250300,SUBMISSION,,VEV_5100,XIREC,181.0,6
250400,,SUBMISSION,VEV_5000,XIREC,266.0,9
250400,,SUBMISSION,VEV_5000,XIREC,265.0,12
250400,,SUBMISSION,VEV_5100,XIREC,177.0,5
250500,Mark 01,Mark 55,VELVETFRUIT_EXTRACT,XIREC,5260.0,4
250600,SUBMISSION,Mark 38,VEV_4000,XIREC,1253.0,2
251200,Mark 01,Mark 55,VELVETFRUIT_EXTRACT,XIREC,5262.0,8
251500,SUBMISSION,,VEV_5000,XIREC,271.0,25
251500,SUBMISSION,,VEV_5100,XIREC,180.0,10
251600,,SUBMISSION,VEV_5000,XIREC,265.0,23
251600,SUBMISSION,,VEV_5000,XIREC,272.0,25
251600,,SUBMISSION,VEV_5100,XIREC,177.0,9
251600,,SUBMISSION,VEV_5100,XIREC,177.0,1
251600,SUBMISSION,,VEV_5100,XIREC,181.0,10
251600,Mark 38,Mark 14,VEV_4000,XIREC,1275.0,3
251700,,SUBMISSION,VEV_5000,XIREC,266.0,8
251700,,SUBMISSION,VEV_5000,XIREC,265.0,13
251700,SUBMISSION,,VEV_5000,XIREC,272.0,8
251700,,SUBMISSION,VEV_5100,XIREC,177.0,10
251700,SUBMISSION,,VEV_5100,XIREC,182.0,20
251800,,SUBMISSION,VEV_5000,XIREC,267.0,12
251800,,SUBMISSION,VEV_5000,XIREC,266.0,13
251800,,SUBMISSION,VEV_5100,XIREC,178.0,11
251800,SUBMISSION,,VEV_5100,XIREC,182.0,12
251900,Mark 67,SUBMISSION,VELVETFRUIT_EXTRACT,XIREC,5262.0,12
251900,,SUBMISSION,VEV_5100,XIREC,177.0,6
251900,,SUBMISSION,VEV_5100,XIREC,176.0,16
251900,Mark 67,Mark 49,VELVETFRUIT_EXTRACT,XIREC,5263.0,2
252300,SUBMISSION,,VEV_5000,XIREC,272.0,24
252300,SUBMISSION,,VEV_5100,XIREC,181.0,11
252400,Mark 55,SUBMISSION,VELVETFRUIT_EXTRACT,XIREC,5266.0,6
252400,,SUBMISSION,VEV_5000,XIREC,266.0,8
252400,,SUBMISSION,VEV_5000,XIREC,266.0,4
252400,,SUBMISSION,VEV_5000,XIREC,265.0,4
252400,,SUBMISSION,VEV_5100,XIREC,177.0,8
252500,SUBMISSION,Mark 38,HYDROGEL_PACK,XIREC,9989.0,3
252500,SUBMISSION,,VEV_5000,XIREC,268.0,2
252500,SUBMISSION,,VEV_5100,XIREC,179.0,2
252500,Mark 01,Mark 22,VEV_5300,XIREC,53.0,2
252500,Mark 01,Mark 22,VEV_5400,XIREC,19.0,2
252500,Mark 01,Mark 22,VEV_5500,XIREC,8.0,2
252500,Mark 01,Mark 22,VEV_6000,XIREC,0.0,2
252500,Mark 01,Mark 22,VEV_6500,XIREC,0.0,2
252600,SUBMISSION,,VEV_5000,XIREC,274.0,8
252600,,SUBMISSION,VEV_5100,XIREC,179.0,4
252600,SUBMISSION,,VEV_5100,XIREC,184.0,20
252700,,SUBMISSION,VEV_5000,XIREC,267.0,6
252700,,SUBMISSION,VEV_5100,XIREC,178.0,20
252700,SUBMISSION,,VEV_5100,XIREC,183.0,7
252800,,SUBMISSION,VEV_5100,XIREC,178.0,5
252800,,SUBMISSION,VEV_5100,XIREC,178.0,1
252800,,SUBMISSION,VEV_5100,XIREC,177.0,4
252800,SUBMISSION,,VEV_5100,XIREC,182.0,6
252900,,SUBMISSION,VEV_5100,XIREC,178.0,1
252900,,SUBMISSION,VEV_5100,XIREC,178.0,1
252900,SUBMISSION,,VEV_5100,XIREC,182.0,8
253000,,SUBMISSION,VEV_5100,XIREC,177.0,6
253000,,SUBMISSION,VEV_5100,XIREC,176.0,6
253000,SUBMISSION,,VEV_5100,XIREC,181.0,6
253100,SUBMISSION,,HYDROGEL_PACK,XIREC,10001.0,1
253900,SUBMISSION,,HYDROGEL_PACK,XIREC,10001.0,1
253900,Mark 55,SUBMISSION,VELVETFRUIT_EXTRACT,XIREC,5265.0,3
254200,SUBMISSION,,HYDROGEL_PACK,XIREC,10001.0,2
254300,SUBMISSION,,HYDROGEL_PACK,XIREC,10001.0,2
254400,SUBMISSION,,HYDROGEL_PACK,XIREC,9998.0,9
254500,SUBMISSION,,HYDROGEL_PACK,XIREC,10000.0,4
254600,SUBMISSION,,HYDROGEL_PACK,XIREC,9999.0,7
254700,SUBMISSION,,HYDROGEL_PACK,XIREC,9997.0,3
254700,Mark 38,Mark 14,HYDROGEL_PACK,XIREC,9997.0,5
254800,SUBMISSION,,HYDROGEL_PACK,XIREC,9997.0,11
254800,SUBMISSION,,HYDROGEL_PACK,XIREC,9999.0,1
254800,SUBMISSION,,VEV_5000,XIREC,272.0,9
254800,SUBMISSION,,VEV_5100,XIREC,182.0,9
254900,SUBMISSION,,HYDROGEL_PACK,XIREC,9997.0,12
254900,,SUBMISSION,VEV_5000,XIREC,266.0,1
254900,,SUBMISSION,VEV_5000,XIREC,266.0,1
254900,,SUBMISSION,VEV_5100,XIREC,177.0,7
255000,SUBMISSION,,HYDROGEL_PACK,XIREC,9996.0,13
255000,SUBMISSION,,HYDROGEL_PACK,XIREC,9998.0,1
255000,SUBMISSION,Mark 38,HYDROGEL_PACK,XIREC,9981.0,4
255100,SUBMISSION,,HYDROGEL_PACK,XIREC,9995.0,11
255100,SUBMISSION,,HYDROGEL_PACK,XIREC,9998.0,5
255200,SUBMISSION,,HYDROGEL_PACK,XIREC,9993.0,12
255200,SUBMISSION,,HYDROGEL_PACK,XIREC,9996.0,10
255300,SUBMISSION,,HYDROGEL_PACK,XIREC,9989.0,13
255300,SUBMISSION,,HYDROGEL_PACK,XIREC,9991.0,19
255300,SUBMISSION,Mark 38,HYDROGEL_PACK,XIREC,9974.0,2
255400,SUBMISSION,,HYDROGEL_PACK,XIREC,9989.0,14
255400,SUBMISSION,,HYDROGEL_PACK,XIREC,9991.0,18
255400,SUBMISSION,Mark 38,HYDROGEL_PACK,XIREC,9974.0,3
255500,SUBMISSION,,HYDROGEL_PACK,XIREC,9986.0,13
255500,SUBMISSION,,HYDROGEL_PACK,XIREC,9989.0,23
255600,SUBMISSION,,HYDROGEL_PACK,XIREC,9985.0,14
255600,SUBMISSION,,HYDROGEL_PACK,XIREC,9988.0,21
255700,SUBMISSION,,HYDROGEL_PACK,XIREC,9987.0,12
255700,SUBMISSION,,HYDROGEL_PACK,XIREC,9989.0,14
255800,SUBMISSION,,HYDROGEL_PACK,XIREC,9983.0,6
256000,,SUBMISSION,VEV_5100,XIREC,178.0,1
256000,,SUBMISSION,VEV_5100,XIREC,178.0,1
256300,,SUBMISSION,VEV_5000,XIREC,268.0,3
256300,,SUBMISSION,VEV_5000,XIREC,268.0,3
256700,SUBMISSION,,VEV_5000,XIREC,272.0,10
256700,SUBMISSION,,VEV_5100,XIREC,182.0,20
256800,,SUBMISSION,VEV_5000,XIREC,266.0,1
256800,,SUBMISSION,VEV_5000,XIREC,266.0,1
256800,,SUBMISSION,VEV_5100,XIREC,177.0,17
256900,,SUBMISSION,VEV_5000,XIREC,267.0,1
256900,,SUBMISSION,VEV_5000,XIREC,267.0,1
256900,,SUBMISSION,VEV_5100,XIREC,178.0,1
256900,,SUBMISSION,VEV_5100,XIREC,178.0,1
257600,,SUBMISSION,VEV_4000,XIREC,1263.0,3
257600,,SUBMISSION,VEV_4500,XIREC,763.0,3
258400,Mark 67,SUBMISSION,VELVETFRUIT_EXTRACT,XIREC,5256.0,4
258400,Mark 67,Mark 22,VELVETFRUIT_EXTRACT,XIREC,5257.0,4
259100,,SUBMISSION,VEV_5000,XIREC,260.0,1
259100,,SUBMISSION,VEV_5000,XIREC,260.0,1
259400,,SUBMISSION,VEV_5000,XIREC,261.0,1
259400,,SUBMISSION,VEV_5000,XIREC,261.0,1
259400,,SUBMISSION,VEV_5100,XIREC,173.0,1
259400,,SUBMISSION,VEV_5100,XIREC,173.0,1
261400,SUBMISSION,,VEV_5000,XIREC,265.0,25
261500,,SUBMISSION,VEV_5000,XIREC,258.0,14
262200,Mark 01,Mark 55,VELVETFRUIT_EXTRACT,XIREC,5250.0,4
262300,Mark 38,SUBMISSION,HYDROGEL_PACK,XIREC,10004.0,4
262700,,SUBMISSION,VEV_5000,XIREC,259.0,6
262700,,SUBMISSION,VEV_5000,XIREC,258.0,7
262800,Mark 38,SUBMISSION,HYDROGEL_PACK,XIREC,10007.0,2
263100,Mark 38,Mark 14,VEV_4000,XIREC,1268.0,3
263900,Mark 55,SUBMISSION,VELVETFRUIT_EXTRACT,XIREC,5256.0,3
263900,Mark 55,Mark 14,VELVETFRUIT_EXTRACT,XIREC,5257.0,4
264100,SUBMISSION,,VEV_5000,XIREC,260.0,8
265400,Mark 67,SUBMISSION,VELVETFRUIT_EXTRACT,XIREC,5250.0,2
265400,Mark 67,Mark 49,VELVETFRUIT_EXTRACT,XIREC,5250.0,7
265600,SUBMISSION,Mark 55,VELVETFRUIT_EXTRACT,XIREC,5248.0,5
265700,SUBMISSION,,VELVETFRUIT_EXTRACT,XIREC,5247.0,14
265800,Mark 55,SUBMISSION,VELVETFRUIT_EXTRACT,XIREC,5251.0,4
265800,Mark 55,Mark 14,VELVETFRUIT_EXTRACT,XIREC,5252.0,3
265900,SUBMISSION,Mark 38,VEV_4000,XIREC,1241.0,1
266300,Mark 38,Mark 14,HYDROGEL_PACK,XIREC,9999.0,4
266500,Mark 55,SUBMISSION,VELVETFRUIT_EXTRACT,XIREC,5252.0,4
266500,Mark 55,Mark 01,VELVETFRUIT_EXTRACT,XIREC,5253.0,1
266600,Mark 38,Mark 14,HYDROGEL_PACK,XIREC,9997.0,4
267400,Mark 55,SUBMISSION,VELVETFRUIT_EXTRACT,XIREC,5252.0,3
268300,Mark 38,Mark 14,VEV_4000,XIREC,1257.0,2
268700,Mark 55,SUBMISSION,VELVETFRUIT_EXTRACT,XIREC,5250.0,3
268700,Mark 55,Mark 14,VELVETFRUIT_EXTRACT,XIREC,5251.0,2
269300,SUBMISSION,Mark 38,HYDROGEL_PACK,XIREC,9974.0,3
269300,SUBMISSION,Mark 55,VELVETFRUIT_EXTRACT,XIREC,5248.0,5
271600,SUBMISSION,Mark 38,VEV_4000,XIREC,1249.0,1
272600,Mark 67,SUBMISSION,VELVETFRUIT_EXTRACT,XIREC,5260.0,5
272600,Mark 67,Mark 22,VELVETFRUIT_EXTRACT,XIREC,5261.0,2
274500,SUBMISSION,,VEV_5000,XIREC,265.0,21
274500,SUBMISSION,,VEV_5100,XIREC,175.0,7
274600,,SUBMISSION,VEV_5000,XIREC,260.0,7
274600,,SUBMISSION,VEV_5000,XIREC,259.0,3
274600,Mark 38,Mark 14,HYDROGEL_PACK,XIREC,9989.0,2
274700,,SUBMISSION,VEV_5000,XIREC,259.0,1
274900,,SUBMISSION,VELVETFRUIT_EXTRACT,XIREC,5255.0,3
275300,Mark 55,SUBMISSION,VELVETFRUIT_EXTRACT,XIREC,5258.0,3
275300,SUBMISSION,,VEV_5000,XIREC,264.0,24
275300,Mark 55,Mark 01,VELVETFRUIT_EXTRACT,XIREC,5259.0,5
275400,,SUBMISSION,VEV_5000,XIREC,260.0,7
275400,,SUBMISSION,VEV_5000,XIREC,259.0,3
275500,,SUBMISSION,VEV_5000,XIREC,261.0,12
275500,,SUBMISSION,VEV_5000,XIREC,260.0,1
275600,,SUBMISSION,VEV_5000,XIREC,260.0,4
275700,Mark 38,Mark 14,HYDROGEL_PACK,XIREC,9996.0,2
276500,Mark 55,SUBMISSION,VELVETFRUIT_EXTRACT,XIREC,5254.0,2
276500,SUBMISSION,,VEV_5000,XIREC,260.0,9
276500,Mark 55,Mark 14,VELVETFRUIT_EXTRACT,XIREC,5255.0,5
277400,Mark 55,SUBMISSION,VELVETFRUIT_EXTRACT,XIREC,5253.0,1
277400,Mark 55,Mark 14,VELVETFRUIT_EXTRACT,XIREC,5254.0,3
278000,,SUBMISSION,VEV_5000,XIREC,257.0,12
278000,,SUBMISSION,VEV_5000,XIREC,256.0,9
278100,,SUBMISSION,VEV_5100,XIREC,170.0,2
278200,SUBMISSION,,VEV_5000,XIREC,263.0,12
278300,Mark 55,SUBMISSION,VELVETFRUIT_EXTRACT,XIREC,5257.0,1
278300,Mark 55,Mark 14,VELVETFRUIT_EXTRACT,XIREC,5258.0,4
279600,Mark 55,SUBMISSION,VELVETFRUIT_EXTRACT,XIREC,5259.0,1
279600,Mark 55,Mark 01,VELVETFRUIT_EXTRACT,XIREC,5260.0,3
279700,SUBMISSION,,VEV_5000,XIREC,265.0,8
279800,,SUBMISSION,VEV_5000,XIREC,261.0,7
279800,,SUBMISSION,VEV_5000,XIREC,260.0,8
280000,SUBMISSION,,HYDROGEL_PACK,XIREC,9967.0,3
280500,Mark 38,Mark 14,HYDROGEL_PACK,XIREC,9973.0,2
281100,SUBMISSION,Mark 38,HYDROGEL_PACK,XIREC,9953.0,3
281400,,SUBMISSION,VELVETFRUIT_EXTRACT,XIREC,5252.0,1
281400,Mark 67,Mark 49,VELVETFRUIT_EXTRACT,XIREC,5253.0,15
281500,,SUBMISSION,VEV_5000,XIREC,258.0,3
281500,,SUBMISSION,VEV_5000,XIREC,258.0,3
281500,,SUBMISSION,VEV_5100,XIREC,171.0,3
281500,,SUBMISSION,VEV_5100,XIREC,171.0,3
281500,Mark 38,Mark 14,VEV_4000,XIREC,1267.0,1
282200,SUBMISSION,,VEV_5000,XIREC,269.0,9
282200,Mark 38,Mark 14,HYDROGEL_PACK,XIREC,9979.0,2
282200,Mark 14,Mark 55,VELVETFRUIT_EXTRACT,XIREC,5260.0,7
282400,,SUBMISSION,VEV_5000,XIREC,261.0,1
282500,,SUBMISSION,VEV_5000,XIREC,262.0,3
282800,SUBMISSION,,VEV_5000,XIREC,267.0,8
282800,SUBMISSION,,VEV_5100,XIREC,178.0,20
282900,,SUBMISSION,VEV_5000,XIREC,260.0,2
282900,,SUBMISSION,VEV_5100,XIREC,173.0,11
282900,,SUBMISSION,VEV_5100,XIREC,172.0,2
283400,Mark 55,Mark 14,VELVETFRUIT_EXTRACT,XIREC,5259.0,7
283900,,SUBMISSION,VEV_5000,XIREC,261.0,1
284200,,SUBMISSION,VEV_5000,XIREC,262.0,2
284200,SUBMISSION,,VEV_5000,XIREC,268.0,10
284200,,SUBMISSION,VEV_5100,XIREC,174.0,2
284300,,SUBMISSION,VEV_5000,XIREC,262.0,7
284300,,SUBMISSION,VEV_5000,XIREC,261.0,9
284800,,SUBMISSION,VEV_5100,XIREC,175.0,1
285000,,SUBMISSION,VEV_5100,XIREC,177.0,2
285100,,SUBMISSION,VEV_5000,XIREC,266.0,2
285100,,SUBMISSION,VEV_5000,XIREC,266.0,2
285100,SUBMISSION,,VEV_5000,XIREC,272.0,10
285100,,SUBMISSION,VEV_5100,XIREC,178.0,1
285100,,SUBMISSION,VEV_5100,XIREC,178.0,1
285100,SUBMISSION,,VEV_5100,XIREC,182.0,10
285200,,SUBMISSION,VEV_5000,XIREC,265.0,4
285200,,SUBMISSION,VEV_5000,XIREC,265.0,4
285200,,SUBMISSION,VEV_5100,XIREC,176.0,7
285300,SUBMISSION,,VEV_5000,XIREC,271.0,12
285300,,SUBMISSION,VEV_5100,XIREC,177.0,1
285300,,SUBMISSION,VEV_5100,XIREC,177.0,1
285300,SUBMISSION,,VEV_5100,XIREC,181.0,12
285400,SUBMISSION,Mark 38,HYDROGEL_PACK,XIREC,9966.0,5
285400,,SUBMISSION,VEV_5000,XIREC,265.0,10
285400,,SUBMISSION,VEV_5000,XIREC,265.0,1
285400,,SUBMISSION,VEV_5000,XIREC,264.0,9
285400,SUBMISSION,,VEV_5000,XIREC,271.0,11
285400,,SUBMISSION,VEV_5100,XIREC,177.0,7
285400,SUBMISSION,,VEV_5100,XIREC,181.0,11
285500,,SUBMISSION,VEV_5000,XIREC,266.0,3
285500,,SUBMISSION,VEV_5000,XIREC,266.0,3
285500,SUBMISSION,,VEV_5000,XIREC,272.0,7
285500,,SUBMISSION,VEV_5100,XIREC,178.0,7
285500,,SUBMISSION,VEV_5100,XIREC,177.0,16
285500,SUBMISSION,,VEV_5100,XIREC,182.0,7
285700,,SUBMISSION,VEV_5000,XIREC,265.0,1
285700,,SUBMISSION,VEV_5000,XIREC,265.0,1
285700,SUBMISSION,,VEV_5000,XIREC,271.0,9
285700,SUBMISSION,,VEV_5100,XIREC,181.0,9
285800,,SUBMISSION,VEV_5000,XIREC,264.0,6
285800,,SUBMISSION,VEV_5100,XIREC,176.0,6
286000,,SUBMISSION,VEV_4000,XIREC,1262.0,5
286000,,SUBMISSION,VEV_4500,XIREC,762.0,5
286300,Mark 55,SUBMISSION,VELVETFRUIT_EXTRACT,XIREC,5265.0,1
286300,Mark 55,Mark 01,VELVETFRUIT_EXTRACT,XIREC,5266.0,5
286500,,SUBMISSION,VEV_5000,XIREC,267.0,3
286500,,SUBMISSION,VEV_5000,XIREC,267.0,3
286500,,SUBMISSION,VEV_5100,XIREC,178.0,2
286600,SUBMISSION,,VEV_5000,XIREC,273.0,9
286600,,SUBMISSION,VEV_5100,XIREC,178.0,1
286600,SUBMISSION,,VEV_5100,XIREC,183.0,9
286600,Mark 38,Mark 14,VEV_4000,XIREC,1277.0,2
286700,,SUBMISSION,VEV_5000,XIREC,268.0,9
286700,,SUBMISSION,VEV_5000,XIREC,268.0,1
286700,,SUBMISSION,VEV_5000,XIREC,267.0,8
286700,,SUBMISSION,VEV_5100,XIREC,179.0,10
286700,SUBMISSION,,VEV_5100,XIREC,184.0,20
286800,,SUBMISSION,VEV_5100,XIREC,178.0,18
286900,SUBMISSION,,VEV_5000,XIREC,274.0,11
286900,,SUBMISSION,VEV_5100,XIREC,179.0,2
286900,SUBMISSION,,VEV_5100,XIREC,184.0,20
287000,,SUBMISSION,VEV_5100,XIREC,179.0,7
287000,,SUBMISSION,VEV_5100,XIREC,178.0,17
287100,,SUBMISSION,VEV_5000,XIREC,268.0,2
287100,,SUBMISSION,VEV_5000,XIREC,268.0,2
287100,SUBMISSION,,VEV_5000,XIREC,274.0,6
287100,SUBMISSION,,VEV_5100,XIREC,184.0,20
287200,,SUBMISSION,VEV_5000,XIREC,267.0,4
287200,,SUBMISSION,VEV_5000,XIREC,267.0,4
287200,SUBMISSION,,VEV_5000,XIREC,273.0,9
287200,,SUBMISSION,VEV_5100,XIREC,178.0,16
287200,SUBMISSION,,VEV_5100,XIREC,183.0,20
287300,,SUBMISSION,VEV_5000,XIREC,266.0,1
287300,,SUBMISSION,VEV_5100,XIREC,178.0,12
287300,,SUBMISSION,VEV_5100,XIREC,177.0,13
287400,,SUBMISSION,VEV_5000,XIREC,267.0,1
287400,,SUBMISSION,VEV_5000,XIREC,267.0,1
287400,SUBMISSION,,VEV_5000,XIREC,273.0,9
287500,,SUBMISSION,VEV_5000,XIREC,267.0,7
287500,,SUBMISSION,VEV_5000,XIREC,267.0,4
287500,,SUBMISSION,VEV_5000,XIREC,266.0,3
288000,SUBMISSION,,VEV_5000,XIREC,272.0,12
288100,,SUBMISSION,VEV_5000,XIREC,267.0,4
288100,,SUBMISSION,VEV_5000,XIREC,267.0,4
288200,SUBMISSION,,VEV_5000,XIREC,273.0,9
288300,,SUBMISSION,VEV_5000,XIREC,267.0,4
288300,,SUBMISSION,VEV_5000,XIREC,267.0,3
288300,,SUBMISSION,VEV_5000,XIREC,266.0,1
288500,,SUBMISSION,VEV_5000,XIREC,269.0,3
288500,,SUBMISSION,VEV_5000,XIREC,269.0,3
288500,SUBMISSION,,VEV_5000,XIREC,275.0,12
288500,SUBMISSION,,VEV_5100,XIREC,185.0,20
288600,,SUBMISSION,VEV_5000,XIREC,267.0,4
288600,,SUBMISSION,VEV_5100,XIREC,179.0,7
288600,,SUBMISSION,VEV_5100,XIREC,178.0,12
288800,,SUBMISSION,VEV_5000,XIREC,268.0,1
288800,Mark 38,Mark 14,VEV_4000,XIREC,1278.0,1
289000,,SUBMISSION,VEV_5000,XIREC,269.0,2
289000,,SUBMISSION,VEV_5000,XIREC,269.0,2
289000,SUBMISSION,,VEV_5100,XIREC,185.0,9
289100,,SUBMISSION,VEV_5100,XIREC,180.0,4
289100,SUBMISSION,,VEV_5100,XIREC,185.0,6
289100,Mark 55,Mark 14,VELVETFRUIT_EXTRACT,XIREC,5271.0,5
289200,,SUBMISSION,VEV_5100,XIREC,179.0,3
289200,Mark 67,Mark 49,VELVETFRUIT_EXTRACT,XIREC,5266.0,11
289300,,SUBMISSION,VEV_5100,XIREC,179.0,1
289600,,SUBMISSION,VEV_5100,XIREC,180.0,1
289600,,SUBMISSION,VEV_5100,XIREC,180.0,1
289700,SUBMISSION,,VEV_5100,XIREC,186.0,20
289800,,SUBMISSION,VEV_5100,XIREC,181.0,12
289800,,SUBMISSION,VEV_5100,XIREC,180.0,16
289900,SUBMISSION,,VEV_5100,XIREC,186.0,20
290000,,SUBMISSION,VEV_5000,XIREC,272.0,1
290000,,SUBMISSION,VEV_5000,XIREC,272.0,1
290000,,SUBMISSION,VEV_5100,XIREC,183.0,8
290000,,SUBMISSION,VEV_5100,XIREC,182.0,14
290000,SUBMISSION,,VEV_5100,XIREC,188.0,20
290100,,SUBMISSION,VEV_5100,XIREC,183.0,12
290100,SUBMISSION,,VEV_5100,XIREC,188.0,20
290200,,SUBMISSION,VEV_5100,XIREC,184.0,20
290200,SUBMISSION,,VEV_5100,XIREC,189.0,8
290300,,SUBMISSION,VEV_5100,XIREC,184.0,8
290300,,SUBMISSION,VEV_5100,XIREC,184.0,2
290300,,SUBMISSION,VEV_5100,XIREC,183.0,6
290300,SUBMISSION,,VEV_5100,XIREC,188.0,10
290400,,SUBMISSION,VEV_5100,XIREC,184.0,2
290400,SUBMISSION,,VEV_5100,XIREC,189.0,20
290500,,SUBMISSION,VEV_5100,XIREC,182.0,19
290500,SUBMISSION,,VEV_5100,XIREC,187.0,7
290600,,SUBMISSION,VEV_5100,XIREC,182.0,5
290700,,SUBMISSION,VEV_5100,XIREC,182.0,1
290700,SUBMISSION,,VEV_5100,XIREC,187.0,10
290800,,SUBMISSION,VEV_5100,XIREC,185.0,6
290800,,SUBMISSION,VEV_5100,XIREC,184.0,12
290800,SUBMISSION,,VEV_5100,XIREC,189.0,6
290900,Mark 38,Mark 14,HYDROGEL_PACK,XIREC,9965.0,3
291000,SUBMISSION,,VEV_5100,XIREC,188.0,20
291100,SUBMISSION,,VEV_5000,XIREC,279.0,11
291100,,SUBMISSION,VEV_5100,XIREC,184.0,11
291100,,SUBMISSION,VEV_5100,XIREC,183.0,20
291100,SUBMISSION,,VEV_5100,XIREC,189.0,20
291200,,SUBMISSION,VEV_5000,XIREC,274.0,10
291200,,SUBMISSION,VEV_5000,XIREC,273.0,10
291200,,SUBMISSION,VEV_5100,XIREC,185.0,9
291200,,SUBMISSION,VEV_5100,XIREC,185.0,1
291200,,SUBMISSION,VEV_5100,XIREC,184.0,5
291200,SUBMISSION,,VEV_5100,XIREC,189.0,10
291300,,SUBMISSION,VEV_5100,XIREC,186.0,4
291300,,SUBMISSION,VEV_5100,XIREC,186.0,4
291300,SUBMISSION,,VEV_5100,XIREC,190.0,12
291400,,SUBMISSION,VEV_5100,XIREC,185.0,7
291400,Mark 55,Mark 49,VELVETFRUIT_EXTRACT,XIREC,5274.0,5
291500,SUBMISSION,,VEV_5000,XIREC,281.0,11
291500,,SUBMISSION,VEV_5100,XIREC,185.0,1
291500,SUBMISSION,,VEV_5100,XIREC,190.0,20
291600,,SUBMISSION,VEV_5100,XIREC,183.0,7
291600,,SUBMISSION,VEV_5100,XIREC,182.0,17
291800,Mark 67,Mark 22,VELVETFRUIT_EXTRACT,XIREC,5270.0,5
291900,SUBMISSION,,VEV_5000,XIREC,278.0,8
291900,SUBMISSION,,VEV_5100,XIREC,187.0,8
292000,,SUBMISSION,VEV_4000,XIREC,1272.0,3
292000,,SUBMISSION,VEV_4500,XIREC,772.0,3
292000,,SUBMISSION,VEV_5000,XIREC,275.0,3
292000,,SUBMISSION,VEV_5000,XIREC,272.0,3
292000,,SUBMISSION,VEV_5100,XIREC,185.0,1
292000,,SUBMISSION,VEV_5100,XIREC,185.0,1
292200,SUBMISSION,,VEV_5000,XIREC,279.0,7
292200,SUBMISSION,,VEV_5100,XIREC,188.0,7
292300,,SUBMISSION,VEV_5000,XIREC,273.0,6
292300,,SUBMISSION,VEV_5000,XIREC,273.0,2
292300,,SUBMISSION,VEV_5000,XIREC,272.0,4
292300,,SUBMISSION,VEV_5100,XIREC,184.0,7
292300,,SUBMISSION,VEV_5100,XIREC,184.0,1
292300,,SUBMISSION,VEV_5100,XIREC,183.0,6
292300,SUBMISSION,,VEV_5100,XIREC,188.0,8
292400,SUBMISSION,,VEV_5100,XIREC,188.0,20
292400,Mark 55,Mark 01,VELVETFRUIT_EXTRACT,XIREC,5275.0,8
292500,,SUBMISSION,VEV_5100,XIREC,183.0,20
292600,SUBMISSION,,VEV_5100,XIREC,188.0,6
292700,SUBMISSION,,VEV_5000,XIREC,280.0,10
292700,,SUBMISSION,VEV_5100,XIREC,184.0,7
292700,SUBMISSION,,VEV_5100,XIREC,189.0,10
292800,SUBMISSION,Mark 38,HYDROGEL_PACK,XIREC,9952.0,6
292800,,SUBMISSION,VEV_5000,XIREC,273.0,3
292800,,SUBMISSION,VEV_5000,XIREC,273.0,3
292800,,SUBMISSION,VEV_5100,XIREC,184.0,9
292900,SUBMISSION,,VEV_5000,XIREC,279.0,7
292900,SUBMISSION,,VEV_5100,XIREC,188.0,7
293000,,SUBMISSION,VEV_5000,XIREC,273.0,4
293000,,SUBMISSION,VEV_5000,XIREC,273.0,4
293000,,SUBMISSION,VEV_5100,XIREC,184.0,7
293000,,SUBMISSION,VEV_5100,XIREC,184.0,3
293000,,SUBMISSION,VEV_5100,XIREC,183.0,4
293000,SUBMISSION,,VEV_5100,XIREC,188.0,10
293100,,SUBMISSION,VEV_5100,XIREC,184.0,3
293200,SUBMISSION,,VEV_5000,XIREC,279.0,11
293200,SUBMISSION,,VEV_5100,XIREC,188.0,11
293300,,SUBMISSION,VEV_5000,XIREC,272.0,5
293300,,SUBMISSION,VEV_5000,XIREC,272.0,1
293300,,SUBMISSION,VEV_5000,XIREC,271.0,4
293300,,SUBMISSION,VEV_5100,XIREC,183.0,10
294100,,SUBMISSION,VEV_5100,XIREC,185.0,1
294100,,SUBMISSION,VEV_5100,XIREC,185.0,1
294300,SUBMISSION,,VEV_5000,XIREC,281.0,11
294300,SUBMISSION,,VEV_5100,XIREC,190.0,20
294400,,SUBMISSION,VEV_5000,XIREC,275.0,9
294400,,SUBMISSION,VEV_5000,XIREC,275.0,3
294400,,SUBMISSION,VEV_5000,XIREC,274.0,6
294400,,SUBMISSION,VEV_5100,XIREC,186.0,12
294500,SUBMISSION,,VEV_5000,XIREC,284.0,25
294500,,SUBMISSION,VEV_5100,XIREC,188.0,6
294500,,SUBMISSION,VEV_5100,XIREC,187.0,10
294500,SUBMISSION,,VEV_5100,XIREC,192.0,6
294600,,SUBMISSION,VEV_5000,XIREC,277.0,19
294600,SUBMISSION,,VEV_5000,XIREC,284.0,12
294600,SUBMISSION,,VEV_5100,XIREC,193.0,20
294700,,SUBMISSION,VEV_5000,XIREC,278.0,6
294700,,SUBMISSION,VEV_5000,XIREC,277.0,12
294700,,SUBMISSION,VEV_5100,XIREC,188.0,15
294700,SUBMISSION,,VEV_5100,XIREC,193.0,20
294800,SUBMISSION,,VEV_5000,XIREC,284.0,8
294800,,SUBMISSION,VEV_5100,XIREC,188.0,8
294800,,SUBMISSION,VEV_5100,XIREC,187.0,17
294800,SUBMISSION,,VEV_5100,XIREC,193.0,20
294900,SUBMISSION,,VEV_5000,XIREC,283.0,11
294900,,SUBMISSION,VEV_5100,XIREC,187.0,18
294900,SUBMISSION,,VEV_5100,XIREC,192.0,20
295000,,SUBMISSION,VEV_5000,XIREC,276.0,9
295000,,SUBMISSION,VEV_5000,XIREC,275.0,9
295000,,SUBMISSION,VEV_5100,XIREC,186.0,11
295000,SUBMISSION,,VEV_5100,XIREC,191.0,9
295000,Mark 38,Mark 14,HYDROGEL_PACK,XIREC,9959.0,5
295100,,SUBMISSION,VEV_5100,XIREC,186.0,17
295100,SUBMISSION,,VEV_5100,XIREC,191.0,7
295200,SUBMISSION,,VEV_5000,XIREC,282.0,12
295200,,SUBMISSION,VEV_5100,XIREC,186.0,7
295200,SUBMISSION,,VEV_5100,XIREC,191.0,20
295300,,SUBMISSION,VEV_5000,XIREC,275.0,3
295300,SUBMISSION,,VEV_5000,XIREC,282.0,10
295300,,SUBMISSION,VEV_5100,XIREC,186.0,20
295300,SUBMISSION,,VEV_5100,XIREC,191.0,20
295400,,SUBMISSION,VEV_5000,XIREC,275.0,9
295400,,SUBMISSION,VEV_5000,XIREC,275.0,1
295400,,SUBMISSION,VEV_5000,XIREC,274.0,8
295400,,SUBMISSION,VEV_5100,XIREC,186.0,9
295500,,SUBMISSION,VEV_5100,XIREC,185.0,10
295500,,SUBMISSION,VEV_5100,XIREC,185.0,2
295500,,SUBMISSION,VEV_5100,XIREC,184.0,8
295600,,SUBMISSION,VEV_4000,XIREC,1274.0,4
295600,,SUBMISSION,VEV_4500,XIREC,774.0,4
295700,SUBMISSION,,VEV_5000,XIREC,281.0,10
295700,SUBMISSION,,VEV_5100,XIREC,190.0,20
295800,,SUBMISSION,VEV_5100,XIREC,185.0,8
295800,,SUBMISSION,VEV_5100,XIREC,185.0,2
295800,,SUBMISSION,VEV_5100,XIREC,184.0,6
295900,,SUBMISSION,VEV_5000,XIREC,275.0,1
295900,SUBMISSION,,VEV_5000,XIREC,282.0,11
295900,SUBMISSION,,VEV_5100,XIREC,191.0,20
296000,,SUBMISSION,VEV_5000,XIREC,276.0,12
296000,SUBMISSION,,VEV_5000,XIREC,283.0,9
296000,,SUBMISSION,VEV_5100,XIREC,187.0,9
296000,,SUBMISSION,VEV_5100,XIREC,186.0,7
296000,SUBMISSION,,VEV_5100,XIREC,192.0,20
296100,,SUBMISSION,VEV_5000,XIREC,276.0,8
296100,,SUBMISSION,VEV_5000,XIREC,276.0,3
296100,,SUBMISSION,VEV_5000,XIREC,275.0,5
296100,,SUBMISSION,VEV_5100,XIREC,186.0,10
296100,SUBMISSION,,VEV_5100,XIREC,191.0,11
296200,,SUBMISSION,VEV_5100,XIREC,186.0,10
296200,,SUBMISSION,VEV_5100,XIREC,185.0,14
296300,SUBMISSION,,VEV_5000,XIREC,281.0,7
296300,SUBMISSION,,VEV_5100,XIREC,190.0,20
296400,SUBMISSION,,VEV_5000,XIREC,282.0,11
296400,,SUBMISSION,VEV_5100,XIREC,186.0,15
296500,,SUBMISSION,VEV_5000,XIREC,275.0,9
296500,SUBMISSION,,VEV_5000,XIREC,282.0,6
296600,,SUBMISSION,VEV_5000,XIREC,275.0,5
296600,,SUBMISSION,VEV_5000,XIREC,275.0,1
296600,,SUBMISSION,VEV_5000,XIREC,274.0,4
296900,Mark 01,Mark 55,VELVETFRUIT_EXTRACT,XIREC,5270.0,5
297100,Mark 38,Mark 14,HYDROGEL_PACK,XIREC,9958.0,3
297400,Mark 55,Mark 14,VELVETFRUIT_EXTRACT,XIREC,5275.0,4
297500,SUBMISSION,Mark 38,VEV_4000,XIREC,1263.0,1
299400,SUBMISSION,,VEV_5000,XIREC,278.0,25
299400,SUBMISSION,,VEV_5100,XIREC,187.0,20
299500,,SUBMISSION,VEV_5000,XIREC,271.0,11
299500,,SUBMISSION,VEV_5000,XIREC,270.0,4
299600,,SUBMISSION,VEV_5100,XIREC,181.0,14
299700,,SUBMISSION,VEV_5100,XIREC,182.0,1
299800,,SUBMISSION,VEV_5100,XIREC,183.0,1
299800,,SUBMISSION,VEV_5100,XIREC,183.0,1
300100,,SUBMISSION,VEV_5000,XIREC,268.0,11
300100,,SUBMISSION,VEV_5100,XIREC,180.0,6
300500,,SUBMISSION,VEV_5000,XIREC,270.0,2
300500,,SUBMISSION,VEV_5000,XIREC,270.0,2
300500,,SUBMISSION,VEV_5100,XIREC,181.0,1
301100,Mark 38,Mark 14,HYDROGEL_PACK,XIREC,9966.0,3
301300,Mark 38,Mark 14,HYDROGEL_PACK,XIREC,9967.0,2
302400,SUBMISSION,Mark 38,HYDROGEL_PACK,XIREC,9937.0,6
302800,SUBMISSION,,VEV_5000,XIREC,276.0,7
303000,,SUBMISSION,VEV_5000,XIREC,268.0,3
304000,SUBMISSION,,VEV_5000,XIREC,269.0,3
304000,Mark 01,Mark 22,VEV_5400,XIREC,19.0,3
304000,Mark 01,Mark 22,VEV_5500,XIREC,8.0,3
304000,Mark 01,Mark 22,VEV_6000,XIREC,0.0,3
304000,Mark 01,Mark 22,VEV_6500,XIREC,0.0,3
304100,,SUBMISSION,VEV_5000,XIREC,268.0,2
304100,,SUBMISSION,VEV_5000,XIREC,268.0,2
304200,SUBMISSION,Mark 38,HYDROGEL_PACK,XIREC,9945.0,2
304800,,SUBMISSION,VEV_4000,XIREC,1267.0,5
304800,,SUBMISSION,VEV_4500,XIREC,767.0,5
306500,Mark 38,Mark 14,HYDROGEL_PACK,XIREC,9967.0,5
307100,Mark 38,Mark 14,VEV_4000,XIREC,1279.0,1
307500,Mark 55,Mark 01,VELVETFRUIT_EXTRACT,XIREC,5275.0,8
308000,SUBMISSION,Mark 38,HYDROGEL_PACK,XIREC,9944.0,3
308100,SUBMISSION,Mark 38,HYDROGEL_PACK,XIREC,9946.0,4
308100,Mark 67,Mark 22,VELVETFRUIT_EXTRACT,XIREC,5271.0,6
309500,Mark 55,Mark 01,VELVETFRUIT_EXTRACT,XIREC,5268.0,4
310100,SUBMISSION,,VEV_5000,XIREC,272.0,5
310100,SUBMISSION,,VEV_5100,XIREC,182.0,5
310100,Mark 14,Mark 22,VEV_5400,XIREC,20.0,5
310100,Mark 01,Mark 22,VEV_5500,XIREC,8.0,5
310100,Mark 01,Mark 22,VEV_6000,XIREC,0.0,5
310100,Mark 01,Mark 22,VEV_6500,XIREC,0.0,5
310200,,SUBMISSION,VEV_5100,XIREC,179.0,1
310200,,SUBMISSION,VEV_5100,XIREC,179.0,1
310500,Mark 67,Mark 49,VELVETFRUIT_EXTRACT,XIREC,5266.0,11
310600,,SUBMISSION,VEV_5000,XIREC,267.0,1
310600,,SUBMISSION,VEV_5000,XIREC,267.0,1
310600,Mark 14,Mark 55,VELVETFRUIT_EXTRACT,XIREC,5264.0,3
310800,,SUBMISSION,VEV_5100,XIREC,179.0,1
313000,Mark 55,Mark 01,VELVETFRUIT_EXTRACT,XIREC,5267.0,5
314500,Mark 14,Mark 55,VELVETFRUIT_EXTRACT,XIREC,5251.0,4
315200,SUBMISSION,,VELVETFRUIT_EXTRACT,XIREC,5251.0,20
316200,Mark 38,Mark 14,HYDROGEL_PACK,XIREC,9939.0,5
317100,SUBMISSION,Mark 38,HYDROGEL_PACK,XIREC,9930.0,4
318300,Mark 38,Mark 14,HYDROGEL_PACK,XIREC,9950.0,4
318900,Mark 55,SUBMISSION,VELVETFRUIT_EXTRACT,XIREC,5250.0,3
318900,Mark 55,Mark 14,VELVETFRUIT_EXTRACT,XIREC,5250.0,1
319100,SUBMISSION,,VELVETFRUIT_EXTRACT,XIREC,5246.0,9
321900,Mark 55,SUBMISSION,VELVETFRUIT_EXTRACT,XIREC,5252.0,4
321900,Mark 55,Mark 14,VELVETFRUIT_EXTRACT,XIREC,5253.0,3
322000,SUBMISSION,,VEV_5000,XIREC,257.0,2
322000,Mark 01,Mark 22,VEV_5400,XIREC,16.0,2
322000,Mark 01,Mark 22,VEV_5500,XIREC,7.0,2
322000,Mark 01,Mark 22,VEV_6000,XIREC,0.0,2
322000,Mark 01,Mark 22,VEV_6500,XIREC,0.0,2
322600,SUBMISSION,,VEV_5000,XIREC,257.0,4
322600,Mark 14,Mark 22,VEV_5200,XIREC,98.0,4
322600,Mark 01,Mark 22,VEV_5500,XIREC,7.0,4
322600,Mark 01,Mark 22,VEV_6000,XIREC,0.0,4
322600,Mark 01,Mark 22,VEV_6500,XIREC,0.0,4
323300,Mark 38,Mark 14,HYDROGEL_PACK,XIREC,9956.0,5
323300,Mark 38,Mark 14,VEV_4000,XIREC,1262.0,3
324100,Mark 55,SUBMISSION,VELVETFRUIT_EXTRACT,XIREC,5253.0,3
324100,Mark 55,Mark 14,VELVETFRUIT_EXTRACT,XIREC,5254.0,4
324600,Mark 38,Mark 14,HYDROGEL_PACK,XIREC,9946.0,6
325300,SUBMISSION,Mark 38,VEV_4000,XIREC,1238.0,2
326300,Mark 38,Mark 14,VEV_4000,XIREC,1261.0,1
327600,SUBMISSION,Mark 38,HYDROGEL_PACK,XIREC,9929.0,5
327700,Mark 38,Mark 14,HYDROGEL_PACK,XIREC,9946.0,6
328000,SUBMISSION,Mark 38,VEV_4000,XIREC,1244.0,1
328400,SUBMISSION,Mark 38,VEV_4000,XIREC,1241.0,1
328500,Mark 14,Mark 55,VELVETFRUIT_EXTRACT,XIREC,5249.0,4
331400,SUBMISSION,Mark 38,VEV_4000,XIREC,1233.0,1
331600,SUBMISSION,,VELVETFRUIT_EXTRACT,XIREC,5243.0,1
332200,SUBMISSION,,VELVETFRUIT_EXTRACT,XIREC,5243.0,1
332400,SUBMISSION,,VELVETFRUIT_EXTRACT,XIREC,5243.0,1
332500,SUBMISSION,,VELVETFRUIT_EXTRACT,XIREC,5243.0,1
332600,SUBMISSION,,VELVETFRUIT_EXTRACT,XIREC,5243.0,1
332700,SUBMISSION,,VELVETFRUIT_EXTRACT,XIREC,5241.0,6
332800,SUBMISSION,,VELVETFRUIT_EXTRACT,XIREC,5241.0,6
332900,SUBMISSION,,VELVETFRUIT_EXTRACT,XIREC,5241.0,6
333000,SUBMISSION,,VELVETFRUIT_EXTRACT,XIREC,5237.0,8
333000,SUBMISSION,,VELVETFRUIT_EXTRACT,XIREC,5241.0,3
333100,SUBMISSION,,VELVETFRUIT_EXTRACT,XIREC,5241.0,6
333100,SUBMISSION,Mark 55,VELVETFRUIT_EXTRACT,XIREC,5237.0,4
333200,SUBMISSION,,VELVETFRUIT_EXTRACT,XIREC,5242.0,4
333300,SUBMISSION,,VELVETFRUIT_EXTRACT,XIREC,5243.0,1
334900,SUBMISSION,Mark 38,VEV_4000,XIREC,1238.0,1
335300,SUBMISSION,Mark 38,HYDROGEL_PACK,XIREC,9944.0,4
335300,SUBMISSION,Mark 55,VELVETFRUIT_EXTRACT,XIREC,5246.0,3
335300,Mark 14,Mark 38,HYDROGEL_PACK,XIREC,9943.0,1
335400,SUBMISSION,,VEV_5000,XIREC,256.0,12
335500,Mark 38,Mark 14,HYDROGEL_PACK,XIREC,9961.0,4
338100,SUBMISSION,Mark 38,HYDROGEL_PACK,XIREC,9932.0,2
338100,Mark 14,Mark 38,HYDROGEL_PACK,XIREC,9931.0,1
339500,SUBMISSION,Mark 38,HYDROGEL_PACK,XIREC,9933.0,2
339500,Mark 14,Mark 38,HYDROGEL_PACK,XIREC,9932.0,1
340100,Mark 38,Mark 14,VEV_4000,XIREC,1260.0,2
340500,Mark 67,Mark 49,VELVETFRUIT_EXTRACT,XIREC,5249.0,9
342000,Mark 14,Mark 55,VELVETFRUIT_EXTRACT,XIREC,5249.0,6
342400,SUBMISSION,Mark 38,HYDROGEL_PACK,XIREC,9945.0,1
342400,Mark 14,Mark 38,HYDROGEL_PACK,XIREC,9944.0,4
343100,Mark 38,Mark 14,HYDROGEL_PACK,XIREC,9966.0,2
343400,,SUBMISSION,VELVETFRUIT_EXTRACT,XIREC,5250.0,11
343400,Mark 67,Mark 49,VELVETFRUIT_EXTRACT,XIREC,5251.0,13
343800,SUBMISSION,,VEV_5000,XIREC,260.0,25
344000,SUBMISSION,Mark 38,HYDROGEL_PACK,XIREC,9954.0,1
344000,Mark 14,Mark 38,HYDROGEL_PACK,XIREC,9953.0,4
344200,Mark 55,SUBMISSION,VELVETFRUIT_EXTRACT,XIREC,5252.0,4
345700,SUBMISSION,Mark 55,VELVETFRUIT_EXTRACT,XIREC,5246.0,7
345700,Mark 38,Mark 14,HYDROGEL_PACK,XIREC,9957.0,6
345900,Mark 38,Mark 14,HYDROGEL_PACK,XIREC,9958.0,3
348200,SUBMISSION,,VEV_5000,XIREC,256.0,7
348500,SUBMISSION,Mark 38,HYDROGEL_PACK,XIREC,9965.0,1
348500,Mark 14,Mark 38,HYDROGEL_PACK,XIREC,9964.0,4
350300,SUBMISSION,,VEV_5000,XIREC,251.0,4
350300,Mark 01,Mark 22,VEV_5400,XIREC,15.0,4
350300,Mark 01,Mark 22,VEV_5500,XIREC,6.0,4
350300,Mark 01,Mark 22,VEV_6000,XIREC,0.0,4
350300,Mark 01,Mark 22,VEV_6500,XIREC,0.0,4
350900,Mark 38,Mark 14,VEV_4000,XIREC,1256.0,3
351000,Mark 38,Mark 14,HYDROGEL_PACK,XIREC,9973.0,3
351400,SUBMISSION,,VELVETFRUIT_EXTRACT,XIREC,5246.0,1
353000,SUBMISSION,,VELVETFRUIT_EXTRACT,XIREC,5246.0,2
354100,SUBMISSION,,VELVETFRUIT_EXTRACT,XIREC,5246.0,2
354200,SUBMISSION,,VELVETFRUIT_EXTRACT,XIREC,5246.0,2
354300,SUBMISSION,,VELVETFRUIT_EXTRACT,XIREC,5246.0,2
354400,SUBMISSION,,VELVETFRUIT_EXTRACT,XIREC,5246.0,4
354500,SUBMISSION,,VELVETFRUIT_EXTRACT,XIREC,5246.0,2
354600,SUBMISSION,,VELVETFRUIT_EXTRACT,XIREC,5245.0,6
354700,SUBMISSION,,VELVETFRUIT_EXTRACT,XIREC,5246.0,4
354900,SUBMISSION,,VELVETFRUIT_EXTRACT,XIREC,5245.0,6
355000,SUBMISSION,,VELVETFRUIT_EXTRACT,XIREC,5246.0,4
355100,SUBMISSION,,VELVETFRUIT_EXTRACT,XIREC,5245.0,6
355200,SUBMISSION,,VELVETFRUIT_EXTRACT,XIREC,5245.0,8
355300,SUBMISSION,,VELVETFRUIT_EXTRACT,XIREC,5244.0,10
355400,SUBMISSION,,VELVETFRUIT_EXTRACT,XIREC,5243.0,14
355500,SUBMISSION,,VELVETFRUIT_EXTRACT,XIREC,5245.0,8
355600,SUBMISSION,,VELVETFRUIT_EXTRACT,XIREC,5244.0,10
355700,SUBMISSION,,VELVETFRUIT_EXTRACT,XIREC,5243.0,13
355800,SUBMISSION,,VELVETFRUIT_EXTRACT,XIREC,5242.0,17
355900,SUBMISSION,,VELVETFRUIT_EXTRACT,XIREC,5242.0,17
356000,SUBMISSION,,VELVETFRUIT_EXTRACT,XIREC,5244.0,10
356100,SUBMISSION,,VELVETFRUIT_EXTRACT,XIREC,5244.0,10
356200,SUBMISSION,,VELVETFRUIT_EXTRACT,XIREC,5245.0,6
356300,SUBMISSION,,VELVETFRUIT_EXTRACT,XIREC,5246.0,4
356400,SUBMISSION,,VELVETFRUIT_EXTRACT,XIREC,5246.0,2
356500,SUBMISSION,,VELVETFRUIT_EXTRACT,XIREC,5245.0,6
356600,SUBMISSION,,VELVETFRUIT_EXTRACT,XIREC,5246.0,2
356800,SUBMISSION,Mark 38,VEV_4000,XIREC,1235.0,2
356800,SUBMISSION,,VEV_5000,XIREC,252.0,9
357100,SUBMISSION,,VELVETFRUIT_EXTRACT,XIREC,5245.0,6
357100,Mark 38,Mark 14,HYDROGEL_PACK,XIREC,9963.0,6
357200,SUBMISSION,,VELVETFRUIT_EXTRACT,XIREC,5246.0,2
357300,SUBMISSION,,VELVETFRUIT_EXTRACT,XIREC,5246.0,2
357400,SUBMISSION,,VELVETFRUIT_EXTRACT,XIREC,5246.0,2
358100,SUBMISSION,Mark 55,VELVETFRUIT_EXTRACT,XIREC,5246.0,6
358300,SUBMISSION,Mark 38,VEV_4000,XIREC,1238.0,3
358500,SUBMISSION,,VEV_5000,XIREC,255.0,6
358500,Mark 38,Mark 14,HYDROGEL_PACK,XIREC,9960.0,6
360600,Mark 14,Mark 38,HYDROGEL_PACK,XIREC,9951.0,2
362700,Mark 14,Mark 38,HYDROGEL_PACK,XIREC,9961.0,3
363100,Mark 38,Mark 14,HYDROGEL_PACK,XIREC,9983.0,4
363300,,SUBMISSION,VELVETFRUIT_EXTRACT,XIREC,5251.0,1
363400,,SUBMISSION,VELVETFRUIT_EXTRACT,XIREC,5252.0,5
363500,,SUBMISSION,VELVETFRUIT_EXTRACT,XIREC,5252.0,5
363600,,SUBMISSION,VELVETFRUIT_EXTRACT,XIREC,5255.0,18
363600,SUBMISSION,,VEV_5100,XIREC,175.0,7
363700,,SUBMISSION,VELVETFRUIT_EXTRACT,XIREC,5254.0,16
363700,SUBMISSION,,VEV_5100,XIREC,175.0,20
363800,,SUBMISSION,VELVETFRUIT_EXTRACT,XIREC,5254.0,14
363900,,SUBMISSION,VELVETFRUIT_EXTRACT,XIREC,5254.0,14
363900,SUBMISSION,,VEV_5100,XIREC,174.0,10
364000,,SUBMISSION,VELVETFRUIT_EXTRACT,XIREC,5252.0,22
364100,,SUBMISSION,VELVETFRUIT_EXTRACT,XIREC,5252.0,5
364200,,SUBMISSION,VELVETFRUIT_EXTRACT,XIREC,5251.0,3
364300,,SUBMISSION,VELVETFRUIT_EXTRACT,XIREC,5252.0,5
364400,,SUBMISSION,VELVETFRUIT_EXTRACT,XIREC,5251.0,1
364800,,SUBMISSION,VELVETFRUIT_EXTRACT,XIREC,5251.0,1
364800,Mark 38,Mark 14,HYDROGEL_PACK,XIREC,9978.0,5
364900,,SUBMISSION,VELVETFRUIT_EXTRACT,XIREC,5251.0,1
364900,Mark 14,Mark 55,VELVETFRUIT_EXTRACT,XIREC,5251.0,7
365000,SUBMISSION,Mark 38,VEV_4000,XIREC,1243.0,2
365400,,SUBMISSION,VELVETFRUIT_EXTRACT,XIREC,5251.0,4
365600,Mark 14,Mark 55,VELVETFRUIT_EXTRACT,XIREC,5250.0,8
