timestamp;buyer;seller;symbol;currency;price;quantity
3800;SUBMISSION;;VELVETFRUIT_EXTRACT;SEASHELLS;5243;11
5200;SUBMISSION;;VELVETFRUIT_EXTRACT;SEASHELLS;5237;3
9300;SUBMISSION;;VELVETFRUIT_EXTRACT;SEASHELLS;5230;6
12100;;SUBMISSION;VELVETFRUIT_EXTRACT;SEASHELLS;5236;20
13700;;SUBMISSION;VELVETFRUIT_EXTRACT;SEASHELLS;5241;11
14000;;SUBMISSION;VELVETFRUIT_EXTRACT;SEASHELLS;5242;7
17000;SUBMISSION;;VELVETFRUIT_EXTRACT;SEASHELLS;5239;6
17000;SUBMISSION;;VELVETFRUIT_EXTRACT;SEASHELLS;5241;6
21200;SUBMISSION;;VELVETFRUIT_EXTRACT;SEASHELLS;5234;5
21700;SUBMISSION;;VELVETFRUIT_EXTRACT;SEASHELLS;5234;1
26100;SUBMISSION;;VELVETFRUIT_EXTRACT;SEASHELLS;5227;5
28700;;SUBMISSION;VELVETFRUIT_EXTRACT;SEASHELLS;5234;5
33300;;SUBMISSION;VELVETFRUIT_EXTRACT;SEASHELLS;5232;6
36500;SUBMISSION;;VELVETFRUIT_EXTRACT;SEASHELLS;5230;7
36800;SUBMISSION;;VELVETFRUIT_EXTRACT;SEASHELLS;5229;7
37400;;SUBMISSION;VELVETFRUIT_EXTRACT;SEASHELLS;5233;8
38700;;SUBMISSION;VELVETFRUIT_EXTRACT;SEASHELLS;5235;6
39100;SUBMISSION;;VELVETFRUIT_EXTRACT;SEASHELLS;5231;6
46700;;SUBMISSION;VELVETFRUIT_EXTRACT;SEASHELLS;5238;24
47900;SUBMISSION;;VELVETFRUIT_EXTRACT;SEASHELLS;5235;4
55000;SUBMISSION;;VELVETFRUIT_EXTRACT;SEASHELLS;5237;8
56300;;SUBMISSION;VELVETFRUIT_EXTRACT;SEASHELLS;5243;21
61400;SUBMISSION;;VELVETFRUIT_EXTRACT;SEASHELLS;5242;33
64700;SUBMISSION;;VELVETFRUIT_EXTRACT;SEASHELLS;5233;5
65600;;SUBMISSION;VELVETFRUIT_EXTRACT;SEASHELLS;5237;8
68000;SUBMISSION;;VELVETFRUIT_EXTRACT;SEASHELLS;5235;3
69200;;SUBMISSION;VELVETFRUIT_EXTRACT;SEASHELLS;5239;1
74700;SUBMISSION;;VELVETFRUIT_EXTRACT;SEASHELLS;5243;1
76300;;SUBMISSION;VELVETFRUIT_EXTRACT;SEASHELLS;5246;8
82500;SUBMISSION;;VELVETFRUIT_EXTRACT;SEASHELLS;5250;8
82600;SUBMISSION;;VELVETFRUIT_EXTRACT;SEASHELLS;5246;10
85800;SUBMISSION;;VELVETFRUIT_EXTRACT;SEASHELLS;5239;4
86800;;SUBMISSION;VELVETFRUIT_EXTRACT;SEASHELLS;5244;6
87800;SUBMISSION;;VELVETFRUIT_EXTRACT;SEASHELLS;5238;21
94600;;SUBMISSION;VELVETFRUIT_EXTRACT;SEASHELLS;5235;5
95600;;SUBMISSION;VELVETFRUIT_EXTRACT;SEASHELLS;5236;8
95800;;SUBMISSION;VELVETFRUIT_EXTRACT;SEASHELLS;5237;9
96700;;SUBMISSION;VELVETFRUIT_EXTRACT;SEASHELLS;5238;6
98600;;SUBMISSION;VELVETFRUIT_EXTRACT;SEASHELLS;5238;1
101800;;SUBMISSION;VELVETFRUIT_EXTRACT;SEASHELLS;5240;4
102000;SUBMISSION;;VELVETFRUIT_EXTRACT;SEASHELLS;5236;4
104200;SUBMISSION;;VELVETFRUIT_EXTRACT;SEASHELLS;5233;11
110000;SUBMISSION;;VELVETFRUIT_EXTRACT;SEASHELLS;5223;8
111000;SUBMISSION;;VELVETFRUIT_EXTRACT;SEASHELLS;5223;10
117700;;SUBMISSION;VELVETFRUIT_EXTRACT;SEASHELLS;5222;8
121600;;SUBMISSION;VELVETFRUIT_EXTRACT;SEASHELLS;5223;20
121700;;SUBMISSION;VELVETFRUIT_EXTRACT;SEASHELLS;5224;1
122000;;SUBMISSION;VELVETFRUIT_EXTRACT;SEASHELLS;5226;18
122100;;SUBMISSION;VELVETFRUIT_EXTRACT;SEASHELLS;5228;25
122100;;SUBMISSION;VELVETFRUIT_EXTRACT;SEASHELLS;5227;41
127600;SUBMISSION;;VELVETFRUIT_EXTRACT;SEASHELLS;5238;10
129800;SUBMISSION;;VELVETFRUIT_EXTRACT;SEASHELLS;5240;7
130400;SUBMISSION;;VELVETFRUIT_EXTRACT;SEASHELLS;5239;10
131200;SUBMISSION;;VELVETFRUIT_EXTRACT;SEASHELLS;5237;7
132100;;SUBMISSION;VELVETFRUIT_EXTRACT;SEASHELLS;5243;8
135900;SUBMISSION;;VELVETFRUIT_EXTRACT;SEASHELLS;5238;16
137400;SUBMISSION;;VELVETFRUIT_EXTRACT;SEASHELLS;5234;15
137400;SUBMISSION;;VELVETFRUIT_EXTRACT;SEASHELLS;5235;27
137500;SUBMISSION;;VELVETFRUIT_EXTRACT;SEASHELLS;5232;24
137600;SUBMISSION;;VELVETFRUIT_EXTRACT;SEASHELLS;5231;21
138200;SUBMISSION;;VELVETFRUIT_EXTRACT;SEASHELLS;5228;25
140800;;SUBMISSION;VELVETFRUIT_EXTRACT;SEASHELLS;5229;24
140800;;SUBMISSION;VELVETFRUIT_EXTRACT;SEASHELLS;5229;7
140900;;SUBMISSION;VELVETFRUIT_EXTRACT;SEASHELLS;5230;16
141100;;SUBMISSION;VELVETFRUIT_EXTRACT;SEASHELLS;5231;22
141100;;SUBMISSION;VELVETFRUIT_EXTRACT;SEASHELLS;5230;1
141700;;SUBMISSION;VELVETFRUIT_EXTRACT;SEASHELLS;5233;6
144100;SUBMISSION;;VELVETFRUIT_EXTRACT;SEASHELLS;5228;7
148100;SUBMISSION;;VELVETFRUIT_EXTRACT;SEASHELLS;5224;3
148700;SUBMISSION;;VELVETFRUIT_EXTRACT;SEASHELLS;5224;8
150300;;SUBMISSION;VELVETFRUIT_EXTRACT;SEASHELLS;5229;12
152200;;SUBMISSION;VELVETFRUIT_EXTRACT;SEASHELLS;5236;3
156600;;SUBMISSION;VELVETFRUIT_EXTRACT;SEASHELLS;5243;4
159000;;SUBMISSION;VELVETFRUIT_EXTRACT;SEASHELLS;5248;6
169200;SUBMISSION;;VELVETFRUIT_EXTRACT;SEASHELLS;5248;9
169400;;SUBMISSION;VELVETFRUIT_EXTRACT;SEASHELLS;5252;6
170700;SUBMISSION;;VELVETFRUIT_EXTRACT;SEASHELLS;5250;14
173900;SUBMISSION;;VELVETFRUIT_EXTRACT;SEASHELLS;5246;5
178800;SUBMISSION;;VELVETFRUIT_EXTRACT;SEASHELLS;5238;5
179500;SUBMISSION;;VELVETFRUIT_EXTRACT;SEASHELLS;5237;3
189900;;SUBMISSION;VELVETFRUIT_EXTRACT;SEASHELLS;5236;5
190500;SUBMISSION;;VELVETFRUIT_EXTRACT;SEASHELLS;5233;10
192100;;SUBMISSION;VELVETFRUIT_EXTRACT;SEASHELLS;5234;18
195300;;SUBMISSION;VELVETFRUIT_EXTRACT;SEASHELLS;5233;13
195800;;SUBMISSION;VELVETFRUIT_EXTRACT;SEASHELLS;5233;8
196500;SUBMISSION;;VELVETFRUIT_EXTRACT;SEASHELLS;5228;7
196700;SUBMISSION;;VELVETFRUIT_EXTRACT;SEASHELLS;5230;10
197600;SUBMISSION;;VELVETFRUIT_EXTRACT;SEASHELLS;5225;9
199300;;SUBMISSION;VELVETFRUIT_EXTRACT;SEASHELLS;5232;7
200100;;SUBMISSION;VELVETFRUIT_EXTRACT;SEASHELLS;5230;2
200700;;SUBMISSION;VELVETFRUIT_EXTRACT;SEASHELLS;5234;7
203600;SUBMISSION;;VELVETFRUIT_EXTRACT;SEASHELLS;5229;7
209400;;SUBMISSION;VELVETFRUIT_EXTRACT;SEASHELLS;5230;5
210000;;SUBMISSION;VELVETFRUIT_EXTRACT;SEASHELLS;5231;20
210700;;SUBMISSION;VELVETFRUIT_EXTRACT;SEASHELLS;5237;6
211300;SUBMISSION;;VELVETFRUIT_EXTRACT;SEASHELLS;5228;5
211300;SUBMISSION;;VELVETFRUIT_EXTRACT;SEASHELLS;5231;26
211700;SUBMISSION;;VELVETFRUIT_EXTRACT;SEASHELLS;5225;7
212000;SUBMISSION;;VELVETFRUIT_EXTRACT;SEASHELLS;5226;21
212400;SUBMISSION;;VELVETFRUIT_EXTRACT;SEASHELLS;5223;49
215300;;SUBMISSION;VELVETFRUIT_EXTRACT;SEASHELLS;5221;8
215500;;SUBMISSION;VELVETFRUIT_EXTRACT;SEASHELLS;5223;11
216100;;SUBMISSION;VELVETFRUIT_EXTRACT;SEASHELLS;5225;4
217200;;SUBMISSION;VELVETFRUIT_EXTRACT;SEASHELLS;5226;4
219400;;SUBMISSION;VELVETFRUIT_EXTRACT;SEASHELLS;5225;25
224900;;SUBMISSION;VELVETFRUIT_EXTRACT;SEASHELLS;5230;11
225900;;SUBMISSION;VELVETFRUIT_EXTRACT;SEASHELLS;5234;5
227800;;SUBMISSION;VELVETFRUIT_EXTRACT;SEASHELLS;5234;9
227800;;SUBMISSION;VELVETFRUIT_EXTRACT;SEASHELLS;5238;6
229100;SUBMISSION;;VELVETFRUIT_EXTRACT;SEASHELLS;5233;6
229700;;SUBMISSION;VELVETFRUIT_EXTRACT;SEASHELLS;5236;7
232700;SUBMISSION;;VELVETFRUIT_EXTRACT;SEASHELLS;5235;3
235300;SUBMISSION;;VELVETFRUIT_EXTRACT;SEASHELLS;5239;4
235500;SUBMISSION;;VELVETFRUIT_EXTRACT;SEASHELLS;5234;8
235900;SUBMISSION;;VELVETFRUIT_EXTRACT;SEASHELLS;5232;8
237100;SUBMISSION;;VELVETFRUIT_EXTRACT;SEASHELLS;5231;60
238700;;SUBMISSION;VELVETFRUIT_EXTRACT;SEASHELLS;5232;6
242100;;SUBMISSION;VELVETFRUIT_EXTRACT;SEASHELLS;5236;3
243200;;SUBMISSION;VELVETFRUIT_EXTRACT;SEASHELLS;5236;63
243300;;SUBMISSION;VELVETFRUIT_EXTRACT;SEASHELLS;5238;7
243700;;SUBMISSION;VELVETFRUIT_EXTRACT;SEASHELLS;5239;16
244500;;SUBMISSION;VELVETFRUIT_EXTRACT;SEASHELLS;5242;69
246400;SUBMISSION;;VELVETFRUIT_EXTRACT;SEASHELLS;5243;8
248500;SUBMISSION;;VELVETFRUIT_EXTRACT;SEASHELLS;5242;8
250200;SUBMISSION;;VELVETFRUIT_EXTRACT;SEASHELLS;5245;7
255300;SUBMISSION;;VELVETFRUIT_EXTRACT;SEASHELLS;5245;48
256100;SUBMISSION;;VELVETFRUIT_EXTRACT;SEASHELLS;5243;17
257100;;SUBMISSION;VELVETFRUIT_EXTRACT;SEASHELLS;5244;7
257900;SUBMISSION;;VELVETFRUIT_EXTRACT;SEASHELLS;5239;7
259200;SUBMISSION;;VELVETFRUIT_EXTRACT;SEASHELLS;5235;11
259300;SUBMISSION;;VELVETFRUIT_EXTRACT;SEASHELLS;5234;15
262200;;SUBMISSION;VELVETFRUIT_EXTRACT;SEASHELLS;5241;20
262300;;SUBMISSION;VELVETFRUIT_EXTRACT;SEASHELLS;5242;6
265200;SUBMISSION;;VELVETFRUIT_EXTRACT;SEASHELLS;5242;8
265500;SUBMISSION;;VELVETFRUIT_EXTRACT;SEASHELLS;5242;6
265900;SUBMISSION;;VELVETFRUIT_EXTRACT;SEASHELLS;5243;8
266000;SUBMISSION;;VELVETFRUIT_EXTRACT;SEASHELLS;5242;8
267500;SUBMISSION;;VELVETFRUIT_EXTRACT;SEASHELLS;5239;8
269400;;SUBMISSION;VELVETFRUIT_EXTRACT;SEASHELLS;5244;24
269500;;SUBMISSION;VELVETFRUIT_EXTRACT;SEASHELLS;5244;14
270900;SUBMISSION;;VELVETFRUIT_EXTRACT;SEASHELLS;5243;8
272900;;SUBMISSION;VELVETFRUIT_EXTRACT;SEASHELLS;5246;8
273700;;SUBMISSION;VELVETFRUIT_EXTRACT;SEASHELLS;5250;3
277200;;SUBMISSION;VELVETFRUIT_EXTRACT;SEASHELLS;5253;6
278700;SUBMISSION;;VELVETFRUIT_EXTRACT;SEASHELLS;5247;9
278800;SUBMISSION;;VELVETFRUIT_EXTRACT;SEASHELLS;5245;51
278900;SUBMISSION;;VELVETFRUIT_EXTRACT;SEASHELLS;5244;24
279100;SUBMISSION;;VELVETFRUIT_EXTRACT;SEASHELLS;5242;19
281300;;SUBMISSION;VELVETFRUIT_EXTRACT;SEASHELLS;5241;8
282200;;SUBMISSION;VELVETFRUIT_EXTRACT;SEASHELLS;5242;5
282600;;SUBMISSION;VELVETFRUIT_EXTRACT;SEASHELLS;5242;7
286800;SUBMISSION;;VELVETFRUIT_EXTRACT;SEASHELLS;5233;6
287600;;SUBMISSION;VELVETFRUIT_EXTRACT;SEASHELLS;5237;51
287700;;SUBMISSION;VELVETFRUIT_EXTRACT;SEASHELLS;5238;22
288000;;SUBMISSION;VELVETFRUIT_EXTRACT;SEASHELLS;5239;7
288300;;SUBMISSION;VELVETFRUIT_EXTRACT;SEASHELLS;5241;19
288500;;SUBMISSION;VELVETFRUIT_EXTRACT;SEASHELLS;5243;17
288500;;SUBMISSION;VELVETFRUIT_EXTRACT;SEASHELLS;5242;41
289500;;SUBMISSION;VELVETFRUIT_EXTRACT;SEASHELLS;5249;7
290900;SUBMISSION;;VELVETFRUIT_EXTRACT;SEASHELLS;5245;19
291000;SUBMISSION;;VELVETFRUIT_EXTRACT;SEASHELLS;5244;24
291100;SUBMISSION;;VELVETFRUIT_EXTRACT;SEASHELLS;5243;24
291200;SUBMISSION;;VELVETFRUIT_EXTRACT;SEASHELLS;5242;15
291200;SUBMISSION;;VELVETFRUIT_EXTRACT;SEASHELLS;5243;2
291200;SUBMISSION;;VELVETFRUIT_EXTRACT;SEASHELLS;5238;7
291400;SUBMISSION;;VELVETFRUIT_EXTRACT;SEASHELLS;5240;6
291700;;SUBMISSION;VELVETFRUIT_EXTRACT;SEASHELLS;5244;13
292800;;SUBMISSION;VELVETFRUIT_EXTRACT;SEASHELLS;5246;9
293800;SUBMISSION;;VELVETFRUIT_EXTRACT;SEASHELLS;5243;5
296600;;SUBMISSION;VELVETFRUIT_EXTRACT;SEASHELLS;5247;21
297300;SUBMISSION;;VELVETFRUIT_EXTRACT;SEASHELLS;5246;3
297600;SUBMISSION;;VELVETFRUIT_EXTRACT;SEASHELLS;5246;8
297800;;SUBMISSION;VELVETFRUIT_EXTRACT;SEASHELLS;5250;5
298800;;SUBMISSION;VELVETFRUIT_EXTRACT;SEASHELLS;5252;51
303800;SUBMISSION;;VELVETFRUIT_EXTRACT;SEASHELLS;5256;20
304000;SUBMISSION;;VELVETFRUIT_EXTRACT;SEASHELLS;5255;25
304200;SUBMISSION;;VELVETFRUIT_EXTRACT;SEASHELLS;5252;10
305100;SUBMISSION;;VELVETFRUIT_EXTRACT;SEASHELLS;5251;9
306100;SUBMISSION;;VELVETFRUIT_EXTRACT;SEASHELLS;5252;6
313300;;SUBMISSION;VELVETFRUIT_EXTRACT;SEASHELLS;5260;23
314600;SUBMISSION;;VELVETFRUIT_EXTRACT;SEASHELLS;5258;15
315500;SUBMISSION;;VELVETFRUIT_EXTRACT;SEASHELLS;5257;7
320900;SUBMISSION;;VELVETFRUIT_EXTRACT;SEASHELLS;5262;6
321200;SUBMISSION;;VELVETFRUIT_EXTRACT;SEASHELLS;5257;10
321200;SUBMISSION;;VELVETFRUIT_EXTRACT;SEASHELLS;5261;64
322600;;SUBMISSION;VELVETFRUIT_EXTRACT;SEASHELLS;5262;9
325000;;SUBMISSION;VELVETFRUIT_EXTRACT;SEASHELLS;5260;15
325100;;SUBMISSION;VELVETFRUIT_EXTRACT;SEASHELLS;5262;19
325100;;SUBMISSION;VELVETFRUIT_EXTRACT;SEASHELLS;5261;47
325200;;SUBMISSION;VELVETFRUIT_EXTRACT;SEASHELLS;5263;16
329500;SUBMISSION;;VELVETFRUIT_EXTRACT;SEASHELLS;5266;10
329500;SUBMISSION;;VELVETFRUIT_EXTRACT;SEASHELLS;5267;10
334400;SUBMISSION;;VELVETFRUIT_EXTRACT;SEASHELLS;5265;7
336800;SUBMISSION;;VELVETFRUIT_EXTRACT;SEASHELLS;5259;6
345600;;SUBMISSION;VELVETFRUIT_EXTRACT;SEASHELLS;5254;6
346200;;SUBMISSION;VELVETFRUIT_EXTRACT;SEASHELLS;5258;17
346300;;SUBMISSION;VELVETFRUIT_EXTRACT;SEASHELLS;5261;8
346500;;SUBMISSION;VELVETFRUIT_EXTRACT;SEASHELLS;5260;68
348300;;SUBMISSION;VELVETFRUIT_EXTRACT;SEASHELLS;5269;8
350700;;SUBMISSION;VELVETFRUIT_EXTRACT;SEASHELLS;5275;6
353900;SUBMISSION;;VELVETFRUIT_EXTRACT;SEASHELLS;5271;9
356500;SUBMISSION;;VELVETFRUIT_EXTRACT;SEASHELLS;5271;19
356500;SUBMISSION;;VELVETFRUIT_EXTRACT;SEASHELLS;5272;40
356600;SUBMISSION;;VELVETFRUIT_EXTRACT;SEASHELLS;5270;25
356600;SUBMISSION;;VELVETFRUIT_EXTRACT;SEASHELLS;5271;14
357800;;SUBMISSION;VELVETFRUIT_EXTRACT;SEASHELLS;5274;23
358000;;SUBMISSION;VELVETFRUIT_EXTRACT;SEASHELLS;5276;18
360800;SUBMISSION;;VELVETFRUIT_EXTRACT;SEASHELLS;5280;41
368400;SUBMISSION;;VELVETFRUIT_EXTRACT;SEASHELLS;5275;16
368500;SUBMISSION;;VELVETFRUIT_EXTRACT;SEASHELLS;5274;68
370400;;SUBMISSION;VELVETFRUIT_EXTRACT;SEASHELLS;5276;19
371100;;SUBMISSION;VELVETFRUIT_EXTRACT;SEASHELLS;5278;21
371900;;SUBMISSION;VELVETFRUIT_EXTRACT;SEASHELLS;5280;7
374500;;SUBMISSION;VELVETFRUIT_EXTRACT;SEASHELLS;5281;37
374900;;SUBMISSION;VELVETFRUIT_EXTRACT;SEASHELLS;5286;3
376500;;SUBMISSION;VELVETFRUIT_EXTRACT;SEASHELLS;5286;3
376700;;SUBMISSION;VELVETFRUIT_EXTRACT;SEASHELLS;5285;8
378000;SUBMISSION;;VELVETFRUIT_EXTRACT;SEASHELLS;5281;14
378200;SUBMISSION;;VELVETFRUIT_EXTRACT;SEASHELLS;5278;61
378400;SUBMISSION;;VELVETFRUIT_EXTRACT;SEASHELLS;5275;16
382500;;SUBMISSION;VELVETFRUIT_EXTRACT;SEASHELLS;5273;24
382800;;SUBMISSION;VELVETFRUIT_EXTRACT;SEASHELLS;5274;53
386100;SUBMISSION;;VELVETFRUIT_EXTRACT;SEASHELLS;5264;5
386100;SUBMISSION;;VELVETFRUIT_EXTRACT;SEASHELLS;5268;75
386500;;SUBMISSION;VELVETFRUIT_EXTRACT;SEASHELLS;5270;3
387200;;SUBMISSION;VELVETFRUIT_EXTRACT;SEASHELLS;5270;53
387500;;SUBMISSION;VELVETFRUIT_EXTRACT;SEASHELLS;5274;7
388000;;SUBMISSION;VELVETFRUIT_EXTRACT;SEASHELLS;5274;4
394200;SUBMISSION;;VELVETFRUIT_EXTRACT;SEASHELLS;5262;7
397900;SUBMISSION;;VELVETFRUIT_EXTRACT;SEASHELLS;5261;6
399700;SUBMISSION;;VELVETFRUIT_EXTRACT;SEASHELLS;5260;6
400900;;SUBMISSION;VELVETFRUIT_EXTRACT;SEASHELLS;5262;15
401800;;SUBMISSION;VELVETFRUIT_EXTRACT;SEASHELLS;5264;8
402900;SUBMISSION;;VELVETFRUIT_EXTRACT;SEASHELLS;5259;16
404400;;SUBMISSION;VELVETFRUIT_EXTRACT;SEASHELLS;5263;7
405800;SUBMISSION;;VELVETFRUIT_EXTRACT;SEASHELLS;5261;7
407000;;SUBMISSION;VELVETFRUIT_EXTRACT;SEASHELLS;5266;25
407700;;SUBMISSION;VELVETFRUIT_EXTRACT;SEASHELLS;5270;19
407800;;SUBMISSION;VELVETFRUIT_EXTRACT;SEASHELLS;5270;17
407800;;SUBMISSION;VELVETFRUIT_EXTRACT;SEASHELLS;5270;9
409600;SUBMISSION;;VELVETFRUIT_EXTRACT;SEASHELLS;5270;6
413300;SUBMISSION;;VELVETFRUIT_EXTRACT;SEASHELLS;5270;15
413400;SUBMISSION;;VELVETFRUIT_EXTRACT;SEASHELLS;5269;61
413500;SUBMISSION;;VELVETFRUIT_EXTRACT;SEASHELLS;5266;25
418600;;SUBMISSION;VELVETFRUIT_EXTRACT;SEASHELLS;5266;18
418700;;SUBMISSION;VELVETFRUIT_EXTRACT;SEASHELLS;5267;23
418800;;SUBMISSION;VELVETFRUIT_EXTRACT;SEASHELLS;5267;21
419500;SUBMISSION;;VELVETFRUIT_EXTRACT;SEASHELLS;5263;5
420200;SUBMISSION;;VELVETFRUIT_EXTRACT;SEASHELLS;5262;15
421200;;SUBMISSION;VELVETFRUIT_EXTRACT;SEASHELLS;5269;5
427200;SUBMISSION;;VELVETFRUIT_EXTRACT;SEASHELLS;5260;19
428200;SUBMISSION;;VELVETFRUIT_EXTRACT;SEASHELLS;5257;8
429200;SUBMISSION;;VELVETFRUIT_EXTRACT;SEASHELLS;5253;20
429700;SUBMISSION;;VELVETFRUIT_EXTRACT;SEASHELLS;5249;8
435500;;SUBMISSION;VELVETFRUIT_EXTRACT;SEASHELLS;5247;22
435600;;SUBMISSION;VELVETFRUIT_EXTRACT;SEASHELLS;5248;48
440100;;SUBMISSION;VELVETFRUIT_EXTRACT;SEASHELLS;5247;4
444600;;SUBMISSION;VELVETFRUIT_EXTRACT;SEASHELLS;5251;59
445800;SUBMISSION;;VELVETFRUIT_EXTRACT;SEASHELLS;5250;46
445900;SUBMISSION;;VELVETFRUIT_EXTRACT;SEASHELLS;5249;17
448400;;SUBMISSION;VELVETFRUIT_EXTRACT;SEASHELLS;5252;7
450100;SUBMISSION;;VELVETFRUIT_EXTRACT;SEASHELLS;5243;5
450500;SUBMISSION;;VELVETFRUIT_EXTRACT;SEASHELLS;5243;6
451400;SUBMISSION;;VELVETFRUIT_EXTRACT;SEASHELLS;5241;23
454500;;SUBMISSION;VELVETFRUIT_EXTRACT;SEASHELLS;5240;18
454500;;SUBMISSION;VELVETFRUIT_EXTRACT;SEASHELLS;5240;8
454600;;SUBMISSION;VELVETFRUIT_EXTRACT;SEASHELLS;5240;1
458100;SUBMISSION;;VELVETFRUIT_EXTRACT;SEASHELLS;5238;8
461200;SUBMISSION;;VELVETFRUIT_EXTRACT;SEASHELLS;5232;18
461500;SUBMISSION;;VELVETFRUIT_EXTRACT;SEASHELLS;5228;8
463700;;SUBMISSION;VELVETFRUIT_EXTRACT;SEASHELLS;5233;3
469900;;SUBMISSION;VELVETFRUIT_EXTRACT;SEASHELLS;5232;3
470500;;SUBMISSION;VELVETFRUIT_EXTRACT;SEASHELLS;5231;5
471100;;SUBMISSION;VELVETFRUIT_EXTRACT;SEASHELLS;5230;6
471600;;SUBMISSION;VELVETFRUIT_EXTRACT;SEASHELLS;5231;17
474000;;SUBMISSION;VELVETFRUIT_EXTRACT;SEASHELLS;5237;7
474600;SUBMISSION;;VELVETFRUIT_EXTRACT;SEASHELLS;5232;7
476800;;SUBMISSION;VELVETFRUIT_EXTRACT;SEASHELLS;5239;8
480000;;SUBMISSION;VELVETFRUIT_EXTRACT;SEASHELLS;5240;18
482700;;SUBMISSION;VELVETFRUIT_EXTRACT;SEASHELLS;5250;7
484800;SUBMISSION;;VELVETFRUIT_EXTRACT;SEASHELLS;5244;20
487100;SUBMISSION;;VELVETFRUIT_EXTRACT;SEASHELLS;5243;9
491200;SUBMISSION;;VELVETFRUIT_EXTRACT;SEASHELLS;5238;4
491300;SUBMISSION;;VELVETFRUIT_EXTRACT;SEASHELLS;5234;7
493600;;SUBMISSION;VELVETFRUIT_EXTRACT;SEASHELLS;5240;5
494100;;SUBMISSION;VELVETFRUIT_EXTRACT;SEASHELLS;5239;2
494100;;SUBMISSION;VELVETFRUIT_EXTRACT;SEASHELLS;5243;6
500500;SUBMISSION;;VELVETFRUIT_EXTRACT;SEASHELLS;5246;6
507200;SUBMISSION;;VELVETFRUIT_EXTRACT;SEASHELLS;5237;66
507500;SUBMISSION;;VELVETFRUIT_EXTRACT;SEASHELLS;5232;6
513900;;SUBMISSION;VELVETFRUIT_EXTRACT;SEASHELLS;5231;7
515800;;SUBMISSION;VELVETFRUIT_EXTRACT;SEASHELLS;5227;4
516400;;SUBMISSION;VELVETFRUIT_EXTRACT;SEASHELLS;5227;59
517300;;SUBMISSION;VELVETFRUIT_EXTRACT;SEASHELLS;5230;2
517800;;SUBMISSION;VELVETFRUIT_EXTRACT;SEASHELLS;5233;9
518000;;SUBMISSION;VELVETFRUIT_EXTRACT;SEASHELLS;5234;22
518400;;SUBMISSION;VELVETFRUIT_EXTRACT;SEASHELLS;5237;20
518600;;SUBMISSION;VELVETFRUIT_EXTRACT;SEASHELLS;5240;9
518700;;SUBMISSION;VELVETFRUIT_EXTRACT;SEASHELLS;5240;15
530900;SUBMISSION;;VELVETFRUIT_EXTRACT;SEASHELLS;5257;9
531100;SUBMISSION;;VELVETFRUIT_EXTRACT;SEASHELLS;5256;8
531300;SUBMISSION;;VELVETFRUIT_EXTRACT;SEASHELLS;5255;10
531300;SUBMISSION;;VELVETFRUIT_EXTRACT;SEASHELLS;5257;10
533800;SUBMISSION;;VELVETFRUIT_EXTRACT;SEASHELLS;5253;17
533900;SUBMISSION;;VELVETFRUIT_EXTRACT;SEASHELLS;5253;21
535000;SUBMISSION;;VELVETFRUIT_EXTRACT;SEASHELLS;5250;3
537500;SUBMISSION;;VELVETFRUIT_EXTRACT;SEASHELLS;5248;8
538600;SUBMISSION;;VELVETFRUIT_EXTRACT;SEASHELLS;5244;19
539100;SUBMISSION;;VELVETFRUIT_EXTRACT;SEASHELLS;5240;19
539100;SUBMISSION;;VELVETFRUIT_EXTRACT;SEASHELLS;5241;48
539400;SUBMISSION;;VELVETFRUIT_EXTRACT;SEASHELLS;5238;5
540100;;SUBMISSION;VELVETFRUIT_EXTRACT;SEASHELLS;5245;7
541200;;SUBMISSION;VELVETFRUIT_EXTRACT;SEASHELLS;5245;14
542600;;SUBMISSION;VELVETFRUIT_EXTRACT;SEASHELLS;5248;7
544700;SUBMISSION;;VELVETFRUIT_EXTRACT;SEASHELLS;5235;10
546100;;SUBMISSION;VELVETFRUIT_EXTRACT;SEASHELLS;5239;15
546200;;SUBMISSION;VELVETFRUIT_EXTRACT;SEASHELLS;5242;5
547700;;SUBMISSION;VELVETFRUIT_EXTRACT;SEASHELLS;5240;10
548200;;SUBMISSION;VELVETFRUIT_EXTRACT;SEASHELLS;5242;54
552800;;SUBMISSION;VELVETFRUIT_EXTRACT;SEASHELLS;5247;7
553800;SUBMISSION;;VELVETFRUIT_EXTRACT;SEASHELLS;5242;7
553800;SUBMISSION;;VELVETFRUIT_EXTRACT;SEASHELLS;5242;8
553800;SUBMISSION;;VELVETFRUIT_EXTRACT;SEASHELLS;5242;12
554300;SUBMISSION;;VELVETFRUIT_EXTRACT;SEASHELLS;5241;3
557200;SUBMISSION;;VELVETFRUIT_EXTRACT;SEASHELLS;5235;11
560800;;SUBMISSION;VELVETFRUIT_EXTRACT;SEASHELLS;5237;4
564200;;SUBMISSION;VELVETFRUIT_EXTRACT;SEASHELLS;5239;7
566400;;SUBMISSION;VELVETFRUIT_EXTRACT;SEASHELLS;5245;6
566500;;SUBMISSION;VELVETFRUIT_EXTRACT;SEASHELLS;5242;17
569000;;SUBMISSION;VELVETFRUIT_EXTRACT;SEASHELLS;5253;8
571300;SUBMISSION;;VELVETFRUIT_EXTRACT;SEASHELLS;5247;8
574400;SUBMISSION;;VELVETFRUIT_EXTRACT;SEASHELLS;5240;5
574500;SUBMISSION;;VELVETFRUIT_EXTRACT;SEASHELLS;5241;8
579000;;SUBMISSION;VELVETFRUIT_EXTRACT;SEASHELLS;5243;5
579800;;SUBMISSION;VELVETFRUIT_EXTRACT;SEASHELLS;5244;6
581000;SUBMISSION;;VELVETFRUIT_EXTRACT;SEASHELLS;5242;7
582500;SUBMISSION;;VELVETFRUIT_EXTRACT;SEASHELLS;5240;8
585100;;SUBMISSION;VELVETFRUIT_EXTRACT;SEASHELLS;5241;17
585100;;SUBMISSION;VELVETFRUIT_EXTRACT;SEASHELLS;5245;6
585200;;SUBMISSION;VELVETFRUIT_EXTRACT;SEASHELLS;5243;10
585800;SUBMISSION;;VELVETFRUIT_EXTRACT;SEASHELLS;5239;16
585800;SUBMISSION;;VELVETFRUIT_EXTRACT;SEASHELLS;5234;6
588800;;SUBMISSION;VELVETFRUIT_EXTRACT;SEASHELLS;5243;6
592100;;SUBMISSION;VELVETFRUIT_EXTRACT;SEASHELLS;5246;15
592200;;SUBMISSION;VELVETFRUIT_EXTRACT;SEASHELLS;5247;56
600300;SUBMISSION;;VELVETFRUIT_EXTRACT;SEASHELLS;5245;8
601200;SUBMISSION;;VELVETFRUIT_EXTRACT;SEASHELLS;5245;23
601700;SUBMISSION;;VELVETFRUIT_EXTRACT;SEASHELLS;5244;40
604900;SUBMISSION;;VELVETFRUIT_EXTRACT;SEASHELLS;5237;7
614600;SUBMISSION;;VELVETFRUIT_EXTRACT;SEASHELLS;5230;22
617400;;SUBMISSION;VELVETFRUIT_EXTRACT;SEASHELLS;5228;14
617500;;SUBMISSION;VELVETFRUIT_EXTRACT;SEASHELLS;5228;15
620400;SUBMISSION;;VELVETFRUIT_EXTRACT;SEASHELLS;5225;4
622700;SUBMISSION;;VELVETFRUIT_EXTRACT;SEASHELLS;5221;7
623300;SUBMISSION;;VELVETFRUIT_EXTRACT;SEASHELLS;5219;3
628800;;SUBMISSION;VELVETFRUIT_EXTRACT;SEASHELLS;5222;5
629600;;SUBMISSION;VELVETFRUIT_EXTRACT;SEASHELLS;5223;9
637800;;SUBMISSION;VELVETFRUIT_EXTRACT;SEASHELLS;5231;4
639800;;SUBMISSION;VELVETFRUIT_EXTRACT;SEASHELLS;5232;5
641800;;SUBMISSION;VELVETFRUIT_EXTRACT;SEASHELLS;5232;6
642400;SUBMISSION;;VELVETFRUIT_EXTRACT;SEASHELLS;5228;8
642700;SUBMISSION;;VELVETFRUIT_EXTRACT;SEASHELLS;5229;7
644700;;SUBMISSION;VELVETFRUIT_EXTRACT;SEASHELLS;5232;4
645200;SUBMISSION;;VELVETFRUIT_EXTRACT;SEASHELLS;5225;7
646800;;SUBMISSION;VELVETFRUIT_EXTRACT;SEASHELLS;5232;5
647300;SUBMISSION;;VELVETFRUIT_EXTRACT;SEASHELLS;5227;2
648600;SUBMISSION;;VELVETFRUIT_EXTRACT;SEASHELLS;5224;14
650200;;SUBMISSION;VELVETFRUIT_EXTRACT;SEASHELLS;5229;14
669000;SUBMISSION;;VELVETFRUIT_EXTRACT;SEASHELLS;5239;6
670100;SUBMISSION;;VELVETFRUIT_EXTRACT;SEASHELLS;5237;13
670200;SUBMISSION;;VELVETFRUIT_EXTRACT;SEASHELLS;5237;10
670800;;SUBMISSION;VELVETFRUIT_EXTRACT;SEASHELLS;5241;16
671100;;SUBMISSION;VELVETFRUIT_EXTRACT;SEASHELLS;5243;13
671600;;SUBMISSION;VELVETFRUIT_EXTRACT;SEASHELLS;5245;5
673700;SUBMISSION;;VELVETFRUIT_EXTRACT;SEASHELLS;5241;5
674800;SUBMISSION;;VELVETFRUIT_EXTRACT;SEASHELLS;5236;15
675000;SUBMISSION;;VELVETFRUIT_EXTRACT;SEASHELLS;5233;7
676600;;SUBMISSION;VELVETFRUIT_EXTRACT;SEASHELLS;5236;6
678300;;SUBMISSION;VELVETFRUIT_EXTRACT;SEASHELLS;5237;16
679600;;SUBMISSION;VELVETFRUIT_EXTRACT;SEASHELLS;5243;4
680300;;SUBMISSION;VELVETFRUIT_EXTRACT;SEASHELLS;5242;7
683300;SUBMISSION;;VELVETFRUIT_EXTRACT;SEASHELLS;5235;3
683500;SUBMISSION;;VELVETFRUIT_EXTRACT;SEASHELLS;5237;8
684800;;SUBMISSION;VELVETFRUIT_EXTRACT;SEASHELLS;5241;54
687700;SUBMISSION;;VELVETFRUIT_EXTRACT;SEASHELLS;5244;9
687700;SUBMISSION;;VELVETFRUIT_EXTRACT;SEASHELLS;5245;9
688200;SUBMISSION;;VELVETFRUIT_EXTRACT;SEASHELLS;5244;5
704200;SUBMISSION;;VELVETFRUIT_EXTRACT;SEASHELLS;5255;20
704300;SUBMISSION;;VELVETFRUIT_EXTRACT;SEASHELLS;5255;11
708700;;SUBMISSION;VELVETFRUIT_EXTRACT;SEASHELLS;5257;3
712300;SUBMISSION;;VELVETFRUIT_EXTRACT;SEASHELLS;5246;7
712900;;SUBMISSION;VELVETFRUIT_EXTRACT;SEASHELLS;5249;6
714600;;SUBMISSION;VELVETFRUIT_EXTRACT;SEASHELLS;5251;16
718500;SUBMISSION;;VELVETFRUIT_EXTRACT;SEASHELLS;5254;18
719300;SUBMISSION;;VELVETFRUIT_EXTRACT;SEASHELLS;5251;7
722200;;SUBMISSION;VELVETFRUIT_EXTRACT;SEASHELLS;5254;5
722700;;SUBMISSION;VELVETFRUIT_EXTRACT;SEASHELLS;5255;2
723200;;SUBMISSION;VELVETFRUIT_EXTRACT;SEASHELLS;5259;16
723300;;SUBMISSION;VELVETFRUIT_EXTRACT;SEASHELLS;5259;25
723500;;SUBMISSION;VELVETFRUIT_EXTRACT;SEASHELLS;5261;20
723800;;SUBMISSION;VELVETFRUIT_EXTRACT;SEASHELLS;5265;21
723800;;SUBMISSION;VELVETFRUIT_EXTRACT;SEASHELLS;5264;48
728700;SUBMISSION;;VELVETFRUIT_EXTRACT;SEASHELLS;5269;15
732400;SUBMISSION;;VELVETFRUIT_EXTRACT;SEASHELLS;5269;6
732700;SUBMISSION;;VELVETFRUIT_EXTRACT;SEASHELLS;5269;8
735000;SUBMISSION;;VELVETFRUIT_EXTRACT;SEASHELLS;5268;8
742400;SUBMISSION;;VELVETFRUIT_EXTRACT;SEASHELLS;5267;18
748000;;SUBMISSION;VELVETFRUIT_EXTRACT;SEASHELLS;5277;7
750200;SUBMISSION;;VELVETFRUIT_EXTRACT;SEASHELLS;5276;5
752300;SUBMISSION;;VELVETFRUIT_EXTRACT;SEASHELLS;5281;5
753000;SUBMISSION;;VELVETFRUIT_EXTRACT;SEASHELLS;5279;19
753000;SUBMISSION;;VELVETFRUIT_EXTRACT;SEASHELLS;5280;43
753100;SUBMISSION;;VELVETFRUIT_EXTRACT;SEASHELLS;5277;22
753200;SUBMISSION;;VELVETFRUIT_EXTRACT;SEASHELLS;5277;25
753800;SUBMISSION;;VELVETFRUIT_EXTRACT;SEASHELLS;5272;10
758100;;SUBMISSION;VELVETFRUIT_EXTRACT;SEASHELLS;5271;10
758300;;SUBMISSION;VELVETFRUIT_EXTRACT;SEASHELLS;5271;18
758500;;SUBMISSION;VELVETFRUIT_EXTRACT;SEASHELLS;5271;19
758600;;SUBMISSION;VELVETFRUIT_EXTRACT;SEASHELLS;5274;3
759600;SUBMISSION;;VELVETFRUIT_EXTRACT;SEASHELLS;5268;3
759800;SUBMISSION;;VELVETFRUIT_EXTRACT;SEASHELLS;5266;17
759900;SUBMISSION;;VELVETFRUIT_EXTRACT;SEASHELLS;5265;23
760600;SUBMISSION;;VELVETFRUIT_EXTRACT;SEASHELLS;5259;15
760700;SUBMISSION;;VELVETFRUIT_EXTRACT;SEASHELLS;5260;19
761100;SUBMISSION;;VELVETFRUIT_EXTRACT;SEASHELLS;5257;6
764300;;SUBMISSION;VELVETFRUIT_EXTRACT;SEASHELLS;5257;7
765200;;SUBMISSION;VELVETFRUIT_EXTRACT;SEASHELLS;5258;15
765300;;SUBMISSION;VELVETFRUIT_EXTRACT;SEASHELLS;5259;18
765400;;SUBMISSION;VELVETFRUIT_EXTRACT;SEASHELLS;5259;15
765500;;SUBMISSION;VELVETFRUIT_EXTRACT;SEASHELLS;5260;19
765600;;SUBMISSION;VELVETFRUIT_EXTRACT;SEASHELLS;5260;6
768400;SUBMISSION;;VELVETFRUIT_EXTRACT;SEASHELLS;5255;14
769800;;SUBMISSION;VELVETFRUIT_EXTRACT;SEASHELLS;5259;14
770000;;SUBMISSION;VELVETFRUIT_EXTRACT;SEASHELLS;5264;3
772300;SUBMISSION;;VELVETFRUIT_EXTRACT;SEASHELLS;5259;10
772300;SUBMISSION;;VELVETFRUIT_EXTRACT;SEASHELLS;5259;10
774100;;SUBMISSION;VELVETFRUIT_EXTRACT;SEASHELLS;5263;11
775200;SUBMISSION;;VELVETFRUIT_EXTRACT;SEASHELLS;5258;3
775800;SUBMISSION;;VELVETFRUIT_EXTRACT;SEASHELLS;5258;12
776700;SUBMISSION;;VELVETFRUIT_EXTRACT;SEASHELLS;5254;15
785900;;SUBMISSION;VELVETFRUIT_EXTRACT;SEASHELLS;5250;8
786100;;SUBMISSION;VELVETFRUIT_EXTRACT;SEASHELLS;5250;24
786300;;SUBMISSION;VELVETFRUIT_EXTRACT;SEASHELLS;5250;4
787200;SUBMISSION;;VELVETFRUIT_EXTRACT;SEASHELLS;5247;5
789200;SUBMISSION;;VELVETFRUIT_EXTRACT;SEASHELLS;5245;9
789400;SUBMISSION;;VELVETFRUIT_EXTRACT;SEASHELLS;5244;25
789600;SUBMISSION;;VELVETFRUIT_EXTRACT;SEASHELLS;5242;11
792300;SUBMISSION;;VELVETFRUIT_EXTRACT;SEASHELLS;5240;5
793000;;SUBMISSION;VELVETFRUIT_EXTRACT;SEASHELLS;5246;6
794900;SUBMISSION;;VELVETFRUIT_EXTRACT;SEASHELLS;5237;10
796800;;SUBMISSION;VELVETFRUIT_EXTRACT;SEASHELLS;5241;7
797900;;SUBMISSION;VELVETFRUIT_EXTRACT;SEASHELLS;5241;20
798100;;SUBMISSION;VELVETFRUIT_EXTRACT;SEASHELLS;5242;6
798400;;SUBMISSION;VELVETFRUIT_EXTRACT;SEASHELLS;5245;5
799400;;SUBMISSION;VELVETFRUIT_EXTRACT;SEASHELLS;5245;20
799400;;SUBMISSION;VELVETFRUIT_EXTRACT;SEASHELLS;5244;1
800300;;SUBMISSION;VELVETFRUIT_EXTRACT;SEASHELLS;5249;19
804200;;SUBMISSION;VELVETFRUIT_EXTRACT;SEASHELLS;5253;20
805300;SUBMISSION;;VELVETFRUIT_EXTRACT;SEASHELLS;5251;10
806500;SUBMISSION;;VELVETFRUIT_EXTRACT;SEASHELLS;5251;21
806600;SUBMISSION;;VELVETFRUIT_EXTRACT;SEASHELLS;5250;8
807100;SUBMISSION;;VELVETFRUIT_EXTRACT;SEASHELLS;5244;8
807100;SUBMISSION;;VELVETFRUIT_EXTRACT;SEASHELLS;5244;8
807500;SUBMISSION;;VELVETFRUIT_EXTRACT;SEASHELLS;5244;5
809800;;SUBMISSION;VELVETFRUIT_EXTRACT;SEASHELLS;5244;13
810000;;SUBMISSION;VELVETFRUIT_EXTRACT;SEASHELLS;5244;8
810100;;SUBMISSION;VELVETFRUIT_EXTRACT;SEASHELLS;5246;18
810300;;SUBMISSION;VELVETFRUIT_EXTRACT;SEASHELLS;5247;22
819500;SUBMISSION;;VELVETFRUIT_EXTRACT;SEASHELLS;5250;14
819500;SUBMISSION;;VELVETFRUIT_EXTRACT;SEASHELLS;5251;14
821100;;SUBMISSION;VELVETFRUIT_EXTRACT;SEASHELLS;5260;15
822000;SUBMISSION;;VELVETFRUIT_EXTRACT;SEASHELLS;5254;8
822400;SUBMISSION;;VELVETFRUIT_EXTRACT;SEASHELLS;5251;8
824100;SUBMISSION;;VELVETFRUIT_EXTRACT;SEASHELLS;5252;11
824500;SUBMISSION;;VELVETFRUIT_EXTRACT;SEASHELLS;5247;10
825100;SUBMISSION;;VELVETFRUIT_EXTRACT;SEASHELLS;5245;10
825200;SUBMISSION;;VELVETFRUIT_EXTRACT;SEASHELLS;5245;3
826400;;SUBMISSION;VELVETFRUIT_EXTRACT;SEASHELLS;5249;18
826800;;SUBMISSION;VELVETFRUIT_EXTRACT;SEASHELLS;5252;6
827000;;SUBMISSION;VELVETFRUIT_EXTRACT;SEASHELLS;5256;8
829000;;SUBMISSION;VELVETFRUIT_EXTRACT;SEASHELLS;5258;16
830600;SUBMISSION;;VELVETFRUIT_EXTRACT;SEASHELLS;5258;9
830900;SUBMISSION;;VELVETFRUIT_EXTRACT;SEASHELLS;5255;7
832500;SUBMISSION;;VELVETFRUIT_EXTRACT;SEASHELLS;5255;9
834000;SUBMISSION;;VELVETFRUIT_EXTRACT;SEASHELLS;5253;8
834400;SUBMISSION;;VELVETFRUIT_EXTRACT;SEASHELLS;5252;10
836700;;SUBMISSION;VELVETFRUIT_EXTRACT;SEASHELLS;5256;18
837000;;SUBMISSION;VELVETFRUIT_EXTRACT;SEASHELLS;5259;19
838400;SUBMISSION;;VELVETFRUIT_EXTRACT;SEASHELLS;5255;10
838500;SUBMISSION;;VELVETFRUIT_EXTRACT;SEASHELLS;5255;5
838800;;SUBMISSION;VELVETFRUIT_EXTRACT;SEASHELLS;5258;5
841400;SUBMISSION;;VELVETFRUIT_EXTRACT;SEASHELLS;5257;15
845500;;SUBMISSION;VELVETFRUIT_EXTRACT;SEASHELLS;5256;6
845600;;SUBMISSION;VELVETFRUIT_EXTRACT;SEASHELLS;5258;10
847600;SUBMISSION;;VELVETFRUIT_EXTRACT;SEASHELLS;5259;8
848700;SUBMISSION;;VELVETFRUIT_EXTRACT;SEASHELLS;5257;2
849000;SUBMISSION;;VELVETFRUIT_EXTRACT;SEASHELLS;5255;60
850400;;SUBMISSION;VELVETFRUIT_EXTRACT;SEASHELLS;5254;10
851900;;SUBMISSION;VELVETFRUIT_EXTRACT;SEASHELLS;5255;14
854200;;SUBMISSION;VELVETFRUIT_EXTRACT;SEASHELLS;5256;19
854400;;SUBMISSION;VELVETFRUIT_EXTRACT;SEASHELLS;5256;17
861800;;SUBMISSION;VELVETFRUIT_EXTRACT;SEASHELLS;5255;3
862300;SUBMISSION;;VELVETFRUIT_EXTRACT;SEASHELLS;5250;3
862500;SUBMISSION;;VELVETFRUIT_EXTRACT;SEASHELLS;5248;8
862900;SUBMISSION;;VELVETFRUIT_EXTRACT;SEASHELLS;5248;23
863200;SUBMISSION;;VELVETFRUIT_EXTRACT;SEASHELLS;5246;15
863700;;SUBMISSION;VELVETFRUIT_EXTRACT;SEASHELLS;5250;22
863700;;SUBMISSION;VELVETFRUIT_EXTRACT;SEASHELLS;5254;5
865700;;SUBMISSION;VELVETFRUIT_EXTRACT;SEASHELLS;5254;56
867000;;SUBMISSION;VELVETFRUIT_EXTRACT;SEASHELLS;5261;66
871200;SUBMISSION;;VELVETFRUIT_EXTRACT;SEASHELLS;5264;9
871200;SUBMISSION;;VELVETFRUIT_EXTRACT;SEASHELLS;5267;24
871200;SUBMISSION;;VELVETFRUIT_EXTRACT;SEASHELLS;5266;9
871600;SUBMISSION;;VELVETFRUIT_EXTRACT;SEASHELLS;5266;22
871800;SUBMISSION;;VELVETFRUIT_EXTRACT;SEASHELLS;5265;39
871900;SUBMISSION;;VELVETFRUIT_EXTRACT;SEASHELLS;5263;69
874800;SUBMISSION;;VELVETFRUIT_EXTRACT;SEASHELLS;5258;9
877400;;SUBMISSION;VELVETFRUIT_EXTRACT;SEASHELLS;5258;9
878100;;SUBMISSION;VELVETFRUIT_EXTRACT;SEASHELLS;5258;6
878600;;SUBMISSION;VELVETFRUIT_EXTRACT;SEASHELLS;5259;5
882600;SUBMISSION;;VELVETFRUIT_EXTRACT;SEASHELLS;5251;10
882600;SUBMISSION;;VELVETFRUIT_EXTRACT;SEASHELLS;5251;10
882800;SUBMISSION;;VELVETFRUIT_EXTRACT;SEASHELLS;5249;8
886400;;SUBMISSION;VELVETFRUIT_EXTRACT;SEASHELLS;5254;6
888800;;SUBMISSION;VELVETFRUIT_EXTRACT;SEASHELLS;5251;21
889500;;SUBMISSION;VELVETFRUIT_EXTRACT;SEASHELLS;5253;59
891500;;SUBMISSION;VELVETFRUIT_EXTRACT;SEASHELLS;5258;10
893400;SUBMISSION;;VELVETFRUIT_EXTRACT;SEASHELLS;5256;8
893500;SUBMISSION;;VELVETFRUIT_EXTRACT;SEASHELLS;5255;3
893800;SUBMISSION;;VELVETFRUIT_EXTRACT;SEASHELLS;5253;5
895800;;SUBMISSION;VELVETFRUIT_EXTRACT;SEASHELLS;5259;5
902800;SUBMISSION;;VELVETFRUIT_EXTRACT;SEASHELLS;5250;24
903000;SUBMISSION;;VELVETFRUIT_EXTRACT;SEASHELLS;5248;12
904200;SUBMISSION;;VELVETFRUIT_EXTRACT;SEASHELLS;5243;22
904700;SUBMISSION;;VELVETFRUIT_EXTRACT;SEASHELLS;5240;7
907100;;SUBMISSION;VELVETFRUIT_EXTRACT;SEASHELLS;5245;6
907100;;SUBMISSION;VELVETFRUIT_EXTRACT;SEASHELLS;5243;23
907300;;SUBMISSION;VELVETFRUIT_EXTRACT;SEASHELLS;5245;14
909600;;SUBMISSION;VELVETFRUIT_EXTRACT;SEASHELLS;5246;5
910200;;SUBMISSION;VELVETFRUIT_EXTRACT;SEASHELLS;5247;17
910300;;SUBMISSION;VELVETFRUIT_EXTRACT;SEASHELLS;5247;1
911400;;SUBMISSION;VELVETFRUIT_EXTRACT;SEASHELLS;5253;16
911600;;SUBMISSION;VELVETFRUIT_EXTRACT;SEASHELLS;5254;58
913000;;SUBMISSION;VELVETFRUIT_EXTRACT;SEASHELLS;5263;12
913400;;SUBMISSION;VELVETFRUIT_EXTRACT;SEASHELLS;5266;5
913800;SUBMISSION;;VELVETFRUIT_EXTRACT;SEASHELLS;5261;7
914000;SUBMISSION;;VELVETFRUIT_EXTRACT;SEASHELLS;5260;5
914400;SUBMISSION;;VELVETFRUIT_EXTRACT;SEASHELLS;5257;7
915000;SUBMISSION;;VELVETFRUIT_EXTRACT;SEASHELLS;5258;7
915500;SUBMISSION;;VELVETFRUIT_EXTRACT;SEASHELLS;5258;19
915500;SUBMISSION;;VELVETFRUIT_EXTRACT;SEASHELLS;5259;33
915600;SUBMISSION;;VELVETFRUIT_EXTRACT;SEASHELLS;5258;13
921300;;SUBMISSION;VELVETFRUIT_EXTRACT;SEASHELLS;5261;20
922900;;SUBMISSION;VELVETFRUIT_EXTRACT;SEASHELLS;5266;17
925100;;SUBMISSION;VELVETFRUIT_EXTRACT;SEASHELLS;5278;4
925200;;SUBMISSION;VELVETFRUIT_EXTRACT;SEASHELLS;5278;4
928800;SUBMISSION;;VELVETFRUIT_EXTRACT;SEASHELLS;5274;5
929700;SUBMISSION;;VELVETFRUIT_EXTRACT;SEASHELLS;5273;22
929800;SUBMISSION;;VELVETFRUIT_EXTRACT;SEASHELLS;5272;15
929800;SUBMISSION;;VELVETFRUIT_EXTRACT;SEASHELLS;5273;3
930900;SUBMISSION;;VELVETFRUIT_EXTRACT;SEASHELLS;5265;6
932400;SUBMISSION;;VELVETFRUIT_EXTRACT;SEASHELLS;5264;8
932600;SUBMISSION;;VELVETFRUIT_EXTRACT;SEASHELLS;5263;8
933200;;SUBMISSION;VELVETFRUIT_EXTRACT;SEASHELLS;5265;4
935100;SUBMISSION;;VELVETFRUIT_EXTRACT;SEASHELLS;5260;4
936200;SUBMISSION;;VELVETFRUIT_EXTRACT;SEASHELLS;5258;7
937400;;SUBMISSION;VELVETFRUIT_EXTRACT;SEASHELLS;5264;3
938300;SUBMISSION;;VELVETFRUIT_EXTRACT;SEASHELLS;5255;4
938600;SUBMISSION;;VELVETFRUIT_EXTRACT;SEASHELLS;5255;6
941800;SUBMISSION;;VELVETFRUIT_EXTRACT;SEASHELLS;5248;12
949500;;SUBMISSION;VELVETFRUIT_EXTRACT;SEASHELLS;5245;6
950400;;SUBMISSION;VELVETFRUIT_EXTRACT;SEASHELLS;5243;12
951600;SUBMISSION;;VELVETFRUIT_EXTRACT;SEASHELLS;5237;5
952000;;SUBMISSION;VELVETFRUIT_EXTRACT;SEASHELLS;5241;7
952700;;SUBMISSION;VELVETFRUIT_EXTRACT;SEASHELLS;5241;10
954100;SUBMISSION;;VELVETFRUIT_EXTRACT;SEASHELLS;5235;63
955100;SUBMISSION;;VELVETFRUIT_EXTRACT;SEASHELLS;5227;8
958600;;SUBMISSION;VELVETFRUIT_EXTRACT;SEASHELLS;5230;66
962400;;SUBMISSION;VELVETFRUIT_EXTRACT;SEASHELLS;5236;23
965600;SUBMISSION;;VELVETFRUIT_EXTRACT;SEASHELLS;5238;8
967500;SUBMISSION;;VELVETFRUIT_EXTRACT;SEASHELLS;5232;8
968200;SUBMISSION;;VELVETFRUIT_EXTRACT;SEASHELLS;5233;6
971300;;SUBMISSION;VELVETFRUIT_EXTRACT;SEASHELLS;5228;3
973200;;SUBMISSION;VELVETFRUIT_EXTRACT;SEASHELLS;5230;19
976600;SUBMISSION;;VELVETFRUIT_EXTRACT;SEASHELLS;5232;7
978300;;SUBMISSION;VELVETFRUIT_EXTRACT;SEASHELLS;5236;7
978300;;SUBMISSION;VELVETFRUIT_EXTRACT;SEASHELLS;5240;5
984900;SUBMISSION;;VELVETFRUIT_EXTRACT;SEASHELLS;5240;4
985500;SUBMISSION;;VELVETFRUIT_EXTRACT;SEASHELLS;5241;1
985800;SUBMISSION;;VELVETFRUIT_EXTRACT;SEASHELLS;5240;5
986900;;SUBMISSION;VELVETFRUIT_EXTRACT;SEASHELLS;5245;5
986900;;SUBMISSION;VELVETFRUIT_EXTRACT;SEASHELLS;5249;8
989900;SUBMISSION;;VELVETFRUIT_EXTRACT;SEASHELLS;5242;4
992300;SUBMISSION;;VELVETFRUIT_EXTRACT;SEASHELLS;5243;4
