timestamp;buyer;seller;symbol;currency;price;quantity
900;SUBMISSION;;ASH_COATED_OSMIUM;SEASHELLS;9998;8
2300;;SUBMISSION;ASH_COATED_OSMIUM;SEASHELLS;10000;5
4000;;SUBMISSION;INTARIAN_PEPPER_ROOT;SEASHELLS;10007;7
5200;SUBMISSION;;INTARIAN_PEPPER_ROOT;SEASHELLS;10002;5
5300;;SUBMISSION;ASH_COATED_OSMIUM;SEASHELLS;10002;4
5800;;SUBMISSION;ASH_COATED_OSMIUM;SEASHELLS;10001;5
7800;;SUBMISSION;ASH_COATED_OSMIUM;SEASHELLS;10002;4
8000;;SUBMISSION;ASH_COATED_OSMIUM;SEASHELLS;10006;6
8900;;SUBMISSION;ASH_COATED_OSMIUM;SEASHELLS;10003;2
10300;;SUBMISSION;ASH_COATED_OSMIUM;SEASHELLS;10001;13
10400;;SUBMISSION;ASH_COATED_OSMIUM;SEASHELLS;10007;5
10500;;SUBMISSION;ASH_COATED_OSMIUM;SEASHELLS;10002;10
10500;;SUBMISSION;INTARIAN_PEPPER_ROOT;SEASHELLS;10013;5
10600;;SUBMISSION;ASH_COATED_OSMIUM;SEASHELLS;10001;13
10900;;SUBMISSION;ASH_COATED_OSMIUM;SEASHELLS;10001;15
11000;;SUBMISSION;ASH_COATED_OSMIUM;SEASHELLS;10001;6
11300;SUBMISSION;;INTARIAN_PEPPER_ROOT;SEASHELLS;10008;3
22600;SUBMISSION;;INTARIAN_PEPPER_ROOT;SEASHELLS;10019;7
35100;SUBMISSION;;INTARIAN_PEPPER_ROOT;SEASHELLS;10032;6
35200;SUBMISSION;;INTARIAN_PEPPER_ROOT;SEASHELLS;10032;5
37900;;SUBMISSION;INTARIAN_PEPPER_ROOT;SEASHELLS;10040;4
39900;;SUBMISSION;INTARIAN_PEPPER_ROOT;SEASHELLS;10042;6
45100;;SUBMISSION;INTARIAN_PEPPER_ROOT;SEASHELLS;10048;4
46400;;SUBMISSION;INTARIAN_PEPPER_ROOT;SEASHELLS;10049;4
52900;SUBMISSION;;INTARIAN_PEPPER_ROOT;SEASHELLS;10049;6
55300;SUBMISSION;;INTARIAN_PEPPER_ROOT;SEASHELLS;10052;7
57200;;SUBMISSION;INTARIAN_PEPPER_ROOT;SEASHELLS;10060;8
61700;;SUBMISSION;INTARIAN_PEPPER_ROOT;SEASHELLS;10064;5
62700;SUBMISSION;;ASH_COATED_OSMIUM;SEASHELLS;9999;7
64300;SUBMISSION;;INTARIAN_PEPPER_ROOT;SEASHELLS;10061;5
66800;SUBMISSION;;ASH_COATED_OSMIUM;SEASHELLS;9999;4
67400;SUBMISSION;;INTARIAN_PEPPER_ROOT;SEASHELLS;10064;4
67700;SUBMISSION;;ASH_COATED_OSMIUM;SEASHELLS;9999;2
71600;;SUBMISSION;INTARIAN_PEPPER_ROOT;SEASHELLS;10074;7
72800;SUBMISSION;;ASH_COATED_OSMIUM;SEASHELLS;10000;5
76600;;SUBMISSION;ASH_COATED_OSMIUM;SEASHELLS;10003;8
77500;;SUBMISSION;ASH_COATED_OSMIUM;SEASHELLS;10003;9
77700;;SUBMISSION;ASH_COATED_OSMIUM;SEASHELLS;10003;1
78500;SUBMISSION;;ASH_COATED_OSMIUM;SEASHELLS;10000;6
79900;;SUBMISSION;ASH_COATED_OSMIUM;SEASHELLS;10001;6
82700;SUBMISSION;;INTARIAN_PEPPER_ROOT;SEASHELLS;10079;8
86500;SUBMISSION;;ASH_COATED_OSMIUM;SEASHELLS;9997;6
86600;SUBMISSION;;INTARIAN_PEPPER_ROOT;SEASHELLS;10083;3
86900;;SUBMISSION;ASH_COATED_OSMIUM;SEASHELLS;10001;5
89000;;SUBMISSION;INTARIAN_PEPPER_ROOT;SEASHELLS;10092;3
90800;SUBMISSION;;INTARIAN_PEPPER_ROOT;SEASHELLS;10087;6
91700;SUBMISSION;;ASH_COATED_OSMIUM;SEASHELLS;9992;9
92200;SUBMISSION;;INTARIAN_PEPPER_ROOT;SEASHELLS;10089;4
95600;SUBMISSION;;ASH_COATED_OSMIUM;SEASHELLS;9999;2
95900;SUBMISSION;;ASH_COATED_OSMIUM;SEASHELLS;9999;5
97200;SUBMISSION;;ASH_COATED_OSMIUM;SEASHELLS;9994;3
97600;SUBMISSION;;ASH_COATED_OSMIUM;SEASHELLS;9999;3
98600;;SUBMISSION;INTARIAN_PEPPER_ROOT;SEASHELLS;10101;3
100400;SUBMISSION;;ASH_COATED_OSMIUM;SEASHELLS;9992;4
102400;;SUBMISSION;INTARIAN_PEPPER_ROOT;SEASHELLS;10105;8
103300;SUBMISSION;;ASH_COATED_OSMIUM;SEASHELLS;9992;9
103400;SUBMISSION;;ASH_COATED_OSMIUM;SEASHELLS;9996;3
106200;SUBMISSION;;ASH_COATED_OSMIUM;SEASHELLS;9999;5
106300;SUBMISSION;;INTARIAN_PEPPER_ROOT;SEASHELLS;10103;5
106900;SUBMISSION;;ASH_COATED_OSMIUM;SEASHELLS;9995;6
107300;SUBMISSION;;INTARIAN_PEPPER_ROOT;SEASHELLS;10104;8
108800;SUBMISSION;;ASH_COATED_OSMIUM;SEASHELLS;10000;3
108900;SUBMISSION;;INTARIAN_PEPPER_ROOT;SEASHELLS;10105;7
112500;SUBMISSION;;ASH_COATED_OSMIUM;SEASHELLS;10000;5
117700;SUBMISSION;;INTARIAN_PEPPER_ROOT;SEASHELLS;10114;8
117900;;SUBMISSION;ASH_COATED_OSMIUM;SEASHELLS;10004;4
120000;SUBMISSION;;INTARIAN_PEPPER_ROOT;SEASHELLS;10116;8
122000;;SUBMISSION;INTARIAN_PEPPER_ROOT;SEASHELLS;10125;3
122700;SUBMISSION;;INTARIAN_PEPPER_ROOT;SEASHELLS;10119;4
124000;;SUBMISSION;INTARIAN_PEPPER_ROOT;SEASHELLS;10127;7
126500;SUBMISSION;;INTARIAN_PEPPER_ROOT;SEASHELLS;10123;3
128800;SUBMISSION;;ASH_COATED_OSMIUM;SEASHELLS;9998;3
129400;;SUBMISSION;INTARIAN_PEPPER_ROOT;SEASHELLS;10132;5
131700;SUBMISSION;;ASH_COATED_OSMIUM;SEASHELLS;9999;2
132600;;SUBMISSION;INTARIAN_PEPPER_ROOT;SEASHELLS;10135;7
136200;;SUBMISSION;INTARIAN_PEPPER_ROOT;SEASHELLS;10139;7
136800;;SUBMISSION;INTARIAN_PEPPER_ROOT;SEASHELLS;10139;8
137000;SUBMISSION;;INTARIAN_PEPPER_ROOT;SEASHELLS;10133;5
137800;;SUBMISSION;ASH_COATED_OSMIUM;SEASHELLS;10002;5
139600;SUBMISSION;;ASH_COATED_OSMIUM;SEASHELLS;9997;6
140000;;SUBMISSION;INTARIAN_PEPPER_ROOT;SEASHELLS;10143;5
140900;SUBMISSION;;ASH_COATED_OSMIUM;SEASHELLS;9999;10
141200;;SUBMISSION;ASH_COATED_OSMIUM;SEASHELLS;10003;4
145400;SUBMISSION;;INTARIAN_PEPPER_ROOT;SEASHELLS;10142;8
148900;SUBMISSION;;ASH_COATED_OSMIUM;SEASHELLS;10000;2
155300;SUBMISSION;;ASH_COATED_OSMIUM;SEASHELLS;10000;3
155500;SUBMISSION;;INTARIAN_PEPPER_ROOT;SEASHELLS;10152;4
155900;;SUBMISSION;INTARIAN_PEPPER_ROOT;SEASHELLS;10158;8
156600;SUBMISSION;;ASH_COATED_OSMIUM;SEASHELLS;9999;2
156800;;SUBMISSION;INTARIAN_PEPPER_ROOT;SEASHELLS;10159;3
159700;SUBMISSION;;INTARIAN_PEPPER_ROOT;SEASHELLS;10156;7
160500;SUBMISSION;;ASH_COATED_OSMIUM;SEASHELLS;9997;3
164900;SUBMISSION;;ASH_COATED_OSMIUM;SEASHELLS;9999;3
171300;;SUBMISSION;ASH_COATED_OSMIUM;SEASHELLS;10001;8
172800;SUBMISSION;;ASH_COATED_OSMIUM;SEASHELLS;10000;4
173500;;SUBMISSION;ASH_COATED_OSMIUM;SEASHELLS;10001;10
174200;SUBMISSION;;INTARIAN_PEPPER_ROOT;SEASHELLS;10171;5
175100;SUBMISSION;;ASH_COATED_OSMIUM;SEASHELLS;9998;8
178600;SUBMISSION;;INTARIAN_PEPPER_ROOT;SEASHELLS;10175;4
185900;;SUBMISSION;ASH_COATED_OSMIUM;SEASHELLS;10003;5
187900;;SUBMISSION;INTARIAN_PEPPER_ROOT;SEASHELLS;10190;8
188700;SUBMISSION;;INTARIAN_PEPPER_ROOT;SEASHELLS;10185;5
189100;SUBMISSION;;INTARIAN_PEPPER_ROOT;SEASHELLS;10186;5
192200;SUBMISSION;;ASH_COATED_OSMIUM;SEASHELLS;9996;9
197200;SUBMISSION;;ASH_COATED_OSMIUM;SEASHELLS;9996;2
197700;SUBMISSION;;ASH_COATED_OSMIUM;SEASHELLS;9996;2
198600;SUBMISSION;;ASH_COATED_OSMIUM;SEASHELLS;9995;4
199500;SUBMISSION;;ASH_COATED_OSMIUM;SEASHELLS;9990;7
200600;;SUBMISSION;INTARIAN_PEPPER_ROOT;SEASHELLS;10203;8
200800;SUBMISSION;;ASH_COATED_OSMIUM;SEASHELLS;9999;12
201100;SUBMISSION;;ASH_COATED_OSMIUM;SEASHELLS;9999;15
202200;;SUBMISSION;INTARIAN_PEPPER_ROOT;SEASHELLS;10205;3
203500;SUBMISSION;;ASH_COATED_OSMIUM;SEASHELLS;9996;3
204500;SUBMISSION;;INTARIAN_PEPPER_ROOT;SEASHELLS;10201;8
206100;SUBMISSION;;INTARIAN_PEPPER_ROOT;SEASHELLS;10203;6
207900;SUBMISSION;;ASH_COATED_OSMIUM;SEASHELLS;9996;2
209200;SUBMISSION;;INTARIAN_PEPPER_ROOT;SEASHELLS;10206;7
210400;SUBMISSION;;ASH_COATED_OSMIUM;SEASHELLS;9997;2
210700;SUBMISSION;;ASH_COATED_OSMIUM;SEASHELLS;9997;2
211300;SUBMISSION;;ASH_COATED_OSMIUM;SEASHELLS;9996;2
213200;;SUBMISSION;INTARIAN_PEPPER_ROOT;SEASHELLS;10216;4
216900;SUBMISSION;;ASH_COATED_OSMIUM;SEASHELLS;9995;4
220300;;SUBMISSION;ASH_COATED_OSMIUM;SEASHELLS;10000;4
221000;;SUBMISSION;ASH_COATED_OSMIUM;SEASHELLS;10002;7
221200;SUBMISSION;;INTARIAN_PEPPER_ROOT;SEASHELLS;10218;8
221500;SUBMISSION;;ASH_COATED_OSMIUM;SEASHELLS;9998;4
221700;SUBMISSION;;INTARIAN_PEPPER_ROOT;SEASHELLS;10218;8
222500;;SUBMISSION;ASH_COATED_OSMIUM;SEASHELLS;10000;10
225400;;SUBMISSION;INTARIAN_PEPPER_ROOT;SEASHELLS;10228;3
226200;SUBMISSION;;ASH_COATED_OSMIUM;SEASHELLS;9996;4
226900;SUBMISSION;;ASH_COATED_OSMIUM;SEASHELLS;9999;2
231100;;SUBMISSION;ASH_COATED_OSMIUM;SEASHELLS;10000;7
231300;;SUBMISSION;INTARIAN_PEPPER_ROOT;SEASHELLS;10234;7
233900;SUBMISSION;;ASH_COATED_OSMIUM;SEASHELLS;9998;2
237200;;SUBMISSION;INTARIAN_PEPPER_ROOT;SEASHELLS;10232;10
238200;SUBMISSION;;ASH_COATED_OSMIUM;SEASHELLS;9999;2
239000;SUBMISSION;;ASH_COATED_OSMIUM;SEASHELLS;9995;4
242500;SUBMISSION;;ASH_COATED_OSMIUM;SEASHELLS;9995;10
243100;SUBMISSION;;INTARIAN_PEPPER_ROOT;SEASHELLS;10240;7
243300;;SUBMISSION;INTARIAN_PEPPER_ROOT;SEASHELLS;10246;4
243700;SUBMISSION;;INTARIAN_PEPPER_ROOT;SEASHELLS;10240;7
246500;;SUBMISSION;ASH_COATED_OSMIUM;SEASHELLS;10000;7
248700;SUBMISSION;;INTARIAN_PEPPER_ROOT;SEASHELLS;10245;7
249200;;SUBMISSION;ASH_COATED_OSMIUM;SEASHELLS;10000;5
252100;;SUBMISSION;INTARIAN_PEPPER_ROOT;SEASHELLS;10255;7
253000;SUBMISSION;;INTARIAN_PEPPER_ROOT;SEASHELLS;10249;4
254100;;SUBMISSION;ASH_COATED_OSMIUM;SEASHELLS;10000;2
255000;;SUBMISSION;INTARIAN_PEPPER_ROOT;SEASHELLS;10249;9
255000;;SUBMISSION;INTARIAN_PEPPER_ROOT;SEASHELLS;10247;15
259200;SUBMISSION;;ASH_COATED_OSMIUM;SEASHELLS;9993;6
259900;SUBMISSION;;ASH_COATED_OSMIUM;SEASHELLS;9997;4
263700;SUBMISSION;;ASH_COATED_OSMIUM;SEASHELLS;9995;4
264000;SUBMISSION;;INTARIAN_PEPPER_ROOT;SEASHELLS;10260;6
264500;SUBMISSION;;INTARIAN_PEPPER_ROOT;SEASHELLS;10261;6
265800;SUBMISSION;;ASH_COATED_OSMIUM;SEASHELLS;9995;5
266700;SUBMISSION;;ASH_COATED_OSMIUM;SEASHELLS;9991;10
267300;;SUBMISSION;INTARIAN_PEPPER_ROOT;SEASHELLS;10270;8
268400;SUBMISSION;;ASH_COATED_OSMIUM;SEASHELLS;9991;10
268700;SUBMISSION;;INTARIAN_PEPPER_ROOT;SEASHELLS;10265;5
269700;SUBMISSION;;ASH_COATED_OSMIUM;SEASHELLS;9999;1
272300;SUBMISSION;;INTARIAN_PEPPER_ROOT;SEASHELLS;10269;7
272500;;SUBMISSION;INTARIAN_PEPPER_ROOT;SEASHELLS;10275;3
279800;;SUBMISSION;INTARIAN_PEPPER_ROOT;SEASHELLS;10282;4
280000;;SUBMISSION;INTARIAN_PEPPER_ROOT;SEASHELLS;10283;4
285700;SUBMISSION;;INTARIAN_PEPPER_ROOT;SEASHELLS;10282;8
289000;;SUBMISSION;INTARIAN_PEPPER_ROOT;SEASHELLS;10292;5
289700;;SUBMISSION;INTARIAN_PEPPER_ROOT;SEASHELLS;10292;8
292300;;SUBMISSION;INTARIAN_PEPPER_ROOT;SEASHELLS;10295;5
295100;SUBMISSION;;INTARIAN_PEPPER_ROOT;SEASHELLS;10292;7
295600;;SUBMISSION;INTARIAN_PEPPER_ROOT;SEASHELLS;10298;7
298100;SUBMISSION;;INTARIAN_PEPPER_ROOT;SEASHELLS;10295;5
298200;;SUBMISSION;INTARIAN_PEPPER_ROOT;SEASHELLS;10301;6
298300;SUBMISSION;;INTARIAN_PEPPER_ROOT;SEASHELLS;10295;4
299000;;SUBMISSION;INTARIAN_PEPPER_ROOT;SEASHELLS;10302;7
302600;;SUBMISSION;INTARIAN_PEPPER_ROOT;SEASHELLS;10297;12
314800;SUBMISSION;;INTARIAN_PEPPER_ROOT;SEASHELLS;10311;4
321000;SUBMISSION;;INTARIAN_PEPPER_ROOT;SEASHELLS;10317;6
321900;SUBMISSION;;INTARIAN_PEPPER_ROOT;SEASHELLS;10318;4
324900;;SUBMISSION;INTARIAN_PEPPER_ROOT;SEASHELLS;10327;4
329100;;SUBMISSION;INTARIAN_PEPPER_ROOT;SEASHELLS;10332;6
334500;SUBMISSION;;INTARIAN_PEPPER_ROOT;SEASHELLS;10331;5
337800;;SUBMISSION;INTARIAN_PEPPER_ROOT;SEASHELLS;10340;7
339400;SUBMISSION;;INTARIAN_PEPPER_ROOT;SEASHELLS;10336;3
342700;SUBMISSION;;INTARIAN_PEPPER_ROOT;SEASHELLS;10339;4
344500;SUBMISSION;;INTARIAN_PEPPER_ROOT;SEASHELLS;10341;8
346200;;SUBMISSION;INTARIAN_PEPPER_ROOT;SEASHELLS;10349;8
348000;;SUBMISSION;INTARIAN_PEPPER_ROOT;SEASHELLS;10351;4
352000;;SUBMISSION;INTARIAN_PEPPER_ROOT;SEASHELLS;10355;8
356200;SUBMISSION;;INTARIAN_PEPPER_ROOT;SEASHELLS;10353;8
358300;SUBMISSION;;INTARIAN_PEPPER_ROOT;SEASHELLS;10355;4
359000;;SUBMISSION;INTARIAN_PEPPER_ROOT;SEASHELLS;10362;5
359800;SUBMISSION;;INTARIAN_PEPPER_ROOT;SEASHELLS;10356;3
363300;;SUBMISSION;INTARIAN_PEPPER_ROOT;SEASHELLS;10366;8
368500;;SUBMISSION;ASH_COATED_OSMIUM;SEASHELLS;10002;4
368800;;SUBMISSION;ASH_COATED_OSMIUM;SEASHELLS;10002;4
372100;SUBMISSION;;ASH_COATED_OSMIUM;SEASHELLS;9998;8
379600;SUBMISSION;;INTARIAN_PEPPER_ROOT;SEASHELLS;10376;6
383600;SUBMISSION;;INTARIAN_PEPPER_ROOT;SEASHELLS;10380;7
384800;;SUBMISSION;ASH_COATED_OSMIUM;SEASHELLS;10004;6
384800;;SUBMISSION;ASH_COATED_OSMIUM;SEASHELLS;10000;4
386000;;SUBMISSION;ASH_COATED_OSMIUM;SEASHELLS;10000;2
389100;;SUBMISSION;INTARIAN_PEPPER_ROOT;SEASHELLS;10392;6
389300;;SUBMISSION;ASH_COATED_OSMIUM;SEASHELLS;10005;7
391300;;SUBMISSION;INTARIAN_PEPPER_ROOT;SEASHELLS;10394;8
391400;;SUBMISSION;INTARIAN_PEPPER_ROOT;SEASHELLS;10394;5
392900;;SUBMISSION;ASH_COATED_OSMIUM;SEASHELLS;10000;2
393100;;SUBMISSION;ASH_COATED_OSMIUM;SEASHELLS;10005;7
394200;;SUBMISSION;ASH_COATED_OSMIUM;SEASHELLS;10002;3
395400;;SUBMISSION;INTARIAN_PEPPER_ROOT;SEASHELLS;10398;7
397300;;SUBMISSION;ASH_COATED_OSMIUM;SEASHELLS;10002;4
400000;SUBMISSION;;INTARIAN_PEPPER_ROOT;SEASHELLS;10396;8
400400;SUBMISSION;;INTARIAN_PEPPER_ROOT;SEASHELLS;10397;7
400500;;SUBMISSION;ASH_COATED_OSMIUM;SEASHELLS;10005;9
404200;;SUBMISSION;ASH_COATED_OSMIUM;SEASHELLS;10000;4
407200;SUBMISSION;;INTARIAN_PEPPER_ROOT;SEASHELLS;10404;7
408900;;SUBMISSION;ASH_COATED_OSMIUM;SEASHELLS;10006;10
412600;;SUBMISSION;ASH_COATED_OSMIUM;SEASHELLS;10004;2
413000;;SUBMISSION;INTARIAN_PEPPER_ROOT;SEASHELLS;10416;3
415300;;SUBMISSION;INTARIAN_PEPPER_ROOT;SEASHELLS;10418;8
416800;;SUBMISSION;ASH_COATED_OSMIUM;SEASHELLS;10000;11
416900;;SUBMISSION;ASH_COATED_OSMIUM;SEASHELLS;10000;9
416900;;SUBMISSION;INTARIAN_PEPPER_ROOT;SEASHELLS;10420;3
417400;SUBMISSION;;INTARIAN_PEPPER_ROOT;SEASHELLS;10414;3
418500;;SUBMISSION;ASH_COATED_OSMIUM;SEASHELLS;10001;13
418700;;SUBMISSION;ASH_COATED_OSMIUM;SEASHELLS;10001;13
418900;;SUBMISSION;ASH_COATED_OSMIUM;SEASHELLS;10001;11
420000;;SUBMISSION;ASH_COATED_OSMIUM;SEASHELLS;10001;14
420100;;SUBMISSION;ASH_COATED_OSMIUM;SEASHELLS;10001;15
420300;;SUBMISSION;ASH_COATED_OSMIUM;SEASHELLS;10001;10
420500;;SUBMISSION;ASH_COATED_OSMIUM;SEASHELLS;10001;4
422000;;SUBMISSION;INTARIAN_PEPPER_ROOT;SEASHELLS;10425;4
423300;SUBMISSION;;INTARIAN_PEPPER_ROOT;SEASHELLS;10420;5
425500;SUBMISSION;;INTARIAN_PEPPER_ROOT;SEASHELLS;10422;3
439400;SUBMISSION;;INTARIAN_PEPPER_ROOT;SEASHELLS;10436;6
440600;;SUBMISSION;INTARIAN_PEPPER_ROOT;SEASHELLS;10443;8
442400;SUBMISSION;;INTARIAN_PEPPER_ROOT;SEASHELLS;10439;8
443400;SUBMISSION;;INTARIAN_PEPPER_ROOT;SEASHELLS;10440;6
448400;;SUBMISSION;INTARIAN_PEPPER_ROOT;SEASHELLS;10451;6
450500;SUBMISSION;;ASH_COATED_OSMIUM;SEASHELLS;10000;5
451200;SUBMISSION;;ASH_COATED_OSMIUM;SEASHELLS;9996;5
453600;SUBMISSION;;ASH_COATED_OSMIUM;SEASHELLS;9998;7
454000;SUBMISSION;;INTARIAN_PEPPER_ROOT;SEASHELLS;10450;7
458400;SUBMISSION;;INTARIAN_PEPPER_ROOT;SEASHELLS;10455;4
458600;SUBMISSION;;INTARIAN_PEPPER_ROOT;SEASHELLS;10455;7
461100;;SUBMISSION;ASH_COATED_OSMIUM;SEASHELLS;10004;6
463300;SUBMISSION;;ASH_COATED_OSMIUM;SEASHELLS;9999;6
470300;;SUBMISSION;ASH_COATED_OSMIUM;SEASHELLS;10004;10
472100;SUBMISSION;;ASH_COATED_OSMIUM;SEASHELLS;10000;6
473700;SUBMISSION;;ASH_COATED_OSMIUM;SEASHELLS;10000;7
475000;SUBMISSION;;INTARIAN_PEPPER_ROOT;SEASHELLS;10471;5
476700;SUBMISSION;;INTARIAN_PEPPER_ROOT;SEASHELLS;10473;6
477000;SUBMISSION;;ASH_COATED_OSMIUM;SEASHELLS;9999;6
478200;;SUBMISSION;INTARIAN_PEPPER_ROOT;SEASHELLS;10481;6
479400;SUBMISSION;;ASH_COATED_OSMIUM;SEASHELLS;10000;8
481600;SUBMISSION;;ASH_COATED_OSMIUM;SEASHELLS;9999;9
481900;;SUBMISSION;INTARIAN_PEPPER_ROOT;SEASHELLS;10485;5
486300;;SUBMISSION;ASH_COATED_OSMIUM;SEASHELLS;10001;9
486800;SUBMISSION;;INTARIAN_PEPPER_ROOT;SEASHELLS;10483;6
489000;SUBMISSION;;ASH_COATED_OSMIUM;SEASHELLS;9999;4
489400;SUBMISSION;;ASH_COATED_OSMIUM;SEASHELLS;9994;5
489600;SUBMISSION;;INTARIAN_PEPPER_ROOT;SEASHELLS;10486;6
491600;SUBMISSION;;ASH_COATED_OSMIUM;SEASHELLS;9993;10
493700;SUBMISSION;;ASH_COATED_OSMIUM;SEASHELLS;9995;5
493900;SUBMISSION;;INTARIAN_PEPPER_ROOT;SEASHELLS;10490;6
495800;SUBMISSION;;INTARIAN_PEPPER_ROOT;SEASHELLS;10492;4
497300;SUBMISSION;;ASH_COATED_OSMIUM;SEASHELLS;9992;4
497300;SUBMISSION;;ASH_COATED_OSMIUM;SEASHELLS;9996;5
499600;SUBMISSION;;INTARIAN_PEPPER_ROOT;SEASHELLS;10496;6
499700;;SUBMISSION;INTARIAN_PEPPER_ROOT;SEASHELLS;10502;3
503000;;SUBMISSION;INTARIAN_PEPPER_ROOT;SEASHELLS;10506;4
503900;SUBMISSION;;ASH_COATED_OSMIUM;SEASHELLS;10000;11
504700;SUBMISSION;;ASH_COATED_OSMIUM;SEASHELLS;9991;10
508100;;SUBMISSION;INTARIAN_PEPPER_ROOT;SEASHELLS;10511;6
509400;SUBMISSION;;INTARIAN_PEPPER_ROOT;SEASHELLS;10506;4
511400;SUBMISSION;;INTARIAN_PEPPER_ROOT;SEASHELLS;10508;3
512600;SUBMISSION;;ASH_COATED_OSMIUM;SEASHELLS;9993;2
513300;SUBMISSION;;ASH_COATED_OSMIUM;SEASHELLS;9989;8
513900;SUBMISSION;;ASH_COATED_OSMIUM;SEASHELLS;9999;12
514000;SUBMISSION;;ASH_COATED_OSMIUM;SEASHELLS;9999;15
514600;SUBMISSION;;ASH_COATED_OSMIUM;SEASHELLS;9999;10
514800;SUBMISSION;;ASH_COATED_OSMIUM;SEASHELLS;9999;14
514900;SUBMISSION;;ASH_COATED_OSMIUM;SEASHELLS;9999;11
516800;SUBMISSION;;INTARIAN_PEPPER_ROOT;SEASHELLS;10513;3
522100;;SUBMISSION;INTARIAN_PEPPER_ROOT;SEASHELLS;10519;8
528000;SUBMISSION;;INTARIAN_PEPPER_ROOT;SEASHELLS;10524;4
530100;;SUBMISSION;INTARIAN_PEPPER_ROOT;SEASHELLS;10533;6
535700;SUBMISSION;;INTARIAN_PEPPER_ROOT;SEASHELLS;10532;5
545400;SUBMISSION;;INTARIAN_PEPPER_ROOT;SEASHELLS;10542;4
549400;;SUBMISSION;INTARIAN_PEPPER_ROOT;SEASHELLS;10552;4
549600;;SUBMISSION;INTARIAN_PEPPER_ROOT;SEASHELLS;10552;3
557400;;SUBMISSION;INTARIAN_PEPPER_ROOT;SEASHELLS;10560;5
568500;SUBMISSION;;INTARIAN_PEPPER_ROOT;SEASHELLS;10565;5
571800;;SUBMISSION;INTARIAN_PEPPER_ROOT;SEASHELLS;10574;3
572800;;SUBMISSION;INTARIAN_PEPPER_ROOT;SEASHELLS;10575;5
574400;;SUBMISSION;INTARIAN_PEPPER_ROOT;SEASHELLS;10577;6
575500;SUBMISSION;;INTARIAN_PEPPER_ROOT;SEASHELLS;10572;3
578800;;SUBMISSION;INTARIAN_PEPPER_ROOT;SEASHELLS;10576;10
582400;;SUBMISSION;INTARIAN_PEPPER_ROOT;SEASHELLS;10585;7
592200;;SUBMISSION;INTARIAN_PEPPER_ROOT;SEASHELLS;10595;7
595300;SUBMISSION;;INTARIAN_PEPPER_ROOT;SEASHELLS;10592;7
597400;SUBMISSION;;INTARIAN_PEPPER_ROOT;SEASHELLS;10594;5
598700;SUBMISSION;;INTARIAN_PEPPER_ROOT;SEASHELLS;10595;5
605400;SUBMISSION;;INTARIAN_PEPPER_ROOT;SEASHELLS;10602;7
609700;;SUBMISSION;INTARIAN_PEPPER_ROOT;SEASHELLS;10612;8
610400;;SUBMISSION;INTARIAN_PEPPER_ROOT;SEASHELLS;10613;7
611200;SUBMISSION;;INTARIAN_PEPPER_ROOT;SEASHELLS;10608;4
614100;SUBMISSION;;INTARIAN_PEPPER_ROOT;SEASHELLS;10610;8
614900;SUBMISSION;;INTARIAN_PEPPER_ROOT;SEASHELLS;10611;5
622700;;SUBMISSION;INTARIAN_PEPPER_ROOT;SEASHELLS;10625;4
628000;SUBMISSION;;INTARIAN_PEPPER_ROOT;SEASHELLS;10624;4
628700;;SUBMISSION;INTARIAN_PEPPER_ROOT;SEASHELLS;10631;5
633700;SUBMISSION;;INTARIAN_PEPPER_ROOT;SEASHELLS;10630;4
640000;;SUBMISSION;INTARIAN_PEPPER_ROOT;SEASHELLS;10634;8
640400;;SUBMISSION;INTARIAN_PEPPER_ROOT;SEASHELLS;10643;8
643100;SUBMISSION;;INTARIAN_PEPPER_ROOT;SEASHELLS;10639;4
647300;;SUBMISSION;INTARIAN_PEPPER_ROOT;SEASHELLS;10650;8
650400;;SUBMISSION;INTARIAN_PEPPER_ROOT;SEASHELLS;10653;3
651500;;SUBMISSION;INTARIAN_PEPPER_ROOT;SEASHELLS;10654;8
654900;;SUBMISSION;INTARIAN_PEPPER_ROOT;SEASHELLS;10658;6
655800;SUBMISSION;;INTARIAN_PEPPER_ROOT;SEASHELLS;10652;7
659600;;SUBMISSION;ASH_COATED_OSMIUM;SEASHELLS;10000;6
661300;;SUBMISSION;ASH_COATED_OSMIUM;SEASHELLS;10000;10
662300;;SUBMISSION;INTARIAN_PEPPER_ROOT;SEASHELLS;10665;3
662600;SUBMISSION;;INTARIAN_PEPPER_ROOT;SEASHELLS;10659;3
662700;SUBMISSION;;ASH_COATED_OSMIUM;SEASHELLS;9999;2
665000;SUBMISSION;;ASH_COATED_OSMIUM;SEASHELLS;9993;8
665100;SUBMISSION;;ASH_COATED_OSMIUM;SEASHELLS;9994;5
671100;SUBMISSION;;ASH_COATED_OSMIUM;SEASHELLS;9998;1
671300;SUBMISSION;;INTARIAN_PEPPER_ROOT;SEASHELLS;10668;5
675600;SUBMISSION;;INTARIAN_PEPPER_ROOT;SEASHELLS;10672;8
683700;SUBMISSION;;INTARIAN_PEPPER_ROOT;SEASHELLS;10680;6
684100;SUBMISSION;;INTARIAN_PEPPER_ROOT;SEASHELLS;10680;4
687800;;SUBMISSION;INTARIAN_PEPPER_ROOT;SEASHELLS;10691;5
689200;;SUBMISSION;ASH_COATED_OSMIUM;SEASHELLS;10000;7
689900;SUBMISSION;;ASH_COATED_OSMIUM;SEASHELLS;9997;7
692200;SUBMISSION;;INTARIAN_PEPPER_ROOT;SEASHELLS;10688;5
692800;SUBMISSION;;INTARIAN_PEPPER_ROOT;SEASHELLS;10689;6
693200;SUBMISSION;;INTARIAN_PEPPER_ROOT;SEASHELLS;10689;5
702700;SUBMISSION;;INTARIAN_PEPPER_ROOT;SEASHELLS;10699;6
717100;SUBMISSION;;INTARIAN_PEPPER_ROOT;SEASHELLS;10713;6
720300;;SUBMISSION;INTARIAN_PEPPER_ROOT;SEASHELLS;10723;3
720400;;SUBMISSION;INTARIAN_PEPPER_ROOT;SEASHELLS;10723;8
721600;SUBMISSION;;INTARIAN_PEPPER_ROOT;SEASHELLS;10718;3
723600;SUBMISSION;;INTARIAN_PEPPER_ROOT;SEASHELLS;10720;8
724100;SUBMISSION;;INTARIAN_PEPPER_ROOT;SEASHELLS;10720;8
727300;;SUBMISSION;ASH_COATED_OSMIUM;SEASHELLS;10002;9
734800;SUBMISSION;;ASH_COATED_OSMIUM;SEASHELLS;9999;4
734900;;SUBMISSION;INTARIAN_PEPPER_ROOT;SEASHELLS;10732;9
736500;SUBMISSION;;ASH_COATED_OSMIUM;SEASHELLS;9996;5
740000;;SUBMISSION;INTARIAN_PEPPER_ROOT;SEASHELLS;10743;4
740900;;SUBMISSION;INTARIAN_PEPPER_ROOT;SEASHELLS;10744;3
742800;;SUBMISSION;ASH_COATED_OSMIUM;SEASHELLS;10000;7
746700;SUBMISSION;;ASH_COATED_OSMIUM;SEASHELLS;9999;5
748900;SUBMISSION;;ASH_COATED_OSMIUM;SEASHELLS;9998;2
750500;SUBMISSION;;INTARIAN_PEPPER_ROOT;SEASHELLS;10747;3
757600;;SUBMISSION;INTARIAN_PEPPER_ROOT;SEASHELLS;10760;7
761500;SUBMISSION;;INTARIAN_PEPPER_ROOT;SEASHELLS;10758;8
765600;;SUBMISSION;INTARIAN_PEPPER_ROOT;SEASHELLS;10768;4
770400;SUBMISSION;;INTARIAN_PEPPER_ROOT;SEASHELLS;10767;3
771100;;SUBMISSION;INTARIAN_PEPPER_ROOT;SEASHELLS;10774;6
779200;SUBMISSION;;INTARIAN_PEPPER_ROOT;SEASHELLS;10775;7
780400;SUBMISSION;;INTARIAN_PEPPER_ROOT;SEASHELLS;10777;7
790600;SUBMISSION;;INTARIAN_PEPPER_ROOT;SEASHELLS;10787;4
792100;;SUBMISSION;INTARIAN_PEPPER_ROOT;SEASHELLS;10795;4
795100;;SUBMISSION;INTARIAN_PEPPER_ROOT;SEASHELLS;10798;7
795300;;SUBMISSION;INTARIAN_PEPPER_ROOT;SEASHELLS;10798;7
795700;;SUBMISSION;INTARIAN_PEPPER_ROOT;SEASHELLS;10798;3
796600;SUBMISSION;;INTARIAN_PEPPER_ROOT;SEASHELLS;10793;6
799400;SUBMISSION;;INTARIAN_PEPPER_ROOT;SEASHELLS;10796;6
802500;;SUBMISSION;INTARIAN_PEPPER_ROOT;SEASHELLS;10805;7
805100;;SUBMISSION;INTARIAN_PEPPER_ROOT;SEASHELLS;10808;4
806700;;SUBMISSION;INTARIAN_PEPPER_ROOT;SEASHELLS;10809;8
809600;;SUBMISSION;INTARIAN_PEPPER_ROOT;SEASHELLS;10812;7
809700;;SUBMISSION;INTARIAN_PEPPER_ROOT;SEASHELLS;10812;8
811000;;SUBMISSION;INTARIAN_PEPPER_ROOT;SEASHELLS;10814;3
813600;;SUBMISSION;INTARIAN_PEPPER_ROOT;SEASHELLS;10816;3
815200;;SUBMISSION;INTARIAN_PEPPER_ROOT;SEASHELLS;10818;4
819200;;SUBMISSION;INTARIAN_PEPPER_ROOT;SEASHELLS;10822;8
826900;;SUBMISSION;INTARIAN_PEPPER_ROOT;SEASHELLS;10830;7
833400;;SUBMISSION;ASH_COATED_OSMIUM;SEASHELLS;10001;4
834900;;SUBMISSION;ASH_COATED_OSMIUM;SEASHELLS;10000;4
835900;SUBMISSION;;INTARIAN_PEPPER_ROOT;SEASHELLS;10832;5
837800;SUBMISSION;;INTARIAN_PEPPER_ROOT;SEASHELLS;10839;7
839400;SUBMISSION;;ASH_COATED_OSMIUM;SEASHELLS;9999;8
840300;;SUBMISSION;ASH_COATED_OSMIUM;SEASHELLS;10001;4
842400;;SUBMISSION;INTARIAN_PEPPER_ROOT;SEASHELLS;10845;6
843000;SUBMISSION;;INTARIAN_PEPPER_ROOT;SEASHELLS;10839;7
844400;SUBMISSION;;INTARIAN_PEPPER_ROOT;SEASHELLS;10841;8
844800;;SUBMISSION;ASH_COATED_OSMIUM;SEASHELLS;10005;6
845400;;SUBMISSION;ASH_COATED_OSMIUM;SEASHELLS;10005;4
846200;;SUBMISSION;ASH_COATED_OSMIUM;SEASHELLS;10005;8
847200;;SUBMISSION;INTARIAN_PEPPER_ROOT;SEASHELLS;10850;3
847900;;SUBMISSION;ASH_COATED_OSMIUM;SEASHELLS;10003;4
851000;;SUBMISSION;ASH_COATED_OSMIUM;SEASHELLS;10000;3
851500;;SUBMISSION;ASH_COATED_OSMIUM;SEASHELLS;10001;4
853300;SUBMISSION;;INTARIAN_PEPPER_ROOT;SEASHELLS;10850;7
856000;;SUBMISSION;ASH_COATED_OSMIUM;SEASHELLS;10005;8
857100;;SUBMISSION;ASH_COATED_OSMIUM;SEASHELLS;10000;5
857400;;SUBMISSION;ASH_COATED_OSMIUM;SEASHELLS;10004;9
861200;;SUBMISSION;INTARIAN_PEPPER_ROOT;SEASHELLS;10864;8
867100;;SUBMISSION;ASH_COATED_OSMIUM;SEASHELLS;10002;4
867400;;SUBMISSION;ASH_COATED_OSMIUM;SEASHELLS;10002;5
868000;SUBMISSION;;INTARIAN_PEPPER_ROOT;SEASHELLS;10864;3
870000;SUBMISSION;;INTARIAN_PEPPER_ROOT;SEASHELLS;10866;5
870700;;SUBMISSION;ASH_COATED_OSMIUM;SEASHELLS;10005;10
872800;;SUBMISSION;INTARIAN_PEPPER_ROOT;SEASHELLS;10876;8
873100;;SUBMISSION;ASH_COATED_OSMIUM;SEASHELLS;10002;5
873800;;SUBMISSION;ASH_COATED_OSMIUM;SEASHELLS;10001;4
874400;;SUBMISSION;ASH_COATED_OSMIUM;SEASHELLS;10002;5
876600;;SUBMISSION;INTARIAN_PEPPER_ROOT;SEASHELLS;10879;8
877900;;SUBMISSION;ASH_COATED_OSMIUM;SEASHELLS;10002;5
878400;;SUBMISSION;INTARIAN_PEPPER_ROOT;SEASHELLS;10881;3
878500;;SUBMISSION;ASH_COATED_OSMIUM;SEASHELLS;10006;4
878700;;SUBMISSION;ASH_COATED_OSMIUM;SEASHELLS;10002;3
878900;;SUBMISSION;ASH_COATED_OSMIUM;SEASHELLS;10001;3
886900;SUBMISSION;;INTARIAN_PEPPER_ROOT;SEASHELLS;10883;8
887000;SUBMISSION;;ASH_COATED_OSMIUM;SEASHELLS;9997;6
888400;;SUBMISSION;INTARIAN_PEPPER_ROOT;SEASHELLS;10891;3
895800;SUBMISSION;;INTARIAN_PEPPER_ROOT;SEASHELLS;10892;5
897600;;SUBMISSION;ASH_COATED_OSMIUM;SEASHELLS;10004;8
898300;;SUBMISSION;INTARIAN_PEPPER_ROOT;SEASHELLS;10901;8
898600;;SUBMISSION;ASH_COATED_OSMIUM;SEASHELLS;10002;3
899500;;SUBMISSION;ASH_COATED_OSMIUM;SEASHELLS;10001;2
900500;;SUBMISSION;ASH_COATED_OSMIUM;SEASHELLS;10001;4
900700;SUBMISSION;;INTARIAN_PEPPER_ROOT;SEASHELLS;10902;4
901000;;SUBMISSION;INTARIAN_PEPPER_ROOT;SEASHELLS;10904;7
901400;;SUBMISSION;INTARIAN_PEPPER_ROOT;SEASHELLS;10904;7
908000;;SUBMISSION;INTARIAN_PEPPER_ROOT;SEASHELLS;10911;7
910200;SUBMISSION;;INTARIAN_PEPPER_ROOT;SEASHELLS;10906;6
911400;SUBMISSION;;INTARIAN_PEPPER_ROOT;SEASHELLS;10908;6
912900;;SUBMISSION;INTARIAN_PEPPER_ROOT;SEASHELLS;10916;8
914800;;SUBMISSION;INTARIAN_PEPPER_ROOT;SEASHELLS;10918;4
916300;;SUBMISSION;INTARIAN_PEPPER_ROOT;SEASHELLS;10919;3
916800;;SUBMISSION;INTARIAN_PEPPER_ROOT;SEASHELLS;10920;6
917800;;SUBMISSION;INTARIAN_PEPPER_ROOT;SEASHELLS;10921;5
920500;;SUBMISSION;ASH_COATED_OSMIUM;SEASHELLS;10001;5
921800;;SUBMISSION;INTARIAN_PEPPER_ROOT;SEASHELLS;10925;5
924500;SUBMISSION;;INTARIAN_PEPPER_ROOT;SEASHELLS;10921;5
926300;;SUBMISSION;ASH_COATED_OSMIUM;SEASHELLS;10007;5
926400;;SUBMISSION;ASH_COATED_OSMIUM;SEASHELLS;10003;4
928000;;SUBMISSION;ASH_COATED_OSMIUM;SEASHELLS;10002;4
931900;;SUBMISSION;INTARIAN_PEPPER_ROOT;SEASHELLS;10935;5
932200;SUBMISSION;;INTARIAN_PEPPER_ROOT;SEASHELLS;10928;8
933000;;SUBMISSION;ASH_COATED_OSMIUM;SEASHELLS;10002;5
934800;SUBMISSION;;INTARIAN_PEPPER_ROOT;SEASHELLS;10931;8
935600;;SUBMISSION;INTARIAN_PEPPER_ROOT;SEASHELLS;10938;3
935700;;SUBMISSION;ASH_COATED_OSMIUM;SEASHELLS;10003;2
936500;;SUBMISSION;ASH_COATED_OSMIUM;SEASHELLS;10003;3
939500;SUBMISSION;;INTARIAN_PEPPER_ROOT;SEASHELLS;10936;3
940400;;SUBMISSION;ASH_COATED_OSMIUM;SEASHELLS;10004;2
941600;;SUBMISSION;ASH_COATED_OSMIUM;SEASHELLS;10003;4
943600;;SUBMISSION;ASH_COATED_OSMIUM;SEASHELLS;10004;3
944100;;SUBMISSION;INTARIAN_PEPPER_ROOT;SEASHELLS;10947;6
944700;SUBMISSION;;INTARIAN_PEPPER_ROOT;SEASHELLS;10941;3
944800;;SUBMISSION;ASH_COATED_OSMIUM;SEASHELLS;10004;5
945100;;SUBMISSION;ASH_COATED_OSMIUM;SEASHELLS;10003;2
945200;SUBMISSION;;INTARIAN_PEPPER_ROOT;SEASHELLS;10941;6
946800;;SUBMISSION;ASH_COATED_OSMIUM;SEASHELLS;10003;2
952500;SUBMISSION;;INTARIAN_PEPPER_ROOT;SEASHELLS;10949;8
954500;SUBMISSION;;ASH_COATED_OSMIUM;SEASHELLS;9999;4
956800;SUBMISSION;;ASH_COATED_OSMIUM;SEASHELLS;9999;2
965000;SUBMISSION;;ASH_COATED_OSMIUM;SEASHELLS;9997;4
967300;SUBMISSION;;ASH_COATED_OSMIUM;SEASHELLS;9998;2
968000;SUBMISSION;;ASH_COATED_OSMIUM;SEASHELLS;9998;2
968800;;SUBMISSION;INTARIAN_PEPPER_ROOT;SEASHELLS;10972;8
970400;SUBMISSION;;INTARIAN_PEPPER_ROOT;SEASHELLS;10972;8
975900;SUBMISSION;;INTARIAN_PEPPER_ROOT;SEASHELLS;10972;7
977200;SUBMISSION;;ASH_COATED_OSMIUM;SEASHELLS;10000;14
977400;SUBMISSION;;ASH_COATED_OSMIUM;SEASHELLS;10000;14
977500;SUBMISSION;;ASH_COATED_OSMIUM;SEASHELLS;10000;11
977700;SUBMISSION;;ASH_COATED_OSMIUM;SEASHELLS;10000;11
977800;SUBMISSION;;ASH_COATED_OSMIUM;SEASHELLS;10000;10
977900;SUBMISSION;;ASH_COATED_OSMIUM;SEASHELLS;10000;6
978100;SUBMISSION;;ASH_COATED_OSMIUM;SEASHELLS;9994;3
978400;SUBMISSION;;ASH_COATED_OSMIUM;SEASHELLS;9990;10
978600;SUBMISSION;;INTARIAN_PEPPER_ROOT;SEASHELLS;10975;7
978800;SUBMISSION;;ASH_COATED_OSMIUM;SEASHELLS;9999;13
978900;SUBMISSION;;ASH_COATED_OSMIUM;SEASHELLS;9989;7
979000;SUBMISSION;;ASH_COATED_OSMIUM;SEASHELLS;9999;12
979100;SUBMISSION;;ASH_COATED_OSMIUM;SEASHELLS;9998;10
979200;SUBMISSION;;ASH_COATED_OSMIUM;SEASHELLS;9998;12
979300;SUBMISSION;;ASH_COATED_OSMIUM;SEASHELLS;9998;12
979400;SUBMISSION;;ASH_COATED_OSMIUM;SEASHELLS;9998;1
981900;;SUBMISSION;INTARIAN_PEPPER_ROOT;SEASHELLS;10985;3
