timestamp;buyer;seller;symbol;currency;price;quantity
0;;SUBMISSION;VELVETFRUIT_EXTRACT;XIREC;5293.0;50
0;;SUBMISSION;VEV_4000;XIREC;1285.0;9
0;;SUBMISSION;VEV_4000;XIREC;1282.0;30
0;;SUBMISSION;VEV_4500;XIREC;787.0;7
0;;SUBMISSION;VEV_4500;XIREC;785.0;14
0;;SUBMISSION;VEV_5000;XIREC;293.0;21
0;;SUBMISSION;VEV_5100;XIREC;199.0;21
0;;SUBMISSION;VEV_5200;XIREC;118.0;7
0;;SUBMISSION;VEV_5200;XIREC;117.0;14
0;;SUBMISSION;VEV_5300;XIREC;57.0;21
0;;SUBMISSION;VEV_5400;XIREC;20.0;21
100;;SUBMISSION;VELVETFRUIT_EXTRACT;XIREC;5294.0;16
100;;SUBMISSION;VELVETFRUIT_EXTRACT;XIREC;5293.0;34
100;;SUBMISSION;VEV_4000;XIREC;1296.0;4
100;;SUBMISSION;VEV_4000;XIREC;1285.0;8
100;;SUBMISSION;VEV_4000;XIREC;1283.0;20
100;;SUBMISSION;VEV_4500;XIREC;796.0;4
100;;SUBMISSION;VEV_4500;XIREC;788.0;7
100;;SUBMISSION;VEV_4500;XIREC;786.0;20
100;;SUBMISSION;VEV_5000;XIREC;297.0;4
100;;SUBMISSION;VEV_5000;XIREC;294.0;7
100;;SUBMISSION;VEV_5000;XIREC;293.0;20
100;;SUBMISSION;VEV_5100;XIREC;202.0;4
100;;SUBMISSION;VEV_5100;XIREC;200.0;7
100;;SUBMISSION;VEV_5100;XIREC;199.0;20
100;;SUBMISSION;VEV_5200;XIREC;119.0;4
100;;SUBMISSION;VEV_5200;XIREC;118.0;27
100;;SUBMISSION;VEV_5300;XIREC;58.0;4
100;;SUBMISSION;VEV_5300;XIREC;57.0;18
100;;SUBMISSION;VEV_5400;XIREC;20.0;22
200;;SUBMISSION;VELVETFRUIT_EXTRACT;XIREC;5294.0;20
200;;SUBMISSION;VELVETFRUIT_EXTRACT;XIREC;5293.0;30
200;;SUBMISSION;VEV_4000;XIREC;1286.0;14
200;;SUBMISSION;VEV_4000;XIREC;1283.0;25
200;;SUBMISSION;VEV_4500;XIREC;788.0;6
200;;SUBMISSION;VEV_4500;XIREC;786.0;14
200;;SUBMISSION;VEV_5000;XIREC;294.0;20
200;;SUBMISSION;VEV_5100;XIREC;200.0;6
200;;SUBMISSION;VEV_5100;XIREC;199.0;14
200;;SUBMISSION;VEV_5200;XIREC;118.0;20
200;;SUBMISSION;VEV_5300;XIREC;57.0;21
200;;SUBMISSION;VEV_5400;XIREC;20.0;21
300;;SUBMISSION;VELVETFRUIT_EXTRACT;XIREC;5294.0;23
300;;SUBMISSION;VELVETFRUIT_EXTRACT;XIREC;5293.0;27
300;;SUBMISSION;VEV_4000;XIREC;1285.0;13
300;;SUBMISSION;VEV_4000;XIREC;1283.0;22
300;;SUBMISSION;VEV_4500;XIREC;788.0;7
300;;SUBMISSION;VEV_4500;XIREC;786.0;18
300;;SUBMISSION;VEV_5000;XIREC;294.0;7
300;;SUBMISSION;VEV_5000;XIREC;293.0;18
300;;SUBMISSION;VEV_5100;XIREC;200.0;7
300;;SUBMISSION;VEV_5100;XIREC;199.0;18
300;;SUBMISSION;VEV_5200;XIREC;118.0;25
300;;SUBMISSION;VEV_5300;XIREC;57.0;27
300;;SUBMISSION;VEV_5400;XIREC;20.0;27
400;;SUBMISSION;VEV_4000;XIREC;1285.0;12
400;;SUBMISSION;VEV_4000;XIREC;1282.0;21
400;;SUBMISSION;VEV_4500;XIREC;787.0;11
400;;SUBMISSION;VEV_4500;XIREC;785.0;13
400;;SUBMISSION;VEV_5000;XIREC;293.0;11
400;;SUBMISSION;VEV_5000;XIREC;292.0;13
400;;SUBMISSION;VEV_5100;XIREC;199.0;11
400;;SUBMISSION;VEV_5100;XIREC;198.0;13
400;;SUBMISSION;VEV_5200;XIREC;117.0;24
400;;SUBMISSION;VEV_5300;XIREC;57.0;28
400;;SUBMISSION;VEV_5400;XIREC;19.0;28
500;;SUBMISSION;VEV_4000;XIREC;1284.0;15
500;;SUBMISSION;VEV_4000;XIREC;1281.0;27
500;;SUBMISSION;VEV_4500;XIREC;786.0;8
500;;SUBMISSION;VEV_4500;XIREC;784.0;18
500;;SUBMISSION;VEV_5000;XIREC;293.0;8
500;;SUBMISSION;VEV_5000;XIREC;292.0;18
500;;SUBMISSION;VEV_5100;XIREC;198.0;26
500;;SUBMISSION;VEV_5200;XIREC;117.0;26
500;;SUBMISSION;VEV_5300;XIREC;57.0;26
500;;SUBMISSION;VEV_5400;XIREC;19.0;26
600;;SUBMISSION;VEV_4000;XIREC;1284.0;13
600;;SUBMISSION;VEV_4000;XIREC;1282.0;21
600;;SUBMISSION;VEV_4500;XIREC;787.0;7
600;;SUBMISSION;VEV_4500;XIREC;785.0;13
600;;SUBMISSION;VEV_5000;XIREC;293.0;7
600;;SUBMISSION;VEV_5000;XIREC;292.0;13
600;;SUBMISSION;VEV_5100;XIREC;199.0;7
600;;SUBMISSION;VEV_5100;XIREC;198.0;13
600;;SUBMISSION;VEV_5200;XIREC;117.0;20
600;;SUBMISSION;VEV_5300;XIREC;57.0;29
600;;SUBMISSION;VEV_5400;XIREC;19.0;29
700;;SUBMISSION;VEV_4000;XIREC;1285.0;14
700;;SUBMISSION;VEV_4000;XIREC;1282.0;29
700;;SUBMISSION;VEV_4500;XIREC;787.0;8
700;;SUBMISSION;VEV_4500;XIREC;785.0;12
700;;SUBMISSION;VEV_5000;XIREC;294.0;8
700;;SUBMISSION;VEV_5000;XIREC;293.0;12
700;;SUBMISSION;VEV_5100;XIREC;199.0;20
700;;SUBMISSION;VEV_5200;XIREC;118.0;20
700;;SUBMISSION;VEV_5300;XIREC;57.0;23
700;;SUBMISSION;VEV_5400;XIREC;20.0;23
800;;SUBMISSION;VEV_4000;XIREC;1286.0;3
800;;SUBMISSION;VEV_4500;XIREC;789.0;6
800;;SUBMISSION;VEV_4500;XIREC;787.0;22
800;;SUBMISSION;VEV_5000;XIREC;295.0;6
800;;SUBMISSION;VEV_5000;XIREC;294.0;22
800;;SUBMISSION;VEV_5100;XIREC;201.0;6
800;;SUBMISSION;VEV_5100;XIREC;200.0;22
800;;SUBMISSION;VEV_5200;XIREC;119.0;28
800;;SUBMISSION;VEV_5300;XIREC;58.0;15
800;;SUBMISSION;VEV_5400;XIREC;20.0;15
900;;SUBMISSION;VEV_4500;XIREC;788.0;9
900;;SUBMISSION;VEV_4500;XIREC;786.0;13
900;;SUBMISSION;VEV_5000;XIREC;294.0;22
900;;SUBMISSION;VEV_5100;XIREC;200.0;22
900;;SUBMISSION;VEV_5200;XIREC;118.0;22
900;;SUBMISSION;VEV_5300;XIREC;58.0;5
900;;SUBMISSION;VEV_5300;XIREC;57.0;17
900;;SUBMISSION;VEV_5400;XIREC;20.0;22
1000;;SUBMISSION;VEV_4500;XIREC;788.0;9
1000;;SUBMISSION;VEV_4500;XIREC;786.0;23
1000;;SUBMISSION;VEV_5000;XIREC;295.0;9
1000;;SUBMISSION;VEV_5000;XIREC;294.0;23
1000;;SUBMISSION;VEV_5100;XIREC;200.0;32
1000;;SUBMISSION;VEV_5200;XIREC;119.0;9
1000;;SUBMISSION;VEV_5200;XIREC;118.0;23
1000;;SUBMISSION;VEV_5300;XIREC;58.0;22
1000;;SUBMISSION;VEV_5400;XIREC;20.0;22
1100;;SUBMISSION;VEV_4500;XIREC;789.0;10
1100;;SUBMISSION;VEV_4500;XIREC;787.0;15
1100;;SUBMISSION;VEV_5000;XIREC;296.0;10
1100;;SUBMISSION;VEV_5000;XIREC;295.0;15
1100;;SUBMISSION;VEV_5100;XIREC;201.0;25
1100;;SUBMISSION;VEV_5200;XIREC;119.0;25
1100;;SUBMISSION;VEV_5300;XIREC;58.0;24
1100;;SUBMISSION;VEV_5400;XIREC;20.0;24
1200;;SUBMISSION;VEV_4500;XIREC;790.0;6
1200;;SUBMISSION;VEV_5000;XIREC;296.0;6
1200;;SUBMISSION;VEV_5100;XIREC;201.0;6
1200;;SUBMISSION;VEV_5200;XIREC;120.0;6
1200;;SUBMISSION;VEV_5300;XIREC;58.0;20
1200;;SUBMISSION;VEV_5400;XIREC;20.0;20
1700;Mark 14;Mark 38;VEV_4000;XIREC;1287.0;2
4400;Mark 38;SUBMISSION;HYDROGEL_PACK;XIREC;10027.0;6
4500;Mark 14;Mark 38;HYDROGEL_PACK;XIREC;10010.0;3
5200;;SUBMISSION;HYDROGEL_PACK;XIREC;10015.0;1
5300;;SUBMISSION;HYDROGEL_PACK;XIREC;10016.0;2
5400;;SUBMISSION;HYDROGEL_PACK;XIREC;10017.0;3
8100;Mark 14;Mark 38;HYDROGEL_PACK;XIREC;10008.0;5
8700;Mark 38;Mark 14;VEV_4000;XIREC;1310.0;2
10600;Mark 55;Mark 14;VELVETFRUIT_EXTRACT;XIREC;5296.0;3
14200;Mark 55;Mark 01;VELVETFRUIT_EXTRACT;XIREC;5293.0;5
16000;;SUBMISSION;HYDROGEL_PACK;XIREC;10011.0;1
17100;Mark 01;Mark 55;VELVETFRUIT_EXTRACT;XIREC;5283.0;5
18600;Mark 01;Mark 55;VELVETFRUIT_EXTRACT;XIREC;5275.0;3
18700;Mark 14;Mark 38;HYDROGEL_PACK;XIREC;10004.0;2
19200;Mark 38;SUBMISSION;HYDROGEL_PACK;XIREC;10019.0;4
19500;Mark 38;SUBMISSION;HYDROGEL_PACK;XIREC;10018.0;2
20100;Mark 55;Mark 14;VELVETFRUIT_EXTRACT;XIREC;5279.0;5
20900;;SUBMISSION;HYDROGEL_PACK;XIREC;10010.0;2
21000;;SUBMISSION;HYDROGEL_PACK;XIREC;10010.0;2
21100;;SUBMISSION;HYDROGEL_PACK;XIREC;10011.0;3
21200;;SUBMISSION;HYDROGEL_PACK;XIREC;10011.0;4
21300;;SUBMISSION;HYDROGEL_PACK;XIREC;10010.0;2
21400;;SUBMISSION;HYDROGEL_PACK;XIREC;10010.0;2
21500;;SUBMISSION;HYDROGEL_PACK;XIREC;10013.0;7
21600;;SUBMISSION;HYDROGEL_PACK;XIREC;10014.0;9
21700;;SUBMISSION;HYDROGEL_PACK;XIREC;10014.0;9
21800;;SUBMISSION;HYDROGEL_PACK;XIREC;10017.0;13
21800;;SUBMISSION;HYDROGEL_PACK;XIREC;10014.0;1
21900;;SUBMISSION;HYDROGEL_PACK;XIREC;10018.0;10
21900;;SUBMISSION;HYDROGEL_PACK;XIREC;10015.0;6
22000;;SUBMISSION;HYDROGEL_PACK;XIREC;10018.0;10
22000;;SUBMISSION;HYDROGEL_PACK;XIREC;10015.0;6
22100;;SUBMISSION;HYDROGEL_PACK;XIREC;10018.0;15
22300;;SUBMISSION;HYDROGEL_PACK;XIREC;10021.0;6
22300;Mark 38;SUBMISSION;HYDROGEL_PACK;XIREC;10036.0;4
22500;;SUBMISSION;HYDROGEL_PACK;XIREC;10025.0;5
22500;Mark 38;SUBMISSION;HYDROGEL_PACK;XIREC;10040.0;6
22800;Mark 38;Mark 14;VEV_4000;XIREC;1283.0;3
23100;;SUBMISSION;HYDROGEL_PACK;XIREC;10029.0;1
23200;;SUBMISSION;HYDROGEL_PACK;XIREC;10030.0;3
23900;Mark 14;Mark 38;HYDROGEL_PACK;XIREC;10022.0;2
24500;Mark 14;Mark 38;HYDROGEL_PACK;XIREC;10026.0;5
25600;Mark 14;Mark 38;HYDROGEL_PACK;XIREC;10026.0;3
28000;Mark 55;Mark 01;VELVETFRUIT_EXTRACT;XIREC;5275.0;5
28400;Mark 38;SUBMISSION;HYDROGEL_PACK;XIREC;10036.0;3
28500;Mark 14;Mark 55;VELVETFRUIT_EXTRACT;XIREC;5271.0;7
31300;Mark 14;Mark 38;HYDROGEL_PACK;XIREC;10032.0;3
31400;Mark 67;Mark 22;VELVETFRUIT_EXTRACT;XIREC;5264.0;7
32700;Mark 14;Mark 55;VELVETFRUIT_EXTRACT;XIREC;5265.0;5
32900;Mark 01;Mark 22;VEV_5300;XIREC;45.0;3
32900;Mark 01;Mark 22;VEV_5400;XIREC;14.0;3
32900;Mark 01;Mark 22;VEV_5500;XIREC;4.0;3
32900;Mark 01;Mark 22;VEV_6000;XIREC;0.0;3
32900;Mark 01;Mark 22;VEV_6500;XIREC;0.0;3
33400;Mark 14;Mark 55;VELVETFRUIT_EXTRACT;XIREC;5268.0;3
33600;Mark 01;Mark 22;VEV_5300;XIREC;46.0;2
33600;Mark 14;Mark 22;VEV_5400;XIREC;15.0;2
33600;Mark 01;Mark 22;VEV_5500;XIREC;4.0;2
33600;Mark 01;Mark 22;VEV_6000;XIREC;0.0;2
33600;Mark 01;Mark 22;VEV_6500;XIREC;0.0;2
33900;Mark 14;Mark 38;HYDROGEL_PACK;XIREC;10028.0;3
34200;Mark 38;SUBMISSION;HYDROGEL_PACK;XIREC;10038.0;6
35100;Mark 14;Mark 38;HYDROGEL_PACK;XIREC;10024.0;2
35500;Mark 14;Mark 38;HYDROGEL_PACK;XIREC;10024.0;5
36400;;SUBMISSION;HYDROGEL_PACK;XIREC;10024.0;2
37000;Mark 01;Mark 22;VEV_5400;XIREC;15.0;5
37000;Mark 01;Mark 22;VEV_5500;XIREC;4.0;5
37000;Mark 01;Mark 22;VEV_6000;XIREC;0.0;5
37000;Mark 01;Mark 22;VEV_6500;XIREC;0.0;5
37100;Mark 14;Mark 38;HYDROGEL_PACK;XIREC;10015.0;3
38400;Mark 14;Mark 38;HYDROGEL_PACK;XIREC;10016.0;4
38600;Mark 14;Mark 38;HYDROGEL_PACK;XIREC;10014.0;5
39100;Mark 01;Mark 55;VELVETFRUIT_EXTRACT;XIREC;5258.0;5
39500;Mark 14;Mark 55;VELVETFRUIT_EXTRACT;XIREC;5257.0;4
39800;Mark 55;Mark 14;VELVETFRUIT_EXTRACT;XIREC;5262.0;3
40200;SUBMISSION;;VEV_5500;XIREC;4.0;3
40200;SUBMISSION;;VEV_5500;XIREC;5.0;22
40200;Mark 01;Mark 22;VEV_5300;XIREC;41.0;3
40200;Mark 14;Mark 22;VEV_5400;XIREC;13.0;3
40200;Mark 01;Mark 22;VEV_6000;XIREC;0.0;3
40200;Mark 01;Mark 22;VEV_6500;XIREC;0.0;3
40500;SUBMISSION;;VEV_5500;XIREC;4.0;25
40600;SUBMISSION;;VEV_5500;XIREC;4.0;21
40700;SUBMISSION;;VEV_5500;XIREC;4.0;22
40800;SUBMISSION;;VEV_5500;XIREC;4.0;20
40900;SUBMISSION;;VEV_5500;XIREC;4.0;20
41000;SUBMISSION;;VEV_5500;XIREC;4.0;29
41100;SUBMISSION;;VEV_5500;XIREC;4.0;23
41200;SUBMISSION;;VEV_5500;XIREC;4.0;27
41300;SUBMISSION;;VEV_5500;XIREC;4.0;24
41400;SUBMISSION;;VEV_5500;XIREC;4.0;26
41500;SUBMISSION;;VEV_5500;XIREC;4.0;25
41600;SUBMISSION;;VEV_5500;XIREC;4.0;13
43200;Mark 55;Mark 14;VELVETFRUIT_EXTRACT;XIREC;5249.0;6
43600;Mark 14;Mark 38;VEV_4000;XIREC;1240.0;1
45600;Mark 01;Mark 22;VEV_5400;XIREC;11.0;4
45600;Mark 01;Mark 22;VEV_5500;XIREC;3.0;4
45600;Mark 01;Mark 22;VEV_6000;XIREC;0.0;4
45600;Mark 01;Mark 22;VEV_6500;XIREC;0.0;4
47200;Mark 01;Mark 22;VEV_5400;XIREC;11.0;3
47200;Mark 01;Mark 22;VEV_5500;XIREC;3.0;3
47200;Mark 01;Mark 22;VEV_6000;XIREC;0.0;3
47200;Mark 01;Mark 22;VEV_6500;XIREC;0.0;3
48200;Mark 14;Mark 55;VELVETFRUIT_EXTRACT;XIREC;5248.0;7
49700;Mark 14;Mark 55;VELVETFRUIT_EXTRACT;XIREC;5250.0;7
50000;Mark 55;Mark 01;VELVETFRUIT_EXTRACT;XIREC;5256.0;4
50700;Mark 14;Mark 38;HYDROGEL_PACK;XIREC;10032.0;5
52300;Mark 14;Mark 38;HYDROGEL_PACK;XIREC;10034.0;6
54400;Mark 01;Mark 22;VEV_5400;XIREC;11.0;2
54400;Mark 01;Mark 22;VEV_5500;XIREC;3.0;2
54400;Mark 01;Mark 22;VEV_6000;XIREC;0.0;2
54400;Mark 01;Mark 22;VEV_6500;XIREC;0.0;2
55100;Mark 14;Mark 55;VELVETFRUIT_EXTRACT;XIREC;5247.0;4
56200;Mark 14;Mark 38;HYDROGEL_PACK;XIREC;10037.0;6
56400;Mark 01;Mark 55;VELVETFRUIT_EXTRACT;XIREC;5250.0;5
58300;Mark 67;Mark 22;VELVETFRUIT_EXTRACT;XIREC;5257.0;6
60600;Mark 14;Mark 38;VEV_4000;XIREC;1239.0;2
61300;Mark 38;SUBMISSION;HYDROGEL_PACK;XIREC;10065.0;6
62400;Mark 14;Mark 55;VELVETFRUIT_EXTRACT;XIREC;5246.0;5
64800;Mark 22;Mark 38;HYDROGEL_PACK;XIREC;10055.0;2
67600;Mark 55;Mark 14;VELVETFRUIT_EXTRACT;XIREC;5261.0;7
68000;Mark 55;Mark 14;VELVETFRUIT_EXTRACT;XIREC;5261.0;5
69000;Mark 14;Mark 38;HYDROGEL_PACK;XIREC;10036.0;4
69400;Mark 14;Mark 55;VELVETFRUIT_EXTRACT;XIREC;5255.0;8
69900;Mark 01;Mark 22;VEV_5400;XIREC;12.0;5
69900;Mark 01;Mark 22;VEV_5500;XIREC;3.0;5
69900;Mark 01;Mark 22;VEV_6000;XIREC;0.0;5
69900;Mark 01;Mark 22;VEV_6500;XIREC;0.0;5
70100;Mark 01;Mark 22;VEV_5400;XIREC;12.0;5
70100;Mark 01;Mark 22;VEV_5500;XIREC;3.0;5
70100;Mark 01;Mark 22;VEV_6000;XIREC;0.0;5
70100;Mark 01;Mark 22;VEV_6500;XIREC;0.0;5
70200;Mark 38;Mark 14;VEV_4000;XIREC;1267.0;1
70300;Mark 01;Mark 22;VEV_5400;XIREC;12.0;4
70300;Mark 01;Mark 22;VEV_5500;XIREC;3.0;4
70300;Mark 01;Mark 22;VEV_6000;XIREC;0.0;4
70300;Mark 01;Mark 22;VEV_6500;XIREC;0.0;4
74300;Mark 01;Mark 22;VEV_5300;XIREC;41.0;3
74300;Mark 01;Mark 22;VEV_5400;XIREC;12.0;3
74300;Mark 01;Mark 22;VEV_6000;XIREC;0.0;3
74300;Mark 01;Mark 22;VEV_6500;XIREC;0.0;3
74900;Mark 14;Mark 55;VELVETFRUIT_EXTRACT;XIREC;5257.0;8
76100;Mark 14;Mark 38;VEV_4000;XIREC;1247.0;2
77100;Mark 14;Mark 55;VELVETFRUIT_EXTRACT;XIREC;5255.0;5
77300;Mark 55;Mark 49;VELVETFRUIT_EXTRACT;XIREC;5256.0;8
77300;Mark 67;Mark 49;VELVETFRUIT_EXTRACT;XIREC;5256.0;6
77600;Mark 67;Mark 22;VELVETFRUIT_EXTRACT;XIREC;5255.0;7
78900;Mark 14;Mark 55;VELVETFRUIT_EXTRACT;XIREC;5256.0;6
79900;Mark 38;SUBMISSION;HYDROGEL_PACK;XIREC;10049.0;6
80000;Mark 01;Mark 55;VELVETFRUIT_EXTRACT;XIREC;5257.0;8
83500;Mark 38;SUBMISSION;HYDROGEL_PACK;XIREC;10054.0;5
84100;Mark 01;Mark 55;VELVETFRUIT_EXTRACT;XIREC;5254.0;3
84900;Mark 14;Mark 38;HYDROGEL_PACK;XIREC;10040.0;5
85000;Mark 55;Mark 22;VELVETFRUIT_EXTRACT;XIREC;5248.0;6
86100;Mark 01;Mark 55;VELVETFRUIT_EXTRACT;XIREC;5244.0;6
87100;Mark 14;Mark 38;HYDROGEL_PACK;XIREC;10034.0;4
87300;Mark 01;Mark 22;VEV_5400;XIREC;10.0;3
87300;Mark 01;Mark 22;VEV_5500;XIREC;3.0;3
87300;Mark 01;Mark 22;VEV_6000;XIREC;0.0;3
87300;Mark 01;Mark 22;VEV_6500;XIREC;0.0;3
87400;Mark 01;Mark 55;VELVETFRUIT_EXTRACT;XIREC;5245.0;6
88200;Mark 38;Mark 14;VEV_4000;XIREC;1257.0;3
88300;Mark 14;Mark 55;VELVETFRUIT_EXTRACT;XIREC;5245.0;6
89600;Mark 38;Mark 14;VEV_4000;XIREC;1257.0;2
89800;Mark 38;SUBMISSION;HYDROGEL_PACK;XIREC;10044.0;4
91700;Mark 01;Mark 55;VELVETFRUIT_EXTRACT;XIREC;5250.0;6
92200;Mark 01;Mark 22;VEV_5300;XIREC;40.0;3
92200;Mark 01;Mark 22;VEV_5400;XIREC;12.0;3
92200;Mark 01;Mark 22;VEV_5500;XIREC;3.0;3
92200;Mark 01;Mark 22;VEV_6000;XIREC;0.0;3
92200;Mark 01;Mark 22;VEV_6500;XIREC;0.0;3
92700;Mark 55;Mark 14;VELVETFRUIT_EXTRACT;XIREC;5261.0;5
93700;Mark 55;Mark 14;VELVETFRUIT_EXTRACT;XIREC;5259.0;4
95200;Mark 38;SUBMISSION;HYDROGEL_PACK;XIREC;10042.0;5
95700;Mark 55;Mark 14;VELVETFRUIT_EXTRACT;XIREC;5259.0;8
96600;Mark 01;Mark 55;VELVETFRUIT_EXTRACT;XIREC;5253.0;4
98400;Mark 55;Mark 14;VELVETFRUIT_EXTRACT;XIREC;5258.0;8
98900;Mark 14;Mark 22;VEV_5200;XIREC;88.0;3
98900;Mark 01;Mark 22;VEV_5300;XIREC;39.0;3
98900;Mark 01;Mark 22;VEV_5400;XIREC;11.0;3
98900;Mark 01;Mark 22;VEV_5500;XIREC;3.0;3
98900;Mark 01;Mark 22;VEV_6000;XIREC;0.0;3
98900;Mark 01;Mark 22;VEV_6500;XIREC;0.0;3
99400;Mark 67;Mark 49;VELVETFRUIT_EXTRACT;XIREC;5253.0;12
100500;Mark 14;Mark 38;HYDROGEL_PACK;XIREC;10010.0;6
101300;Mark 55;Mark 01;VELVETFRUIT_EXTRACT;XIREC;5258.0;4
101900;Mark 01;Mark 55;VELVETFRUIT_EXTRACT;XIREC;5250.0;3
102200;Mark 01;Mark 55;VELVETFRUIT_EXTRACT;XIREC;5253.0;4
103700;Mark 67;Mark 49;VELVETFRUIT_EXTRACT;XIREC;5251.0;8
103800;Mark 14;Mark 55;VELVETFRUIT_EXTRACT;XIREC;5251.0;8
104600;Mark 38;Mark 14;VEV_4000;XIREC;1261.0;1
106800;Mark 14;Mark 38;VEV_4000;XIREC;1239.0;2
108400;Mark 14;Mark 38;HYDROGEL_PACK;XIREC;10026.0;5
108800;Mark 14;Mark 38;VEV_4000;XIREC;1244.0;3
109400;Mark 14;Mark 55;VELVETFRUIT_EXTRACT;XIREC;5252.0;8
109500;Mark 14;Mark 38;HYDROGEL_PACK;XIREC;10013.0;6
110200;Mark 14;Mark 38;HYDROGEL_PACK;XIREC;10019.0;5
111400;Mark 14;Mark 55;VELVETFRUIT_EXTRACT;XIREC;5245.0;4
111600;Mark 49;Mark 22;VELVETFRUIT_EXTRACT;XIREC;5244.0;6
112400;Mark 38;SUBMISSION;HYDROGEL_PACK;XIREC;10037.0;4
112600;SUBMISSION;;VEV_5300;XIREC;35.0;24
112700;SUBMISSION;;VEV_5300;XIREC;35.0;26
112800;SUBMISSION;;VEV_5300;XIREC;35.0;27
112900;SUBMISSION;;VEV_5300;XIREC;35.0;26
113000;SUBMISSION;;VEV_5300;XIREC;35.0;26
113100;SUBMISSION;;VEV_5200;XIREC;79.0;31
113100;SUBMISSION;;VEV_5300;XIREC;34.0;20
113200;SUBMISSION;;VEV_5200;XIREC;79.0;22
113200;SUBMISSION;;VEV_5300;XIREC;34.0;24
113300;SUBMISSION;;VEV_5200;XIREC;79.0;22
113300;SUBMISSION;;VEV_5300;XIREC;34.0;23
113400;SUBMISSION;;VEV_5200;XIREC;78.0;23
113400;SUBMISSION;;VEV_5300;XIREC;34.0;25
113400;SUBMISSION;;VEV_5400;XIREC;10.0;25
113500;SUBMISSION;;VEV_5200;XIREC;78.0;26
113500;SUBMISSION;;VEV_5300;XIREC;33.0;29
113500;SUBMISSION;;VEV_5400;XIREC;10.0;29
113600;SUBMISSION;;VEV_5200;XIREC;78.0;32
113600;SUBMISSION;;VEV_5300;XIREC;34.0;26
113700;SUBMISSION;;VEV_5200;XIREC;79.0;18
113700;SUBMISSION;;VEV_5300;XIREC;34.0;20
113800;SUBMISSION;;VEV_5200;XIREC;79.0;18
113800;SUBMISSION;;VEV_5300;XIREC;34.0;17
113900;SUBMISSION;;VEV_5200;XIREC;79.0;28
113900;SUBMISSION;;VEV_5300;XIREC;34.0;18
114000;SUBMISSION;;VEV_5300;XIREC;35.0;25
114100;SUBMISSION;;VEV_5300;XIREC;35.0;26
114500;SUBMISSION;;VEV_5300;XIREC;35.0;20
114600;SUBMISSION;;VEV_5300;XIREC;35.0;22
114800;SUBMISSION;;VEV_5300;XIREC;35.0;27
114900;SUBMISSION;;VEV_5300;XIREC;35.0;22
115000;SUBMISSION;;VEV_5300;XIREC;35.0;15
115000;Mark 67;Mark 22;VELVETFRUIT_EXTRACT;XIREC;5239.0;9
115100;SUBMISSION;;VEV_5300;XIREC;35.0;19
115200;SUBMISSION;;VEV_5300;XIREC;35.0;27
115300;SUBMISSION;;VEV_5300;XIREC;35.0;16
115400;SUBMISSION;;VEV_5300;XIREC;35.0;22
115500;SUBMISSION;;VEV_5200;XIREC;79.0;6
115500;SUBMISSION;;VEV_5200;XIREC;80.0;12
115500;SUBMISSION;;VEV_5300;XIREC;34.0;8
115500;SUBMISSION;;VEV_5300;XIREC;35.0;19
115600;SUBMISSION;;VEV_5300;XIREC;35.0;1
115700;SUBMISSION;;VEV_5200;XIREC;79.0;28
115800;SUBMISSION;;VEV_5200;XIREC;79.0;31
117200;SUBMISSION;;VEV_5200;XIREC;79.0;25
117300;SUBMISSION;;VEV_5200;XIREC;78.0;33
117400;SUBMISSION;;VEV_5000;XIREC;238.0;9
117400;SUBMISSION;;VEV_5000;XIREC;239.0;15
117400;SUBMISSION;;VEV_5100;XIREC;148.0;24
117400;SUBMISSION;;VEV_5200;XIREC;76.0;24
117400;SUBMISSION;;VEV_5400;XIREC;9.0;29
117400;Mark 67;Mark 49;VELVETFRUIT_EXTRACT;XIREC;5231.0;9
117500;SUBMISSION;;VEV_5100;XIREC;149.0;27
117500;SUBMISSION;;VEV_5200;XIREC;77.0;27
117500;SUBMISSION;;VEV_5400;XIREC;10.0;16
117600;SUBMISSION;;VEV_5100;XIREC;149.0;24
117600;SUBMISSION;;VEV_5200;XIREC;77.0;24
117600;SUBMISSION;;VEV_5400;XIREC;10.0;21
117700;SUBMISSION;;VEV_5200;XIREC;78.0;24
117800;SUBMISSION;;VEV_5200;XIREC;79.0;27
117800;Mark 38;Mark 14;VEV_4000;XIREC;1247.0;1
117900;SUBMISSION;;VEV_5200;XIREC;78.0;12
117900;SUBMISSION;;VEV_5200;XIREC;79.0;24
118000;SUBMISSION;;VEV_5200;XIREC;78.0;6
118000;SUBMISSION;;VEV_5200;XIREC;79.0;21
118100;SUBMISSION;;VEV_5200;XIREC;78.0;11
118100;SUBMISSION;;VEV_5200;XIREC;79.0;14
118200;SUBMISSION;;VEV_5200;XIREC;79.0;29
118300;SUBMISSION;;VEV_5200;XIREC;79.0;2
118500;Mark 38;SUBMISSION;HYDROGEL_PACK;XIREC;10042.0;4
118500;Mark 38;Mark 14;HYDROGEL_PACK;XIREC;10043.0;1
118700;SUBMISSION;;VEV_5100;XIREC;148.0;4
118700;SUBMISSION;;VEV_5100;XIREC;151.0;23
118700;Mark 01;Mark 22;VEV_5400;XIREC;9.0;4
118700;Mark 01;Mark 22;VEV_5500;XIREC;2.0;4
118700;Mark 01;Mark 22;VEV_6000;XIREC;0.0;4
118700;Mark 01;Mark 22;VEV_6500;XIREC;0.0;4
119000;Mark 14;Mark 38;HYDROGEL_PACK;XIREC;10028.0;6
119700;Mark 55;Mark 01;VELVETFRUIT_EXTRACT;XIREC;5241.0;6
119900;Mark 14;Mark 38;HYDROGEL_PACK;XIREC;10022.0;2
121500;Mark 38;SUBMISSION;HYDROGEL_PACK;XIREC;10029.0;3
121500;Mark 38;Mark 14;HYDROGEL_PACK;XIREC;10030.0;1
121800;Mark 67;Mark 22;VELVETFRUIT_EXTRACT;XIREC;5243.0;8
122400;Mark 14;Mark 55;VELVETFRUIT_EXTRACT;XIREC;5241.0;5
122600;Mark 14;Mark 38;HYDROGEL_PACK;XIREC;10012.0;4
123100;Mark 38;Mark 14;VEV_4000;XIREC;1255.0;3
123700;Mark 14;Mark 38;HYDROGEL_PACK;XIREC;10010.0;2
124700;Mark 55;Mark 14;VELVETFRUIT_EXTRACT;XIREC;5242.0;4
125300;Mark 38;SUBMISSION;HYDROGEL_PACK;XIREC;10028.0;2
125300;Mark 38;Mark 14;HYDROGEL_PACK;XIREC;10029.0;2
125700;Mark 38;Mark 14;VEV_4000;XIREC;1249.0;1
126600;Mark 14;Mark 38;HYDROGEL_PACK;XIREC;10020.0;6
126600;Mark 01;Mark 22;VEV_5400;XIREC;9.0;5
126600;Mark 01;Mark 22;VEV_5500;XIREC;2.0;5
126600;Mark 01;Mark 22;VEV_6000;XIREC;0.0;5
126600;Mark 01;Mark 22;VEV_6500;XIREC;0.0;5
127100;Mark 55;Mark 14;VELVETFRUIT_EXTRACT;XIREC;5242.0;7
128200;Mark 38;SUBMISSION;HYDROGEL_PACK;XIREC;10028.0;1
128200;Mark 38;Mark 14;HYDROGEL_PACK;XIREC;10029.0;1
128700;Mark 01;Mark 22;VEV_5200;XIREC;77.0;3
128700;Mark 14;Mark 22;VEV_5300;XIREC;33.0;3
128700;Mark 01;Mark 22;VEV_5400;XIREC;9.0;3
128700;Mark 01;Mark 22;VEV_5500;XIREC;2.0;3
128700;Mark 01;Mark 22;VEV_6000;XIREC;0.0;3
128700;Mark 01;Mark 22;VEV_6500;XIREC;0.0;3
129000;Mark 55;Mark 01;VELVETFRUIT_EXTRACT;XIREC;5240.0;8
129800;Mark 14;Mark 38;VEV_4000;XIREC;1233.0;1
130000;Mark 14;Mark 38;HYDROGEL_PACK;XIREC;10014.0;4
130700;Mark 38;SUBMISSION;HYDROGEL_PACK;XIREC;10025.0;1
130700;Mark 38;Mark 14;HYDROGEL_PACK;XIREC;10026.0;1
130800;Mark 67;Mark 22;VELVETFRUIT_EXTRACT;XIREC;5247.0;9
131500;Mark 38;SUBMISSION;HYDROGEL_PACK;XIREC;10019.0;1
131500;Mark 38;Mark 14;HYDROGEL_PACK;XIREC;10020.0;4
132100;Mark 01;Mark 22;VEV_5400;XIREC;10.0;4
132100;Mark 01;Mark 22;VEV_5500;XIREC;3.0;4
132100;Mark 01;Mark 22;VEV_6000;XIREC;0.0;4
132100;Mark 01;Mark 22;VEV_6500;XIREC;0.0;4
132500;Mark 55;Mark 14;VELVETFRUIT_EXTRACT;XIREC;5253.0;3
135900;Mark 55;Mark 14;VELVETFRUIT_EXTRACT;XIREC;5255.0;6
136100;Mark 14;Mark 38;HYDROGEL_PACK;XIREC;10018.0;6
137700;Mark 01;Mark 22;VEV_5300;XIREC;36.0;4
137700;Mark 01;Mark 22;VEV_5400;XIREC;10.0;4
137700;Mark 01;Mark 22;VEV_5500;XIREC;3.0;4
137700;Mark 01;Mark 22;VEV_6000;XIREC;0.0;4
137700;Mark 01;Mark 22;VEV_6500;XIREC;0.0;4
138200;Mark 38;SUBMISSION;HYDROGEL_PACK;XIREC;10022.0;1
138200;Mark 38;Mark 14;HYDROGEL_PACK;XIREC;10023.0;3
139400;Mark 38;Mark 14;VEV_4000;XIREC;1254.0;1
140700;Mark 38;Mark 14;VEV_4000;XIREC;1251.0;2
141900;Mark 14;Mark 55;VELVETFRUIT_EXTRACT;XIREC;5236.0;6
142700;Mark 38;Mark 14;HYDROGEL_PACK;XIREC;10015.0;6
142700;Mark 01;Mark 22;VEV_5400;XIREC;9.0;5
142700;Mark 01;Mark 22;VEV_5500;XIREC;2.0;5
142700;Mark 01;Mark 22;VEV_6000;XIREC;0.0;5
142700;Mark 01;Mark 22;VEV_6500;XIREC;0.0;5
143600;Mark 14;Mark 55;VELVETFRUIT_EXTRACT;XIREC;5243.0;4
144500;Mark 55;Mark 01;VELVETFRUIT_EXTRACT;XIREC;5247.0;7
144800;Mark 01;Mark 22;VEV_5400;XIREC;10.0;3
144800;Mark 01;Mark 22;VEV_5500;XIREC;2.0;3
144800;Mark 01;Mark 22;VEV_6000;XIREC;0.0;3
144800;Mark 01;Mark 22;VEV_6500;XIREC;0.0;3
145100;Mark 14;Mark 55;VELVETFRUIT_EXTRACT;XIREC;5243.0;5
145500;Mark 14;Mark 38;VEV_4000;XIREC;1235.0;2
148500;SUBMISSION;Mark 38;HYDROGEL_PACK;XIREC;10000.0;3
148800;Mark 14;Mark 38;VEV_4000;XIREC;1234.0;2
150300;SUBMISSION;;HYDROGEL_PACK;XIREC;10004.0;11
150300;SUBMISSION;Mark 38;HYDROGEL_PACK;XIREC;9989.0;3
150700;SUBMISSION;Mark 38;HYDROGEL_PACK;XIREC;9991.0;3
151400;Mark 38;SUBMISSION;HYDROGEL_PACK;XIREC;10014.0;6
151600;Mark 55;Mark 01;VELVETFRUIT_EXTRACT;XIREC;5245.0;7
152300;Mark 38;SUBMISSION;HYDROGEL_PACK;XIREC;10018.0;4
153500;Mark 14;Mark 55;VELVETFRUIT_EXTRACT;XIREC;5240.0;7
153700;Mark 14;Mark 38;HYDROGEL_PACK;XIREC;10012.0;3
155400;Mark 38;Mark 22;VEV_4000;XIREC;1239.0;2
155400;Mark 38;Mark 22;VEV_4500;XIREC;739.0;2
155400;Mark 38;Mark 22;VEV_5000;XIREC;242.0;2
155400;Mark 38;Mark 22;VEV_5100;XIREC;151.0;2
155400;Mark 38;Mark 22;VEV_5200;XIREC;79.0;2
155400;Mark 01;Mark 22;VEV_5300;XIREC;33.0;2
155400;Mark 01;Mark 22;VEV_5400;XIREC;9.0;2
155400;Mark 01;Mark 22;VEV_5500;XIREC;2.0;2
155400;Mark 01;Mark 22;VEV_6000;XIREC;0.0;2
155400;Mark 01;Mark 22;VEV_6500;XIREC;0.0;2
156700;SUBMISSION;;VEV_5100;XIREC;148.0;8
156700;SUBMISSION;;VEV_5100;XIREC;149.0;22
156700;SUBMISSION;;VEV_5400;XIREC;10.0;22
156800;SUBMISSION;;VEV_5100;XIREC;148.0;7
156800;SUBMISSION;;VEV_5100;XIREC;149.0;14
156800;SUBMISSION;;VEV_5400;XIREC;10.0;23
156900;SUBMISSION;;VEV_5100;XIREC;148.0;28
156900;SUBMISSION;;VEV_5400;XIREC;9.0;20
157000;SUBMISSION;;VEV_5100;XIREC;148.0;6
157000;SUBMISSION;;VEV_5100;XIREC;149.0;20
157000;SUBMISSION;;VEV_5400;XIREC;10.0;22
157100;SUBMISSION;;VEV_5100;XIREC;148.0;8
157100;SUBMISSION;;VEV_5100;XIREC;149.0;19
157100;SUBMISSION;;VEV_5400;XIREC;10.0;19
157200;SUBMISSION;;VEV_5100;XIREC;148.0;12
157200;SUBMISSION;;VEV_5100;XIREC;149.0;16
157200;SUBMISSION;;VEV_5400;XIREC;10.0;27
157300;SUBMISSION;;VEV_5100;XIREC;148.0;6
157300;SUBMISSION;;VEV_5100;XIREC;149.0;20
157300;SUBMISSION;;VEV_5400;XIREC;9.0;6
157300;SUBMISSION;;VEV_5400;XIREC;10.0;17
157400;SUBMISSION;;VEV_5100;XIREC;149.0;31
157400;SUBMISSION;;VEV_5400;XIREC;10.0;27
157500;Mark 38;SUBMISSION;HYDROGEL_PACK;XIREC;10032.0;4
157500;SUBMISSION;;VEV_5100;XIREC;149.0;23
157500;SUBMISSION;;VEV_5400;XIREC;10.0;19
157500;Mark 38;Mark 14;HYDROGEL_PACK;XIREC;10033.0;2
157600;SUBMISSION;;VEV_5100;XIREC;148.0;27
157600;SUBMISSION;;VEV_5400;XIREC;9.0;20
157700;SUBMISSION;;VEV_5400;XIREC;10.0;20
157800;SUBMISSION;;VEV_5100;XIREC;149.0;8
157800;SUBMISSION;;VEV_5100;XIREC;150.0;12
157800;SUBMISSION;;VEV_5400;XIREC;10.0;27
157900;SUBMISSION;;VEV_5100;XIREC;149.0;22
157900;SUBMISSION;;VEV_5400;XIREC;10.0;17
158000;SUBMISSION;;VEV_5100;XIREC;149.0;26
158000;SUBMISSION;;VEV_5400;XIREC;10.0;24
158000;Mark 55;Mark 01;VELVETFRUIT_EXTRACT;XIREC;5237.0;8
158100;SUBMISSION;;VEV_5400;XIREC;10.0;30
158200;SUBMISSION;;VEV_5100;XIREC;149.0;6
158200;SUBMISSION;;VEV_5100;XIREC;150.0;20
158200;SUBMISSION;;VEV_5400;XIREC;10.0;26
158300;SUBMISSION;;VEV_5100;XIREC;148.0;11
158300;SUBMISSION;;VEV_5100;XIREC;149.0;12
158300;SUBMISSION;;VEV_5400;XIREC;9.0;6
158300;SUBMISSION;;VEV_5400;XIREC;10.0;20
158400;SUBMISSION;;VEV_5000;XIREC;236.0;6
158400;SUBMISSION;;VEV_5000;XIREC;237.0;21
158400;SUBMISSION;;VEV_5100;XIREC;145.0;6
158400;SUBMISSION;;VEV_5100;XIREC;146.0;21
158400;SUBMISSION;;VEV_5400;XIREC;9.0;20
158500;SUBMISSION;;VEV_5000;XIREC;236.0;6
158500;SUBMISSION;;VEV_5000;XIREC;237.0;20
158500;SUBMISSION;;VEV_5100;XIREC;146.0;26
158500;SUBMISSION;;VEV_5400;XIREC;9.0;23
158600;SUBMISSION;;VEV_5000;XIREC;237.0;10
158600;SUBMISSION;;VEV_5000;XIREC;238.0;14
158600;SUBMISSION;;VEV_5100;XIREC;147.0;24
158600;SUBMISSION;;VEV_5400;XIREC;9.0;28
158700;SUBMISSION;;VEV_5000;XIREC;237.0;9
158700;SUBMISSION;;VEV_5000;XIREC;238.0;13
158700;SUBMISSION;;VEV_5100;XIREC;146.0;9
158700;SUBMISSION;;VEV_5100;XIREC;147.0;13
158700;SUBMISSION;;VEV_5400;XIREC;9.0;17
158800;SUBMISSION;;VEV_5100;XIREC;148.0;15
159100;SUBMISSION;;VEV_5000;XIREC;238.0;25
160000;Mark 55;Mark 14;VELVETFRUIT_EXTRACT;XIREC;5236.0;8
160100;Mark 38;SUBMISSION;HYDROGEL_PACK;XIREC;10043.0;3
160100;Mark 38;Mark 14;HYDROGEL_PACK;XIREC;10044.0;1
165300;Mark 38;Mark 14;VEV_4000;XIREC;1251.0;3
165600;Mark 01;Mark 55;VELVETFRUIT_EXTRACT;XIREC;5237.0;6
166000;Mark 01;Mark 22;VEV_5400;XIREC;9.0;5
166000;Mark 01;Mark 22;VEV_5500;XIREC;2.0;5
166000;Mark 01;Mark 22;VEV_6000;XIREC;0.0;5
166000;Mark 01;Mark 22;VEV_6500;XIREC;0.0;5
167900;Mark 14;Mark 38;VEV_4000;XIREC;1232.0;1
170900;Mark 55;Mark 01;VELVETFRUIT_EXTRACT;XIREC;5249.0;5
172300;Mark 01;Mark 22;VEV_5500;XIREC;3.0;2
172300;Mark 01;Mark 22;VEV_6000;XIREC;0.0;2
172300;Mark 01;Mark 22;VEV_6500;XIREC;0.0;2
173800;Mark 38;SUBMISSION;HYDROGEL_PACK;XIREC;10036.0;2
173800;Mark 38;Mark 14;HYDROGEL_PACK;XIREC;10037.0;3
174100;Mark 38;SUBMISSION;HYDROGEL_PACK;XIREC;10039.0;1
174100;Mark 38;Mark 14;HYDROGEL_PACK;XIREC;10040.0;1
174800;Mark 55;Mark 01;VELVETFRUIT_EXTRACT;XIREC;5253.0;5
175100;Mark 38;Mark 14;VEV_4000;XIREC;1259.0;3
175300;Mark 55;Mark 14;VELVETFRUIT_EXTRACT;XIREC;5250.0;7
176700;Mark 14;Mark 38;VEV_4000;XIREC;1238.0;1
177200;Mark 14;Mark 38;HYDROGEL_PACK;XIREC;10030.0;2
180300;Mark 38;Mark 14;VEV_4000;XIREC;1258.0;3
180800;Mark 14;Mark 38;HYDROGEL_PACK;XIREC;10018.0;5
181200;Mark 14;Mark 38;VEV_4000;XIREC;1235.0;2
182100;Mark 38;Mark 14;HYDROGEL_PACK;XIREC;10019.0;6
182100;Mark 14;Mark 38;VEV_4000;XIREC;1237.0;3
182500;Mark 14;Mark 38;HYDROGEL_PACK;XIREC;10007.0;6
182600;Mark 14;Mark 55;VELVETFRUIT_EXTRACT;XIREC;5245.0;6
183100;Mark 14;Mark 38;VEV_4000;XIREC;1237.0;3
183400;Mark 38;Mark 14;HYDROGEL_PACK;XIREC;10031.0;4
186200;Mark 01;Mark 55;VELVETFRUIT_EXTRACT;XIREC;5242.0;8
189100;SUBMISSION;Mark 38;HYDROGEL_PACK;XIREC;9993.0;4
190700;Mark 01;Mark 55;VELVETFRUIT_EXTRACT;XIREC;5247.0;3
190800;SUBMISSION;;HYDROGEL_PACK;XIREC;9999.0;10
191300;Mark 38;Mark 14;VEV_4000;XIREC;1259.0;1
191900;Mark 14;Mark 38;VEV_4000;XIREC;1236.0;1
192600;Mark 01;Mark 55;VELVETFRUIT_EXTRACT;XIREC;5247.0;6
194700;Mark 14;Mark 38;HYDROGEL_PACK;XIREC;10006.0;3
195800;Mark 55;Mark 01;VELVETFRUIT_EXTRACT;XIREC;5250.0;7
196600;Mark 14;Mark 38;VEV_4000;XIREC;1234.0;1
197500;Mark 55;Mark 14;VELVETFRUIT_EXTRACT;XIREC;5247.0;3
198800;Mark 38;SUBMISSION;HYDROGEL_PACK;XIREC;10028.0;4
198800;Mark 38;Mark 14;HYDROGEL_PACK;XIREC;10029.0;1
199000;Mark 01;Mark 55;VELVETFRUIT_EXTRACT;XIREC;5236.0;3
200100;Mark 38;SUBMISSION;HYDROGEL_PACK;XIREC;10027.0;3
201600;Mark 01;Mark 55;VELVETFRUIT_EXTRACT;XIREC;5239.0;4
202200;SUBMISSION;Mark 38;HYDROGEL_PACK;XIREC;9996.0;5
202500;Mark 38;Mark 14;VEV_4000;XIREC;1247.0;1
203300;SUBMISSION;Mark 38;HYDROGEL_PACK;XIREC;10001.0;4
203500;Mark 14;Mark 38;HYDROGEL_PACK;XIREC;10003.0;3
203800;Mark 38;Mark 14;VEV_4000;XIREC;1245.0;1
204800;SUBMISSION;Mark 38;HYDROGEL_PACK;XIREC;9994.0;4
205100;SUBMISSION;Mark 38;HYDROGEL_PACK;XIREC;9987.0;5
205400;Mark 38;SUBMISSION;HYDROGEL_PACK;XIREC;10004.0;4
206300;SUBMISSION;Mark 38;HYDROGEL_PACK;XIREC;9982.0;6
206400;SUBMISSION;;HYDROGEL_PACK;XIREC;9991.0;3
206800;SUBMISSION;;HYDROGEL_PACK;XIREC;9993.0;6
206900;SUBMISSION;;HYDROGEL_PACK;XIREC;9993.0;7
207000;SUBMISSION;;HYDROGEL_PACK;XIREC;9996.0;1
207200;SUBMISSION;;HYDROGEL_PACK;XIREC;9995.0;3
207300;SUBMISSION;;HYDROGEL_PACK;XIREC;9993.0;7
207400;SUBMISSION;;HYDROGEL_PACK;XIREC;9994.0;5
207500;SUBMISSION;;HYDROGEL_PACK;XIREC;9992.0;9
207500;Mark 55;Mark 14;VELVETFRUIT_EXTRACT;XIREC;5237.0;8
207600;SUBMISSION;;HYDROGEL_PACK;XIREC;9991.0;11
207600;Mark 55;Mark 14;VELVETFRUIT_EXTRACT;XIREC;5237.0;5
207700;SUBMISSION;;HYDROGEL_PACK;XIREC;9992.0;9
207800;SUBMISSION;;HYDROGEL_PACK;XIREC;9991.0;10
207800;SUBMISSION;;HYDROGEL_PACK;XIREC;9993.0;1
207900;SUBMISSION;;HYDROGEL_PACK;XIREC;9991.0;11
208000;SUBMISSION;;HYDROGEL_PACK;XIREC;9983.0;4
208000;SUBMISSION;;HYDROGEL_PACK;XIREC;9991.0;10
208000;SUBMISSION;;HYDROGEL_PACK;XIREC;9994.0;5
208100;SUBMISSION;;HYDROGEL_PACK;XIREC;9991.0;11
208200;SUBMISSION;;HYDROGEL_PACK;XIREC;9987.0;15
208200;SUBMISSION;;HYDROGEL_PACK;XIREC;9990.0;4
208300;SUBMISSION;;HYDROGEL_PACK;XIREC;9987.0;11
208300;SUBMISSION;;HYDROGEL_PACK;XIREC;9989.0;8
208400;SUBMISSION;;HYDROGEL_PACK;XIREC;9988.0;15
208400;SUBMISSION;;HYDROGEL_PACK;XIREC;9990.0;2
208400;Mark 55;Mark 14;VELVETFRUIT_EXTRACT;XIREC;5239.0;5
208500;SUBMISSION;;HYDROGEL_PACK;XIREC;9988.0;11
208500;SUBMISSION;;HYDROGEL_PACK;XIREC;9990.0;6
208600;SUBMISSION;;HYDROGEL_PACK;XIREC;9989.0;13
208600;SUBMISSION;;HYDROGEL_PACK;XIREC;9991.0;2
208700;SUBMISSION;;HYDROGEL_PACK;XIREC;9990.0;13
208800;SUBMISSION;;HYDROGEL_PACK;XIREC;9986.0;13
208800;SUBMISSION;;HYDROGEL_PACK;XIREC;9988.0;8
208900;SUBMISSION;;HYDROGEL_PACK;XIREC;9987.0;13
208900;SUBMISSION;;HYDROGEL_PACK;XIREC;9989.0;6
209000;SUBMISSION;;HYDROGEL_PACK;XIREC;9987.0;12
209000;SUBMISSION;;HYDROGEL_PACK;XIREC;9989.0;7
209100;SUBMISSION;;HYDROGEL_PACK;XIREC;9987.0;10
209100;SUBMISSION;;HYDROGEL_PACK;XIREC;9989.0;9
209200;SUBMISSION;;HYDROGEL_PACK;XIREC;9988.0;1
209200;SUBMISSION;Mark 38;HYDROGEL_PACK;XIREC;9973.0;5
212500;SUBMISSION;;VEV_5000;XIREC;238.0;8
212500;SUBMISSION;;VEV_5000;XIREC;239.0;21
212800;SUBMISSION;;VEV_5000;XIREC;238.0;6
212800;SUBMISSION;;VEV_5000;XIREC;239.0;22
212900;SUBMISSION;;VEV_5000;XIREC;238.0;25
213400;SUBMISSION;Mark 38;HYDROGEL_PACK;XIREC;9995.0;3
214000;Mark 14;Mark 55;VELVETFRUIT_EXTRACT;XIREC;5233.0;5
214300;SUBMISSION;;VEV_5000;XIREC;238.0;7
214300;SUBMISSION;;VEV_5000;XIREC;239.0;19
214600;SUBMISSION;;VEV_5000;XIREC;238.0;7
214600;SUBMISSION;;VEV_5000;XIREC;239.0;15
214700;SUBMISSION;;VEV_5000;XIREC;238.0;7
214700;SUBMISSION;;VEV_5000;XIREC;239.0;19
214800;SUBMISSION;;VEV_5000;XIREC;238.0;9
214800;SUBMISSION;;VEV_5000;XIREC;239.0;23
215000;SUBMISSION;;VEV_5000;XIREC;238.0;11
215000;SUBMISSION;;VEV_5000;XIREC;239.0;23
215100;SUBMISSION;;VEV_5000;XIREC;238.0;9
215100;SUBMISSION;;VEV_5000;XIREC;239.0;13
215100;Mark 67;Mark 49;VELVETFRUIT_EXTRACT;XIREC;5231.0;14
215200;SUBMISSION;;VEV_5000;XIREC;238.0;10
215200;SUBMISSION;;VEV_5000;XIREC;239.0;14
215300;SUBMISSION;;VEV_5000;XIREC;236.0;8
215300;SUBMISSION;;VEV_5000;XIREC;237.0;19
215400;SUBMISSION;;VEV_5000;XIREC;237.0;9
215400;SUBMISSION;;VEV_5000;XIREC;238.0;23
215500;SUBMISSION;;VEV_5000;XIREC;237.0;22
215600;SUBMISSION;;VEV_5000;XIREC;238.0;11
215600;SUBMISSION;;VEV_5000;XIREC;239.0;23
215700;SUBMISSION;;VEV_5000;XIREC;237.0;12
215700;SUBMISSION;;VEV_5000;XIREC;238.0;17
215700;Mark 55;Mark 14;VELVETFRUIT_EXTRACT;XIREC;5234.0;3
215800;SUBMISSION;;VEV_5000;XIREC;238.0;7
215800;SUBMISSION;;VEV_5000;XIREC;239.0;18
215900;SUBMISSION;;VEV_5000;XIREC;238.0;15
216400;SUBMISSION;;VELVETFRUIT_EXTRACT;XIREC;5232.0;16
216400;SUBMISSION;;VELVETFRUIT_EXTRACT;XIREC;5233.0;34
216400;SUBMISSION;;VEV_4000;XIREC;1240.0;13
216400;SUBMISSION;;VEV_4000;XIREC;1242.0;28
216400;SUBMISSION;;VEV_4500;XIREC;737.0;9
216400;SUBMISSION;;VEV_4500;XIREC;739.0;15
216500;;SUBMISSION;HYDROGEL_PACK;XIREC;10006.0;1
216500;SUBMISSION;;VELVETFRUIT_EXTRACT;XIREC;5232.0;19
216500;SUBMISSION;;VELVETFRUIT_EXTRACT;XIREC;5233.0;31
216500;SUBMISSION;;VEV_4000;XIREC;1240.0;9
216500;SUBMISSION;;VEV_4000;XIREC;1243.0;28
216600;SUBMISSION;;VELVETFRUIT_EXTRACT;XIREC;5231.0;20
216600;SUBMISSION;;VELVETFRUIT_EXTRACT;XIREC;5232.0;30
216600;SUBMISSION;;VEV_4000;XIREC;1239.0;8
216600;SUBMISSION;;VEV_4000;XIREC;1242.0;19
216600;SUBMISSION;;VEV_4500;XIREC;737.0;11
216600;SUBMISSION;;VEV_4500;XIREC;738.0;14
216700;SUBMISSION;;VELVETFRUIT_EXTRACT;XIREC;5230.0;50
216700;SUBMISSION;;VEV_4000;XIREC;1238.0;15
216700;SUBMISSION;;VEV_4000;XIREC;1240.0;23
216700;SUBMISSION;;VEV_4500;XIREC;735.0;10
216700;SUBMISSION;;VEV_4500;XIREC;737.0;21
216800;SUBMISSION;;VELVETFRUIT_EXTRACT;XIREC;5231.0;18
216800;SUBMISSION;;VELVETFRUIT_EXTRACT;XIREC;5232.0;32
216800;SUBMISSION;;VEV_4000;XIREC;1239.0;14
216800;SUBMISSION;;VEV_4000;XIREC;1241.0;17
216800;SUBMISSION;;VEV_4500;XIREC;736.0;6
216800;SUBMISSION;;VEV_4500;XIREC;738.0;12
216900;SUBMISSION;;VELVETFRUIT_EXTRACT;XIREC;5232.0;50
216900;SUBMISSION;;VEV_4000;XIREC;1239.0;7
216900;SUBMISSION;;VEV_4000;XIREC;1242.0;18
216900;SUBMISSION;;VEV_4500;XIREC;737.0;10
216900;SUBMISSION;;VEV_4500;XIREC;739.0;20
217000;;SUBMISSION;HYDROGEL_PACK;XIREC;10010.0;11
217000;SUBMISSION;;VELVETFRUIT_EXTRACT;XIREC;5229.0;25
217000;SUBMISSION;;VELVETFRUIT_EXTRACT;XIREC;5230.0;25
217000;SUBMISSION;;VEV_4000;XIREC;1237.0;13
217000;SUBMISSION;;VEV_4000;XIREC;1239.0;23
217000;SUBMISSION;;VEV_4500;XIREC;734.0;7
217000;SUBMISSION;;VEV_4500;XIREC;736.0;12
217100;;SUBMISSION;HYDROGEL_PACK;XIREC;10013.0;7
217100;Mark 38;SUBMISSION;HYDROGEL_PACK;XIREC;10019.0;3
217100;SUBMISSION;;VELVETFRUIT_EXTRACT;XIREC;5230.0;25
217100;SUBMISSION;;VELVETFRUIT_EXTRACT;XIREC;5231.0;25
217100;SUBMISSION;;VEV_4000;XIREC;1238.0;14
217100;SUBMISSION;;VEV_4000;XIREC;1240.0;23
217100;SUBMISSION;;VEV_4500;XIREC;735.0;8
217100;SUBMISSION;;VEV_4500;XIREC;737.0;16
217200;;SUBMISSION;HYDROGEL_PACK;XIREC;10011.0;10
217200;;SUBMISSION;HYDROGEL_PACK;XIREC;10008.0;3
217200;SUBMISSION;;VEV_4000;XIREC;1238.0;7
217200;SUBMISSION;;VEV_4000;XIREC;1241.0;18
217200;SUBMISSION;;VEV_4500;XIREC;736.0;9
217200;SUBMISSION;;VEV_4500;XIREC;738.0;18
217300;;SUBMISSION;HYDROGEL_PACK;XIREC;10012.0;11
217300;;SUBMISSION;HYDROGEL_PACK;XIREC;10010.0;4
217300;SUBMISSION;;VEV_4000;XIREC;1238.0;7
217300;SUBMISSION;;VEV_4000;XIREC;1240.0;25
217300;SUBMISSION;;VEV_4500;XIREC;735.0;11
217300;SUBMISSION;;VEV_4500;XIREC;737.0;12
217400;;SUBMISSION;HYDROGEL_PACK;XIREC;10014.0;11
217400;;SUBMISSION;HYDROGEL_PACK;XIREC;10011.0;9
217400;SUBMISSION;;VEV_4000;XIREC;1238.0;14
217400;SUBMISSION;;VEV_4000;XIREC;1241.0;16
217400;SUBMISSION;;VEV_4500;XIREC;736.0;11
217400;SUBMISSION;;VEV_4500;XIREC;737.0;13
217500;;SUBMISSION;HYDROGEL_PACK;XIREC;10015.0;15
217500;;SUBMISSION;HYDROGEL_PACK;XIREC;10012.0;7
217500;SUBMISSION;;VEV_4000;XIREC;1239.0;13
217500;SUBMISSION;;VEV_4000;XIREC;1241.0;23
217500;SUBMISSION;;VEV_4500;XIREC;736.0;6
217500;SUBMISSION;;VEV_4500;XIREC;738.0;21
217600;;SUBMISSION;HYDROGEL_PACK;XIREC;10016.0;13
217600;;SUBMISSION;HYDROGEL_PACK;XIREC;10013.0;12
217600;SUBMISSION;;VEV_4000;XIREC;1238.0;7
217600;SUBMISSION;;VEV_4000;XIREC;1241.0;26
217600;SUBMISSION;;VEV_4500;XIREC;736.0;11
217600;SUBMISSION;;VEV_4500;XIREC;738.0;22
217700;;SUBMISSION;HYDROGEL_PACK;XIREC;10019.0;15
217700;;SUBMISSION;HYDROGEL_PACK;XIREC;10016.0;16
217700;SUBMISSION;;VEV_4000;XIREC;1237.0;13
217700;SUBMISSION;;VEV_4000;XIREC;1239.0;20
217700;SUBMISSION;;VEV_4500;XIREC;734.0;11
217700;SUBMISSION;;VEV_4500;XIREC;736.0;21
217800;;SUBMISSION;HYDROGEL_PACK;XIREC;10020.0;14
217800;;SUBMISSION;HYDROGEL_PACK;XIREC;10018.0;20
217800;SUBMISSION;;VEV_4000;XIREC;1238.0;9
217800;SUBMISSION;;VEV_4000;XIREC;1240.0;21
217800;SUBMISSION;;VEV_4500;XIREC;735.0;7
217800;SUBMISSION;;VEV_4500;XIREC;737.0;17
217900;;SUBMISSION;HYDROGEL_PACK;XIREC;10019.0;13
217900;;SUBMISSION;HYDROGEL_PACK;XIREC;10017.0;18
217900;SUBMISSION;;VEV_4000;XIREC;1238.0;12
217900;SUBMISSION;;VEV_4000;XIREC;1240.0;20
217900;SUBMISSION;;VEV_4500;XIREC;735.0;6
217900;SUBMISSION;;VEV_4500;XIREC;737.0;13
218000;;SUBMISSION;HYDROGEL_PACK;XIREC;10018.0;11
218000;;SUBMISSION;HYDROGEL_PACK;XIREC;10016.0;18
218000;SUBMISSION;;VEV_4000;XIREC;1238.0;14
218000;SUBMISSION;;VEV_4000;XIREC;1240.0;15
218000;SUBMISSION;;VEV_4500;XIREC;735.0;7
218000;SUBMISSION;;VEV_4500;XIREC;737.0;21
218100;;SUBMISSION;HYDROGEL_PACK;XIREC;10016.0;14
218100;;SUBMISSION;HYDROGEL_PACK;XIREC;10013.0;1
218100;SUBMISSION;;VEV_4000;XIREC;1240.0;7
218100;SUBMISSION;;VEV_4000;XIREC;1242.0;30
218100;SUBMISSION;;VEV_4500;XIREC;737.0;8
218100;SUBMISSION;;VEV_4500;XIREC;739.0;21
218200;Mark 55;Mark 01;VELVETFRUIT_EXTRACT;XIREC;5233.0;8
218300;SUBMISSION;;VEV_4000;XIREC;1228.0;5
218300;SUBMISSION;;VEV_4000;XIREC;1239.0;6
218300;SUBMISSION;;VEV_4500;XIREC;728.0;5
218300;SUBMISSION;;VEV_4500;XIREC;736.0;7
218300;SUBMISSION;;VEV_4500;XIREC;738.0;13
218300;Mark 01;Mark 22;VEV_5300;XIREC;29.0;5
218300;Mark 01;Mark 22;VEV_5400;XIREC;8.0;5
218300;Mark 01;Mark 22;VEV_5500;XIREC;2.0;5
218300;Mark 01;Mark 22;VEV_6000;XIREC;0.0;5
218300;Mark 01;Mark 22;VEV_6500;XIREC;0.0;5
218400;SUBMISSION;;VEV_4500;XIREC;735.0;7
218400;SUBMISSION;;VEV_4500;XIREC;737.0;12
218500;SUBMISSION;;VEV_4500;XIREC;737.0;9
218500;SUBMISSION;;VEV_4500;XIREC;739.0;21
218800;SUBMISSION;;VEV_4500;XIREC;737.0;12
218800;SUBMISSION;;VEV_4500;XIREC;739.0;18
219100;SUBMISSION;;VEV_4500;XIREC;737.0;7
219100;SUBMISSION;;VEV_4500;XIREC;739.0;14
219200;;SUBMISSION;HYDROGEL_PACK;XIREC;10018.0;5
219200;SUBMISSION;;VEV_4500;XIREC;737.0;6
219200;SUBMISSION;;VEV_4500;XIREC;739.0;23
219300;SUBMISSION;;VEV_4500;XIREC;737.0;9
220600;Mark 14;Mark 38;HYDROGEL_PACK;XIREC;10013.0;5
220800;Mark 01;Mark 22;VEV_5300;XIREC;31.0;4
220800;Mark 01;Mark 22;VEV_5400;XIREC;8.0;4
220800;Mark 01;Mark 22;VEV_5500;XIREC;2.0;4
220800;Mark 01;Mark 22;VEV_6000;XIREC;0.0;4
220800;Mark 01;Mark 22;VEV_6500;XIREC;0.0;4
221500;;SUBMISSION;HYDROGEL_PACK;XIREC;10020.0;5
221900;Mark 38;SUBMISSION;HYDROGEL_PACK;XIREC;10035.0;5
222300;Mark 38;SUBMISSION;HYDROGEL_PACK;XIREC;10034.0;2
222400;Mark 01;Mark 22;VEV_5200;XIREC;71.0;2
222400;Mark 01;Mark 22;VEV_5300;XIREC;29.0;2
222400;Mark 01;Mark 22;VEV_5400;XIREC;8.0;2
222400;Mark 01;Mark 22;VEV_5500;XIREC;2.0;2
222400;Mark 01;Mark 22;VEV_6000;XIREC;0.0;2
222400;Mark 01;Mark 22;VEV_6500;XIREC;0.0;2
224400;Mark 55;Mark 14;VELVETFRUIT_EXTRACT;XIREC;5231.0;4
225000;Mark 55;Mark 14;VELVETFRUIT_EXTRACT;XIREC;5232.0;7
226700;SUBMISSION;;HYDROGEL_PACK;XIREC;9997.0;3
226800;SUBMISSION;;HYDROGEL_PACK;XIREC;9996.0;6
226900;SUBMISSION;;HYDROGEL_PACK;XIREC;9997.0;3
227000;SUBMISSION;;HYDROGEL_PACK;XIREC;9997.0;3
227100;SUBMISSION;;HYDROGEL_PACK;XIREC;9995.0;8
227200;SUBMISSION;;HYDROGEL_PACK;XIREC;9994.0;10
227300;SUBMISSION;;HYDROGEL_PACK;XIREC;9993.0;10
227300;SUBMISSION;;HYDROGEL_PACK;XIREC;9996.0;3
227400;SUBMISSION;;HYDROGEL_PACK;XIREC;9997.0;3
227500;SUBMISSION;;HYDROGEL_PACK;XIREC;9997.0;3
227600;SUBMISSION;;HYDROGEL_PACK;XIREC;9995.0;8
227700;SUBMISSION;;HYDROGEL_PACK;XIREC;9993.0;13
227900;SUBMISSION;;HYDROGEL_PACK;XIREC;9994.0;10
228000;SUBMISSION;;HYDROGEL_PACK;XIREC;9993.0;12
228000;SUBMISSION;;HYDROGEL_PACK;XIREC;9995.0;1
228100;SUBMISSION;;HYDROGEL_PACK;XIREC;9987.0;13
228100;SUBMISSION;;HYDROGEL_PACK;XIREC;9990.0;14
228200;SUBMISSION;;HYDROGEL_PACK;XIREC;9988.0;11
228200;SUBMISSION;;HYDROGEL_PACK;XIREC;9991.0;13
228300;SUBMISSION;;HYDROGEL_PACK;XIREC;9988.0;15
228300;SUBMISSION;;HYDROGEL_PACK;XIREC;9990.0;9
228400;SUBMISSION;;HYDROGEL_PACK;XIREC;9993.0;13
228500;SUBMISSION;;HYDROGEL_PACK;XIREC;9994.0;10
228600;SUBMISSION;;HYDROGEL_PACK;XIREC;9997.0;3
228700;SUBMISSION;;HYDROGEL_PACK;XIREC;9995.0;8
228800;SUBMISSION;;HYDROGEL_PACK;XIREC;9994.0;10
228900;SUBMISSION;;HYDROGEL_PACK;XIREC;9994.0;10
229000;SUBMISSION;;HYDROGEL_PACK;XIREC;9995.0;8
229100;SUBMISSION;;HYDROGEL_PACK;XIREC;9996.0;6
229200;SUBMISSION;;HYDROGEL_PACK;XIREC;9995.0;8
229300;SUBMISSION;;HYDROGEL_PACK;XIREC;9995.0;8
229400;SUBMISSION;;HYDROGEL_PACK;XIREC;9994.0;2
229500;Mark 14;Mark 55;VELVETFRUIT_EXTRACT;XIREC;5239.0;4
229500;Mark 38;Mark 14;VEV_4000;XIREC;1252.0;2
229600;SUBMISSION;;HYDROGEL_PACK;XIREC;9992.0;7
229700;SUBMISSION;;HYDROGEL_PACK;XIREC;9989.0;9
229800;SUBMISSION;;HYDROGEL_PACK;XIREC;9985.0;11
230100;SUBMISSION;;HYDROGEL_PACK;XIREC;9983.0;5
230300;SUBMISSION;Mark 38;HYDROGEL_PACK;XIREC;9973.0;5
230900;Mark 38;Mark 14;HYDROGEL_PACK;XIREC;9984.0;6
231300;SUBMISSION;Mark 38;HYDROGEL_PACK;XIREC;9969.0;3
231300;Mark 01;Mark 55;VELVETFRUIT_EXTRACT;XIREC;5238.0;7
233100;Mark 14;Mark 38;VEV_4000;XIREC;1222.0;3
233900;Mark 14;Mark 55;VELVETFRUIT_EXTRACT;XIREC;5233.0;8
234500;Mark 55;Mark 14;VELVETFRUIT_EXTRACT;XIREC;5238.0;4
234700;Mark 38;Mark 14;VEV_4000;XIREC;1244.0;2
235900;SUBMISSION;Mark 38;HYDROGEL_PACK;XIREC;9993.0;3
236100;Mark 01;Mark 55;VELVETFRUIT_EXTRACT;XIREC;5228.0;8
236300;SUBMISSION;Mark 38;HYDROGEL_PACK;XIREC;9995.0;4
237000;;SUBMISSION;HYDROGEL_PACK;XIREC;10006.0;1
237100;;SUBMISSION;HYDROGEL_PACK;XIREC;10007.0;3
237500;;SUBMISSION;HYDROGEL_PACK;XIREC;10007.0;3
237600;;SUBMISSION;HYDROGEL_PACK;XIREC;10010.0;10
237700;;SUBMISSION;HYDROGEL_PACK;XIREC;10012.0;14
237800;;SUBMISSION;HYDROGEL_PACK;XIREC;10014.0;10
237800;;SUBMISSION;HYDROGEL_PACK;XIREC;10012.0;9
237900;;SUBMISSION;HYDROGEL_PACK;XIREC;10011.0;10
237900;;SUBMISSION;HYDROGEL_PACK;XIREC;10009.0;3
238000;;SUBMISSION;HYDROGEL_PACK;XIREC;10008.0;5
238100;;SUBMISSION;HYDROGEL_PACK;XIREC;10009.0;7
238200;;SUBMISSION;HYDROGEL_PACK;XIREC;10008.0;5
238300;;SUBMISSION;HYDROGEL_PACK;XIREC;10006.0;1
239600;;SUBMISSION;HYDROGEL_PACK;XIREC;10007.0;3
239700;;SUBMISSION;HYDROGEL_PACK;XIREC;10011.0;13
239800;;SUBMISSION;HYDROGEL_PACK;XIREC;10011.0;12
239800;;SUBMISSION;HYDROGEL_PACK;XIREC;10009.0;1
239900;;SUBMISSION;HYDROGEL_PACK;XIREC;10012.0;12
239900;;SUBMISSION;HYDROGEL_PACK;XIREC;10010.0;3
240000;;SUBMISSION;HYDROGEL_PACK;XIREC;10013.0;11
240000;;SUBMISSION;HYDROGEL_PACK;XIREC;10010.0;6
240100;;SUBMISSION;HYDROGEL_PACK;XIREC;10013.0;14
240100;;SUBMISSION;HYDROGEL_PACK;XIREC;10011.0;3
240100;Mark 14;Mark 38;HYDROGEL_PACK;XIREC;10013.0;2
240200;;SUBMISSION;HYDROGEL_PACK;XIREC;10013.0;10
240200;;SUBMISSION;HYDROGEL_PACK;XIREC;10010.0;7
240300;;SUBMISSION;HYDROGEL_PACK;XIREC;10009.0;8
240400;;SUBMISSION;HYDROGEL_PACK;XIREC;10010.0;10
240500;;SUBMISSION;HYDROGEL_PACK;XIREC;10012.0;13
240500;;SUBMISSION;HYDROGEL_PACK;XIREC;10009.0;2
240600;;SUBMISSION;HYDROGEL_PACK;XIREC;10012.0;12
240600;;SUBMISSION;HYDROGEL_PACK;XIREC;10009.0;3
240700;;SUBMISSION;HYDROGEL_PACK;XIREC;10010.0;10
240700;Mark 14;Mark 38;VEV_4000;XIREC;1225.0;3
240800;;SUBMISSION;HYDROGEL_PACK;XIREC;10010.0;10
240900;;SUBMISSION;HYDROGEL_PACK;XIREC;10013.0;14
240900;;SUBMISSION;HYDROGEL_PACK;XIREC;10011.0;3
241000;;SUBMISSION;HYDROGEL_PACK;XIREC;10011.0;10
241000;;SUBMISSION;HYDROGEL_PACK;XIREC;10009.0;2
241200;;SUBMISSION;HYDROGEL_PACK;XIREC;10012.0;5
241200;Mark 14;Mark 38;VEV_4000;XIREC;1222.0;1
241600;;SUBMISSION;HYDROGEL_PACK;XIREC;10013.0;1
241700;;SUBMISSION;HYDROGEL_PACK;XIREC;10016.0;9
243700;Mark 01;Mark 22;VEV_5300;XIREC;31.0;2
243700;Mark 01;Mark 22;VEV_5400;XIREC;9.0;2
243700;Mark 01;Mark 22;VEV_5500;XIREC;2.0;2
243700;Mark 01;Mark 22;VEV_6000;XIREC;0.0;2
243700;Mark 01;Mark 22;VEV_6500;XIREC;0.0;2
243900;Mark 55;Mark 14;VELVETFRUIT_EXTRACT;XIREC;5239.0;3
245100;Mark 14;Mark 55;VELVETFRUIT_EXTRACT;XIREC;5229.0;8
245300;;SUBMISSION;HYDROGEL_PACK;XIREC;10018.0;5
245500;;SUBMISSION;HYDROGEL_PACK;XIREC;10019.0;2
245700;Mark 14;Mark 55;VELVETFRUIT_EXTRACT;XIREC;5232.0;3
245900;;SUBMISSION;HYDROGEL_PACK;XIREC;10023.0;11
247000;Mark 38;SUBMISSION;HYDROGEL_PACK;XIREC;10037.0;6
247900;;SUBMISSION;HYDROGEL_PACK;XIREC;10035.0;6
247900;;SUBMISSION;HYDROGEL_PACK;XIREC;10027.0;2
248100;Mark 55;Mark 14;VELVETFRUIT_EXTRACT;XIREC;5239.0;8
250200;Mark 01;Mark 22;VEV_5400;XIREC;9.0;5
250200;Mark 01;Mark 22;VEV_5500;XIREC;2.0;5
250200;Mark 01;Mark 22;VEV_6000;XIREC;0.0;5
250200;Mark 01;Mark 22;VEV_6500;XIREC;0.0;5
251400;Mark 01;Mark 55;VELVETFRUIT_EXTRACT;XIREC;5235.0;4
252100;Mark 55;Mark 01;VELVETFRUIT_EXTRACT;XIREC;5241.0;3
252700;Mark 38;Mark 14;VEV_4000;XIREC;1250.0;1
253400;Mark 14;Mark 22;VEV_5200;XIREC;80.0;5
253400;Mark 01;Mark 22;VEV_5500;XIREC;2.0;5
253400;Mark 01;Mark 22;VEV_6000;XIREC;0.0;5
253400;Mark 01;Mark 22;VEV_6500;XIREC;0.0;5
254000;Mark 67;Mark 22;VELVETFRUIT_EXTRACT;XIREC;5242.0;7
254300;Mark 67;Mark 49;VELVETFRUIT_EXTRACT;XIREC;5239.0;15
254800;Mark 14;Mark 38;HYDROGEL_PACK;XIREC;10031.0;4
254900;Mark 22;Mark 38;HYDROGEL_PACK;XIREC;10036.0;3
256400;Mark 14;Mark 38;HYDROGEL_PACK;XIREC;10032.0;4
258200;Mark 14;Mark 38;HYDROGEL_PACK;XIREC;10010.0;3
259200;Mark 38;SUBMISSION;HYDROGEL_PACK;XIREC;10022.0;4
259900;SUBMISSION;Mark 38;HYDROGEL_PACK;XIREC;10001.0;2
260600;Mark 14;Mark 55;VELVETFRUIT_EXTRACT;XIREC;5228.0;6
261600;SUBMISSION;Mark 38;HYDROGEL_PACK;XIREC;9996.0;6
261700;Mark 55;Mark 01;VELVETFRUIT_EXTRACT;XIREC;5231.0;4
262100;Mark 38;SUBMISSION;HYDROGEL_PACK;XIREC;10010.0;6
262500;Mark 55;Mark 14;VELVETFRUIT_EXTRACT;XIREC;5231.0;5
263200;Mark 14;Mark 38;VEV_4000;XIREC;1216.0;3
263400;Mark 55;Mark 01;VELVETFRUIT_EXTRACT;XIREC;5231.0;3
263500;Mark 55;Mark 14;VELVETFRUIT_EXTRACT;XIREC;5230.0;5
264000;Mark 67;Mark 49;VELVETFRUIT_EXTRACT;XIREC;5230.0;9
265900;SUBMISSION;Mark 38;HYDROGEL_PACK;XIREC;9983.0;6
266300;Mark 38;Mark 14;HYDROGEL_PACK;XIREC;10001.0;6
268100;Mark 38;Mark 14;VEV_4000;XIREC;1247.0;3
268500;Mark 14;Mark 55;VELVETFRUIT_EXTRACT;XIREC;5236.0;3
268800;Mark 38;SUBMISSION;HYDROGEL_PACK;XIREC;10004.0;2
269000;Mark 14;Mark 22;VEV_5200;XIREC;76.0;2
269000;Mark 14;Mark 22;VEV_5300;XIREC;32.0;2
269000;Mark 01;Mark 22;VEV_5400;XIREC;9.0;2
269000;Mark 01;Mark 22;VEV_5500;XIREC;2.0;2
269000;Mark 01;Mark 22;VEV_6000;XIREC;0.0;2
269000;Mark 01;Mark 22;VEV_6500;XIREC;0.0;2
270900;SUBMISSION;Mark 38;HYDROGEL_PACK;XIREC;9995.0;6
272300;Mark 01;Mark 55;VELVETFRUIT_EXTRACT;XIREC;5233.0;6
273400;Mark 01;Mark 22;VEV_5500;XIREC;2.0;5
273400;Mark 01;Mark 22;VEV_6000;XIREC;0.0;5
273400;Mark 01;Mark 22;VEV_6500;XIREC;0.0;5
276600;SUBMISSION;Mark 38;HYDROGEL_PACK;XIREC;10001.0;6
277600;Mark 22;Mark 55;VELVETFRUIT_EXTRACT;XIREC;5241.0;5
277800;SUBMISSION;Mark 38;HYDROGEL_PACK;XIREC;9991.0;6
281100;Mark 14;Mark 55;VELVETFRUIT_EXTRACT;XIREC;5237.0;8
281800;Mark 14;Mark 55;VELVETFRUIT_EXTRACT;XIREC;5237.0;4
281900;Mark 38;SUBMISSION;HYDROGEL_PACK;XIREC;10019.0;2
282100;Mark 01;Mark 55;VELVETFRUIT_EXTRACT;XIREC;5235.0;7
283900;Mark 01;Mark 55;VELVETFRUIT_EXTRACT;XIREC;5237.0;6
284300;;SUBMISSION;HYDROGEL_PACK;XIREC;10021.0;9
284600;Mark 14;Mark 55;VELVETFRUIT_EXTRACT;XIREC;5241.0;7
285600;;SUBMISSION;HYDROGEL_PACK;XIREC;10023.0;2
285600;Mark 67;Mark 22;VELVETFRUIT_EXTRACT;XIREC;5245.0;7
285700;;SUBMISSION;HYDROGEL_PACK;XIREC;10024.0;3
285700;Mark 14;Mark 55;VELVETFRUIT_EXTRACT;XIREC;5243.0;5
285800;;SUBMISSION;HYDROGEL_PACK;XIREC;10025.0;2
285900;;SUBMISSION;HYDROGEL_PACK;XIREC;10026.0;2
285900;Mark 55;Mark 14;VELVETFRUIT_EXTRACT;XIREC;5247.0;8
287000;Mark 01;Mark 55;VELVETFRUIT_EXTRACT;XIREC;5241.0;7
289400;Mark 01;Mark 22;VEV_5300;XIREC;31.0;2
289400;Mark 01;Mark 22;VEV_5400;XIREC;8.0;2
289400;Mark 01;Mark 22;VEV_5500;XIREC;2.0;2
289400;Mark 01;Mark 22;VEV_6000;XIREC;0.0;2
289400;Mark 01;Mark 22;VEV_6500;XIREC;0.0;2
289600;Mark 49;Mark 22;VELVETFRUIT_EXTRACT;XIREC;5234.0;6
290900;Mark 01;Mark 22;VEV_5300;XIREC;29.0;4
290900;Mark 01;Mark 22;VEV_5400;XIREC;8.0;4
290900;Mark 01;Mark 22;VEV_5500;XIREC;1.0;4
290900;Mark 01;Mark 22;VEV_6000;XIREC;0.0;4
290900;Mark 01;Mark 22;VEV_6500;XIREC;0.0;4
292600;Mark 55;Mark 01;VELVETFRUIT_EXTRACT;XIREC;5230.0;7
293300;Mark 14;Mark 55;VELVETFRUIT_EXTRACT;XIREC;5225.0;3
293400;Mark 01;Mark 55;VELVETFRUIT_EXTRACT;XIREC;5223.0;6
294300;Mark 67;Mark 22;VELVETFRUIT_EXTRACT;XIREC;5226.0;10
295400;Mark 01;Mark 55;VELVETFRUIT_EXTRACT;XIREC;5218.0;3
295600;Mark 55;Mark 01;VELVETFRUIT_EXTRACT;XIREC;5221.0;8
296200;Mark 38;SUBMISSION;HYDROGEL_PACK;XIREC;10032.0;6
296500;Mark 38;Mark 14;VEV_4000;XIREC;1232.0;3
298100;Mark 55;Mark 14;VELVETFRUIT_EXTRACT;XIREC;5225.0;5
298800;Mark 01;Mark 55;VELVETFRUIT_EXTRACT;XIREC;5217.0;7
302500;SUBMISSION;;HYDROGEL_PACK;XIREC;9999.0;1
302600;SUBMISSION;;HYDROGEL_PACK;XIREC;9999.0;1
302800;Mark 55;Mark 49;VELVETFRUIT_EXTRACT;XIREC;5224.0;3
303900;Mark 14;Mark 38;VEV_4000;XIREC;1210.0;3
305500;Mark 55;Mark 14;VELVETFRUIT_EXTRACT;XIREC;5226.0;8
306100;SUBMISSION;Mark 38;HYDROGEL_PACK;XIREC;10000.0;4
306300;Mark 55;Mark 01;VELVETFRUIT_EXTRACT;XIREC;5226.0;6
307500;SUBMISSION;;HYDROGEL_PACK;XIREC;9999.0;3
307700;SUBMISSION;;HYDROGEL_PACK;XIREC;10000.0;2
307800;SUBMISSION;;HYDROGEL_PACK;XIREC;9998.0;8
307900;SUBMISSION;;HYDROGEL_PACK;XIREC;10000.0;2
308000;SUBMISSION;;HYDROGEL_PACK;XIREC;9993.0;6
308000;SUBMISSION;;HYDROGEL_PACK;XIREC;10001.0;4
308700;SUBMISSION;;HYDROGEL_PACK;XIREC;10000.0;2
308900;SUBMISSION;;HYDROGEL_PACK;XIREC;9997.0;11
309000;SUBMISSION;;HYDROGEL_PACK;XIREC;9998.0;8
309000;Mark 14;Mark 55;VELVETFRUIT_EXTRACT;XIREC;5220.0;6
309100;SUBMISSION;;HYDROGEL_PACK;XIREC;9996.0;14
309200;SUBMISSION;;HYDROGEL_PACK;XIREC;9999.0;5
309400;SUBMISSION;;HYDROGEL_PACK;XIREC;9999.0;5
309500;SUBMISSION;;HYDROGEL_PACK;XIREC;9999.0;5
310200;SUBMISSION;;HYDROGEL_PACK;XIREC;9998.0;9
310300;SUBMISSION;;HYDROGEL_PACK;XIREC;9997.0;12
310300;Mark 55;Mark 14;VELVETFRUIT_EXTRACT;XIREC;5226.0;3
310400;SUBMISSION;;HYDROGEL_PACK;XIREC;9999.0;6
310500;SUBMISSION;;HYDROGEL_PACK;XIREC;9997.0;10
310500;SUBMISSION;;HYDROGEL_PACK;XIREC;9999.0;2
310600;SUBMISSION;;HYDROGEL_PACK;XIREC;9997.0;12
310600;Mark 38;Mark 14;HYDROGEL_PACK;XIREC;9997.0;5
310700;SUBMISSION;;HYDROGEL_PACK;XIREC;9992.0;13
310700;SUBMISSION;;HYDROGEL_PACK;XIREC;9995.0;13
310800;SUBMISSION;;HYDROGEL_PACK;XIREC;9991.0;12
310800;SUBMISSION;;HYDROGEL_PACK;XIREC;9994.0;16
310900;SUBMISSION;;HYDROGEL_PACK;XIREC;9995.0;14
310900;SUBMISSION;;HYDROGEL_PACK;XIREC;9998.0;3
310900;Mark 55;Mark 49;VELVETFRUIT_EXTRACT;XIREC;5226.0;3
311000;SUBMISSION;;HYDROGEL_PACK;XIREC;9995.0;14
311000;SUBMISSION;;HYDROGEL_PACK;XIREC;9998.0;3
311100;SUBMISSION;;HYDROGEL_PACK;XIREC;9994.0;14
311100;SUBMISSION;;HYDROGEL_PACK;XIREC;9997.0;6
311200;SUBMISSION;;HYDROGEL_PACK;XIREC;9994.0;15
311200;SUBMISSION;;HYDROGEL_PACK;XIREC;9996.0;5
311300;SUBMISSION;;HYDROGEL_PACK;XIREC;9994.0;12
311300;SUBMISSION;;HYDROGEL_PACK;XIREC;9996.0;8
311400;SUBMISSION;;HYDROGEL_PACK;XIREC;9994.0;11
311400;SUBMISSION;;HYDROGEL_PACK;XIREC;9997.0;1
311500;SUBMISSION;;HYDROGEL_PACK;XIREC;9993.0;4
311600;SUBMISSION;;HYDROGEL_PACK;XIREC;9991.0;7
311700;SUBMISSION;;HYDROGEL_PACK;XIREC;9989.0;7
312000;SUBMISSION;Mark 38;HYDROGEL_PACK;XIREC;9979.0;3
312800;SUBMISSION;Mark 38;HYDROGEL_PACK;XIREC;9975.0;5
314800;Mark 38;Mark 14;HYDROGEL_PACK;XIREC;9995.0;2
315800;Mark 01;Mark 22;VEV_5300;XIREC;28.0;3
315800;Mark 01;Mark 22;VEV_5400;XIREC;7.0;3
315800;Mark 01;Mark 22;VEV_5500;XIREC;1.0;3
315800;Mark 01;Mark 22;VEV_6000;XIREC;0.0;3
315800;Mark 01;Mark 22;VEV_6500;XIREC;0.0;3
317100;Mark 14;Mark 55;VELVETFRUIT_EXTRACT;XIREC;5224.0;6
317200;Mark 01;Mark 22;VEV_5300;XIREC;28.0;4
317200;Mark 01;Mark 22;VEV_5400;XIREC;7.0;4
317200;Mark 01;Mark 22;VEV_5500;XIREC;1.0;4
317200;Mark 01;Mark 22;VEV_6000;XIREC;0.0;4
317200;Mark 01;Mark 22;VEV_6500;XIREC;0.0;4
318600;Mark 55;Mark 01;VELVETFRUIT_EXTRACT;XIREC;5228.0;4
319100;Mark 14;Mark 38;VEV_4000;XIREC;1213.0;3
319400;Mark 14;Mark 55;VELVETFRUIT_EXTRACT;XIREC;5222.0;5
319500;SUBMISSION;;HYDROGEL_PACK;XIREC;9983.0;8
319700;Mark 01;Mark 22;VEV_5300;XIREC;27.0;2
319700;Mark 01;Mark 22;VEV_5400;XIREC;7.0;2
319700;Mark 01;Mark 22;VEV_5500;XIREC;1.0;2
319700;Mark 01;Mark 22;VEV_6000;XIREC;0.0;2
319700;Mark 01;Mark 22;VEV_6500;XIREC;0.0;2
319800;SUBMISSION;Mark 38;HYDROGEL_PACK;XIREC;9969.0;2
320200;Mark 55;Mark 01;VELVETFRUIT_EXTRACT;XIREC;5226.0;7
320200;Mark 01;Mark 22;VEV_5300;XIREC;27.0;4
320200;Mark 14;Mark 22;VEV_5400;XIREC;7.0;4
320200;Mark 01;Mark 22;VEV_5500;XIREC;1.0;4
320200;Mark 01;Mark 22;VEV_6000;XIREC;0.0;4
320200;Mark 01;Mark 22;VEV_6500;XIREC;0.0;4
321600;SUBMISSION;;HYDROGEL_PACK;XIREC;9978.0;2
321900;Mark 38;Mark 14;HYDROGEL_PACK;XIREC;9979.0;2
323300;Mark 55;Mark 01;VELVETFRUIT_EXTRACT;XIREC;5229.0;7
323600;SUBMISSION;Mark 38;HYDROGEL_PACK;XIREC;9966.0;2
323600;Mark 14;Mark 38;VEV_4000;XIREC;1218.0;1
326700;Mark 55;Mark 14;VELVETFRUIT_EXTRACT;XIREC;5235.0;3
326800;Mark 01;Mark 55;VELVETFRUIT_EXTRACT;XIREC;5229.0;8
328200;Mark 14;Mark 55;VELVETFRUIT_EXTRACT;XIREC;5227.0;3
328700;Mark 14;Mark 22;VEV_5200;XIREC;72.0;3
328700;Mark 01;Mark 22;VEV_5300;XIREC;29.0;3
328700;Mark 01;Mark 22;VEV_5400;XIREC;7.0;3
328700;Mark 01;Mark 22;VEV_5500;XIREC;1.0;3
328700;Mark 01;Mark 22;VEV_6000;XIREC;0.0;3
328700;Mark 01;Mark 22;VEV_6500;XIREC;0.0;3
329200;Mark 14;Mark 22;VEV_5200;XIREC;73.0;5
329200;Mark 14;Mark 22;VEV_5300;XIREC;30.0;5
329200;Mark 01;Mark 22;VEV_5500;XIREC;1.0;5
329200;Mark 01;Mark 22;VEV_6000;XIREC;0.0;5
329200;Mark 01;Mark 22;VEV_6500;XIREC;0.0;5
329600;Mark 38;Mark 14;HYDROGEL_PACK;XIREC;10000.0;2
330100;Mark 55;Mark 14;VELVETFRUIT_EXTRACT;XIREC;5241.0;3
330700;SUBMISSION;Mark 38;HYDROGEL_PACK;XIREC;9979.0;3
332000;Mark 14;Mark 55;VELVETFRUIT_EXTRACT;XIREC;5238.0;8
332600;Mark 01;Mark 22;VEV_5300;XIREC;32.0;2
332600;Mark 01;Mark 22;VEV_5400;XIREC;8.0;2
332600;Mark 01;Mark 22;VEV_5500;XIREC;2.0;2
332600;Mark 01;Mark 22;VEV_6000;XIREC;0.0;2
332600;Mark 01;Mark 22;VEV_6500;XIREC;0.0;2
332700;SUBMISSION;Mark 38;HYDROGEL_PACK;XIREC;9987.0;5
332800;Mark 14;Mark 55;VELVETFRUIT_EXTRACT;XIREC;5235.0;6
332900;Mark 38;Mark 14;VEV_4000;XIREC;1247.0;3
333600;Mark 14;Mark 55;VELVETFRUIT_EXTRACT;XIREC;5232.0;6
334800;Mark 38;Mark 14;HYDROGEL_PACK;XIREC;10000.0;6
334800;Mark 38;Mark 14;VEV_4000;XIREC;1247.0;2
336500;;SUBMISSION;HYDROGEL_PACK;XIREC;10007.0;5
336600;;SUBMISSION;HYDROGEL_PACK;XIREC;10006.0;3
336700;;SUBMISSION;HYDROGEL_PACK;XIREC;10006.0;3
336800;;SUBMISSION;HYDROGEL_PACK;XIREC;10007.0;5
336900;;SUBMISSION;HYDROGEL_PACK;XIREC;10007.0;6
337000;;SUBMISSION;HYDROGEL_PACK;XIREC;10009.0;10
337100;;SUBMISSION;HYDROGEL_PACK;XIREC;10010.0;13
337200;;SUBMISSION;HYDROGEL_PACK;XIREC;10010.0;13
337300;;SUBMISSION;HYDROGEL_PACK;XIREC;10010.0;11
337300;;SUBMISSION;HYDROGEL_PACK;XIREC;10008.0;2
337400;;SUBMISSION;HYDROGEL_PACK;XIREC;10012.0;11
337400;;SUBMISSION;HYDROGEL_PACK;XIREC;10009.0;7
337500;;SUBMISSION;HYDROGEL_PACK;XIREC;10015.0;13
337500;;SUBMISSION;HYDROGEL_PACK;XIREC;10013.0;12
337600;;SUBMISSION;HYDROGEL_PACK;XIREC;10016.0;11
337600;;SUBMISSION;HYDROGEL_PACK;XIREC;10013.0;17
337700;;SUBMISSION;HYDROGEL_PACK;XIREC;10020.0;11
337700;;SUBMISSION;HYDROGEL_PACK;XIREC;10017.0;21
337800;;SUBMISSION;HYDROGEL_PACK;XIREC;10019.0;15
337800;;SUBMISSION;HYDROGEL_PACK;XIREC;10017.0;20
337900;;SUBMISSION;HYDROGEL_PACK;XIREC;10018.0;14
337900;;SUBMISSION;HYDROGEL_PACK;XIREC;10016.0;18
338000;;SUBMISSION;HYDROGEL_PACK;XIREC;10020.0;11
338000;;SUBMISSION;HYDROGEL_PACK;XIREC;10017.0;26
338100;;SUBMISSION;HYDROGEL_PACK;XIREC;10019.0;14
338100;;SUBMISSION;HYDROGEL_PACK;XIREC;10017.0;20
339000;Mark 14;Mark 38;HYDROGEL_PACK;XIREC;10017.0;3
339100;;SUBMISSION;HYDROGEL_PACK;XIREC;10020.0;3
339800;Mark 38;Mark 14;VEV_4000;XIREC;1240.0;1
339900;Mark 01;Mark 55;VELVETFRUIT_EXTRACT;XIREC;5228.0;3
341900;;SUBMISSION;HYDROGEL_PACK;XIREC;10022.0;5
342000;;SUBMISSION;HYDROGEL_PACK;XIREC;10023.0;2
342100;;SUBMISSION;HYDROGEL_PACK;XIREC;10024.0;3
342700;;SUBMISSION;HYDROGEL_PACK;XIREC;10028.0;8
342900;;SUBMISSION;HYDROGEL_PACK;XIREC;10030.0;1
344400;Mark 38;Mark 14;VEV_4000;XIREC;1239.0;1
344800;Mark 38;SUBMISSION;HYDROGEL_PACK;XIREC;10040.0;6
345900;Mark 38;Mark 14;VEV_4000;XIREC;1240.0;2
346200;Mark 14;Mark 38;HYDROGEL_PACK;XIREC;10021.0;2
346200;Mark 01;Mark 22;VEV_5400;XIREC;7.0;3
346200;Mark 01;Mark 22;VEV_5500;XIREC;1.0;3
346200;Mark 01;Mark 22;VEV_6000;XIREC;0.0;3
346200;Mark 01;Mark 22;VEV_6500;XIREC;0.0;3
346900;Mark 01;Mark 55;VELVETFRUIT_EXTRACT;XIREC;5221.0;3
347100;Mark 38;SUBMISSION;HYDROGEL_PACK;XIREC;10044.0;5
349100;Mark 67;Mark 22;VELVETFRUIT_EXTRACT;XIREC;5220.0;6
349700;Mark 38;SUBMISSION;HYDROGEL_PACK;XIREC;10039.0;2
350300;Mark 14;Mark 22;VEV_5200;XIREC;68.0;4
350300;Mark 01;Mark 22;VEV_5300;XIREC;27.0;4
350300;Mark 01;Mark 22;VEV_5500;XIREC;1.0;4
350300;Mark 01;Mark 22;VEV_6000;XIREC;0.0;4
350300;Mark 01;Mark 22;VEV_6500;XIREC;0.0;4
352000;Mark 67;Mark 49;VELVETFRUIT_EXTRACT;XIREC;5221.0;9
357500;Mark 67;Mark 49;VELVETFRUIT_EXTRACT;XIREC;5216.0;11
358100;Mark 38;SUBMISSION;HYDROGEL_PACK;XIREC;10042.0;3
358100;Mark 14;Mark 38;VEV_4000;XIREC;1206.0;1
360100;Mark 14;Mark 38;HYDROGEL_PACK;XIREC;10022.0;3
360300;Mark 55;Mark 01;VELVETFRUIT_EXTRACT;XIREC;5219.0;5
361700;Mark 38;SUBMISSION;HYDROGEL_PACK;XIREC;10035.0;3
362400;Mark 38;Mark 14;VEV_4000;XIREC;1229.0;3
363100;Mark 01;Mark 22;VEV_5200;XIREC;68.0;2
363100;Mark 01;Mark 22;VEV_5300;XIREC;27.0;2
363100;Mark 01;Mark 22;VEV_5400;XIREC;6.0;2
363100;Mark 01;Mark 22;VEV_5500;XIREC;1.0;2
363100;Mark 01;Mark 22;VEV_6000;XIREC;0.0;2
363100;Mark 01;Mark 22;VEV_6500;XIREC;0.0;2
363400;Mark 55;Mark 14;VELVETFRUIT_EXTRACT;XIREC;5228.0;8
363700;Mark 38;SUBMISSION;HYDROGEL_PACK;XIREC;10033.0;3
364600;Mark 14;Mark 55;VELVETFRUIT_EXTRACT;XIREC;5221.0;6
364700;Mark 01;Mark 22;VEV_5300;XIREC;27.0;3
364700;Mark 01;Mark 22;VEV_5400;XIREC;6.0;3
364700;Mark 01;Mark 22;VEV_5500;XIREC;1.0;3
364700;Mark 01;Mark 22;VEV_6000;XIREC;0.0;3
364700;Mark 01;Mark 22;VEV_6500;XIREC;0.0;3
366200;Mark 38;SUBMISSION;HYDROGEL_PACK;XIREC;10045.0;4
366700;Mark 38;SUBMISSION;HYDROGEL_PACK;XIREC;10045.0;3
367300;Mark 55;Mark 14;VELVETFRUIT_EXTRACT;XIREC;5228.0;5
367700;Mark 55;Mark 14;VELVETFRUIT_EXTRACT;XIREC;5230.0;4
368400;Mark 14;Mark 38;HYDROGEL_PACK;XIREC;10031.0;3
368900;Mark 14;Mark 38;HYDROGEL_PACK;XIREC;10026.0;5
369300;Mark 55;Mark 14;VELVETFRUIT_EXTRACT;XIREC;5231.0;5
369800;Mark 14;Mark 22;VEV_5200;XIREC;70.0;5
369800;Mark 01;Mark 22;VEV_5300;XIREC;28.0;5
369800;Mark 01;Mark 22;VEV_5400;XIREC;7.0;5
369800;Mark 01;Mark 22;VEV_5500;XIREC;1.0;5
369800;Mark 01;Mark 22;VEV_6000;XIREC;0.0;5
369800;Mark 01;Mark 22;VEV_6500;XIREC;0.0;5
370100;Mark 22;Mark 38;VEV_4000;XIREC;1226.0;3
370100;Mark 22;Mark 38;VEV_4500;XIREC;726.0;3
370100;Mark 22;Mark 38;VEV_5000;XIREC;229.0;3
370100;Mark 22;Mark 38;VEV_5100;XIREC;139.0;3
370100;Mark 22;Mark 38;VEV_5200;XIREC;69.0;3
370100;Mark 22;Mark 38;VEV_5300;XIREC;28.0;3
370200;Mark 14;Mark 38;HYDROGEL_PACK;XIREC;10028.0;4
370900;Mark 14;Mark 38;HYDROGEL_PACK;XIREC;10030.0;3
371300;Mark 55;Mark 14;VELVETFRUIT_EXTRACT;XIREC;5233.0;6
371900;Mark 01;Mark 55;VELVETFRUIT_EXTRACT;XIREC;5229.0;4
372800;Mark 55;Mark 14;VELVETFRUIT_EXTRACT;XIREC;5235.0;4
373000;Mark 01;Mark 55;VELVETFRUIT_EXTRACT;XIREC;5229.0;6
373200;Mark 14;Mark 38;VEV_4000;XIREC;1224.0;3
376000;Mark 01;Mark 55;VELVETFRUIT_EXTRACT;XIREC;5235.0;8
376200;Mark 14;Mark 55;VELVETFRUIT_EXTRACT;XIREC;5233.0;4
377800;Mark 14;Mark 38;HYDROGEL_PACK;XIREC;10034.0;5
378400;Mark 14;Mark 55;VELVETFRUIT_EXTRACT;XIREC;5239.0;7
379400;Mark 14;Mark 38;VEV_4000;XIREC;1234.0;1
380200;Mark 38;SUBMISSION;HYDROGEL_PACK;XIREC;10033.0;2
380200;Mark 38;Mark 14;HYDROGEL_PACK;XIREC;10034.0;4
380200;Mark 55;Mark 01;VELVETFRUIT_EXTRACT;XIREC;5247.0;5
380700;Mark 55;Mark 14;VELVETFRUIT_EXTRACT;XIREC;5249.0;3
381000;Mark 14;Mark 38;HYDROGEL_PACK;XIREC;10020.0;3
382600;Mark 55;Mark 01;VELVETFRUIT_EXTRACT;XIREC;5254.0;5
385400;Mark 01;Mark 22;VEV_5300;XIREC;32.0;4
385400;Mark 01;Mark 22;VEV_5400;XIREC;8.0;4
385400;Mark 01;Mark 22;VEV_5500;XIREC;2.0;4
385400;Mark 01;Mark 22;VEV_6000;XIREC;0.0;4
385400;Mark 01;Mark 22;VEV_6500;XIREC;0.0;4
386400;Mark 14;Mark 38;HYDROGEL_PACK;XIREC;10006.0;5
387000;Mark 55;Mark 14;VELVETFRUIT_EXTRACT;XIREC;5246.0;4
389100;Mark 01;Mark 22;VEV_5300;XIREC;32.0;2
389100;Mark 01;Mark 22;VEV_5400;XIREC;8.0;2
389100;Mark 01;Mark 22;VEV_5500;XIREC;2.0;2
389100;Mark 01;Mark 22;VEV_6000;XIREC;0.0;2
389100;Mark 01;Mark 22;VEV_6500;XIREC;0.0;2
389200;Mark 14;Mark 38;HYDROGEL_PACK;XIREC;10006.0;2
389300;Mark 38;Mark 14;VEV_4000;XIREC;1250.0;3
389800;Mark 01;Mark 55;VELVETFRUIT_EXTRACT;XIREC;5242.0;5
390200;SUBMISSION;Mark 38;HYDROGEL_PACK;XIREC;9997.0;2
390600;SUBMISSION;Mark 38;HYDROGEL_PACK;XIREC;10001.0;6
391200;Mark 14;Mark 38;HYDROGEL_PACK;XIREC;10003.0;2
391400;Mark 01;Mark 22;VEV_5300;XIREC;34.0;4
391400;Mark 01;Mark 22;VEV_5400;XIREC;9.0;4
391400;Mark 01;Mark 22;VEV_5500;XIREC;2.0;4
391400;Mark 01;Mark 22;VEV_6000;XIREC;0.0;4
391400;Mark 01;Mark 22;VEV_6500;XIREC;0.0;4
391700;Mark 38;SUBMISSION;HYDROGEL_PACK;XIREC;10025.0;4
391900;Mark 14;Mark 38;HYDROGEL_PACK;XIREC;10010.0;4
392500;Mark 38;Mark 14;VEV_4000;XIREC;1258.0;1
394800;Mark 14;Mark 38;HYDROGEL_PACK;XIREC;10007.0;6
395400;Mark 38;Mark 14;VEV_4000;XIREC;1259.0;3
395500;Mark 38;SUBMISSION;HYDROGEL_PACK;XIREC;10030.0;3
396000;Mark 14;Mark 22;VEV_5200;XIREC;85.0;4
396000;Mark 01;Mark 22;VEV_5400;XIREC;10.0;4
396000;Mark 01;Mark 22;VEV_5500;XIREC;2.0;4
396000;Mark 01;Mark 22;VEV_6000;XIREC;0.0;4
396000;Mark 01;Mark 22;VEV_6500;XIREC;0.0;4
396500;Mark 38;SUBMISSION;HYDROGEL_PACK;XIREC;10017.0;2
396500;Mark 38;Mark 22;HYDROGEL_PACK;XIREC;10018.0;3
396700;Mark 38;Mark 14;VEV_4000;XIREC;1263.0;3
397000;Mark 38;SUBMISSION;HYDROGEL_PACK;XIREC;10026.0;2
397100;Mark 38;SUBMISSION;HYDROGEL_PACK;XIREC;10027.0;1
397100;Mark 38;Mark 14;HYDROGEL_PACK;XIREC;10028.0;4
397200;Mark 55;Mark 01;VELVETFRUIT_EXTRACT;XIREC;5255.0;5
397300;Mark 38;Mark 14;VEV_4000;XIREC;1262.0;1
397900;Mark 38;Mark 14;VEV_4000;XIREC;1262.0;2
398500;Mark 14;Mark 38;HYDROGEL_PACK;XIREC;10015.0;6
398900;Mark 55;Mark 14;VELVETFRUIT_EXTRACT;XIREC;5253.0;6
399000;Mark 14;Mark 55;VELVETFRUIT_EXTRACT;XIREC;5248.0;5
399000;Mark 14;Mark 38;VEV_4000;XIREC;1240.0;1
399600;Mark 01;Mark 55;VELVETFRUIT_EXTRACT;XIREC;5252.0;6
399800;Mark 14;Mark 55;VELVETFRUIT_EXTRACT;XIREC;5251.0;6
400200;Mark 38;SUBMISSION;HYDROGEL_PACK;XIREC;10022.0;1
400200;Mark 38;Mark 14;HYDROGEL_PACK;XIREC;10023.0;2
402000;Mark 14;Mark 38;VEV_4000;XIREC;1241.0;3
404000;Mark 14;Mark 55;VELVETFRUIT_EXTRACT;XIREC;5248.0;6
404300;SUBMISSION;Mark 38;HYDROGEL_PACK;XIREC;9994.0;6
404400;SUBMISSION;;HYDROGEL_PACK;XIREC;9999.0;4
405400;Mark 67;Mark 22;VELVETFRUIT_EXTRACT;XIREC;5241.0;8
406000;SUBMISSION;;HYDROGEL_PACK;XIREC;9994.0;1
406500;Mark 67;Mark 49;VELVETFRUIT_EXTRACT;XIREC;5236.0;14
406800;Mark 38;Mark 14;HYDROGEL_PACK;XIREC;10002.0;6
406900;Mark 14;Mark 38;VEV_4000;XIREC;1225.0;1
409100;SUBMISSION;;HYDROGEL_PACK;XIREC;9995.0;1
409100;SUBMISSION;Mark 38;HYDROGEL_PACK;XIREC;9980.0;3
409300;SUBMISSION;;HYDROGEL_PACK;XIREC;9991.0;1
409700;Mark 14;Mark 55;VELVETFRUIT_EXTRACT;XIREC;5232.0;4
409800;SUBMISSION;;HYDROGEL_PACK;XIREC;9993.0;5
409900;SUBMISSION;;HYDROGEL_PACK;XIREC;9994.0;3
410000;SUBMISSION;;HYDROGEL_PACK;XIREC;9992.0;7
410100;SUBMISSION;;HYDROGEL_PACK;XIREC;9987.0;11
410100;SUBMISSION;;HYDROGEL_PACK;XIREC;9990.0;5
410200;SUBMISSION;;HYDROGEL_PACK;XIREC;9985.0;13
410200;SUBMISSION;;HYDROGEL_PACK;XIREC;9987.0;7
410300;SUBMISSION;;HYDROGEL_PACK;XIREC;9984.0;10
410300;SUBMISSION;;HYDROGEL_PACK;XIREC;9986.0;12
410400;SUBMISSION;;HYDROGEL_PACK;XIREC;9984.0;11
410400;SUBMISSION;;HYDROGEL_PACK;XIREC;9986.0;11
410500;SUBMISSION;;HYDROGEL_PACK;XIREC;9981.0;12
410500;SUBMISSION;;HYDROGEL_PACK;XIREC;9984.0;15
410600;SUBMISSION;;HYDROGEL_PACK;XIREC;9982.0;13
410600;SUBMISSION;;HYDROGEL_PACK;XIREC;9984.0;12
410700;SUBMISSION;;HYDROGEL_PACK;XIREC;9981.0;10
410700;SUBMISSION;;HYDROGEL_PACK;XIREC;9984.0;17
410800;SUBMISSION;;HYDROGEL_PACK;XIREC;9980.0;10
410800;SUBMISSION;;HYDROGEL_PACK;XIREC;9982.0;19
410800;Mark 14;Mark 38;VEV_4000;XIREC;1223.0;1
410900;SUBMISSION;;HYDROGEL_PACK;XIREC;9981.0;15
410900;SUBMISSION;;HYDROGEL_PACK;XIREC;9983.0;12
411000;SUBMISSION;;HYDROGEL_PACK;XIREC;9982.0;11
411000;SUBMISSION;;HYDROGEL_PACK;XIREC;9985.0;14
411100;SUBMISSION;;HYDROGEL_PACK;XIREC;9984.0;15
411100;SUBMISSION;;HYDROGEL_PACK;XIREC;9987.0;6
411200;SUBMISSION;;HYDROGEL_PACK;XIREC;9986.0;13
411200;SUBMISSION;;HYDROGEL_PACK;XIREC;9988.0;4
411300;SUBMISSION;;HYDROGEL_PACK;XIREC;9987.0;8
411800;Mark 14;Mark 55;VELVETFRUIT_EXTRACT;XIREC;5229.0;3
417100;Mark 38;SUBMISSION;HYDROGEL_PACK;XIREC;10012.0;4
418200;Mark 55;Mark 01;VELVETFRUIT_EXTRACT;XIREC;5229.0;6
418800;;SUBMISSION;HYDROGEL_PACK;XIREC;10008.0;2
418900;;SUBMISSION;HYDROGEL_PACK;XIREC;10008.0;2
419000;;SUBMISSION;HYDROGEL_PACK;XIREC;10011.0;9
419100;;SUBMISSION;HYDROGEL_PACK;XIREC;10013.0;10
419100;;SUBMISSION;HYDROGEL_PACK;XIREC;10010.0;3
419200;;SUBMISSION;HYDROGEL_PACK;XIREC;10013.0;10
419200;;SUBMISSION;HYDROGEL_PACK;XIREC;10010.0;3
419200;Mark 14;Mark 38;HYDROGEL_PACK;XIREC;10013.0;2
419300;;SUBMISSION;HYDROGEL_PACK;XIREC;10014.0;10
419300;;SUBMISSION;HYDROGEL_PACK;XIREC;10012.0;5
419400;;SUBMISSION;HYDROGEL_PACK;XIREC;10014.0;11
419400;;SUBMISSION;HYDROGEL_PACK;XIREC;10011.0;4
419500;;SUBMISSION;HYDROGEL_PACK;XIREC;10016.0;10
419500;;SUBMISSION;HYDROGEL_PACK;XIREC;10014.0;9
419600;;SUBMISSION;HYDROGEL_PACK;XIREC;10016.0;13
419600;;SUBMISSION;HYDROGEL_PACK;XIREC;10014.0;6
419700;;SUBMISSION;HYDROGEL_PACK;XIREC;10016.0;15
419700;;SUBMISSION;HYDROGEL_PACK;XIREC;10014.0;4
419800;;SUBMISSION;HYDROGEL_PACK;XIREC;10015.0;13
419800;;SUBMISSION;HYDROGEL_PACK;XIREC;10013.0;4
419900;;SUBMISSION;HYDROGEL_PACK;XIREC;10012.0;11
420000;;SUBMISSION;HYDROGEL_PACK;XIREC;10012.0;10
420000;;SUBMISSION;HYDROGEL_PACK;XIREC;10009.0;1
420100;;SUBMISSION;HYDROGEL_PACK;XIREC;10010.0;6
420200;;SUBMISSION;HYDROGEL_PACK;XIREC;10012.0;11
420300;;SUBMISSION;HYDROGEL_PACK;XIREC;10009.0;4
420300;Mark 38;Mark 14;VEV_4000;XIREC;1241.0;1
420400;;SUBMISSION;HYDROGEL_PACK;XIREC;10009.0;4
420500;;SUBMISSION;HYDROGEL_PACK;XIREC;10010.0;7
420600;;SUBMISSION;HYDROGEL_PACK;XIREC;10017.0;7
420600;;SUBMISSION;HYDROGEL_PACK;XIREC;10009.0;6
420700;;SUBMISSION;HYDROGEL_PACK;XIREC;10008.0;2
420800;;SUBMISSION;HYDROGEL_PACK;XIREC;10008.0;2
420900;;SUBMISSION;HYDROGEL_PACK;XIREC;10008.0;2
421000;;SUBMISSION;HYDROGEL_PACK;XIREC;10010.0;7
421300;;SUBMISSION;HYDROGEL_PACK;XIREC;10016.0;4
421300;;SUBMISSION;HYDROGEL_PACK;XIREC;10009.0;3
422800;Mark 14;Mark 38;VEV_4000;XIREC;1219.0;1
423200;;SUBMISSION;HYDROGEL_PACK;XIREC;10013.0;1
423300;;SUBMISSION;HYDROGEL_PACK;XIREC;10015.0;6
423400;;SUBMISSION;HYDROGEL_PACK;XIREC;10016.0;2
423700;;SUBMISSION;HYDROGEL_PACK;XIREC;10018.0;5
423800;;SUBMISSION;HYDROGEL_PACK;XIREC;10021.0;8
423900;;SUBMISSION;HYDROGEL_PACK;XIREC;10021.0;1
424000;;SUBMISSION;HYDROGEL_PACK;XIREC;10023.0;4
424000;Mark 38;SUBMISSION;HYDROGEL_PACK;XIREC;10038.0;4
424300;;SUBMISSION;HYDROGEL_PACK;XIREC;10027.0;5
425700;;SUBMISSION;HYDROGEL_PACK;XIREC;10032.0;8
425800;;SUBMISSION;HYDROGEL_PACK;XIREC;10033.0;2
425900;;SUBMISSION;HYDROGEL_PACK;XIREC;10034.0;1
426600;Mark 55;Mark 14;VELVETFRUIT_EXTRACT;XIREC;5220.0;6
427800;Mark 38;Mark 14;VEV_4000;XIREC;1228.0;1
428600;Mark 14;Mark 38;VEV_4000;XIREC;1208.0;1
428900;Mark 14;Mark 22;VEV_5200;XIREC;65.0;5
428900;Mark 01;Mark 22;VEV_5300;XIREC;25.0;5
428900;Mark 01;Mark 22;VEV_5400;XIREC;6.0;5
428900;Mark 01;Mark 22;VEV_5500;XIREC;1.0;5
428900;Mark 01;Mark 22;VEV_6000;XIREC;0.0;5
428900;Mark 01;Mark 22;VEV_6500;XIREC;0.0;5
429300;Mark 55;Mark 14;VELVETFRUIT_EXTRACT;XIREC;5219.0;7
429500;Mark 55;Mark 14;VELVETFRUIT_EXTRACT;XIREC;5221.0;4
430100;Mark 55;Mark 01;VELVETFRUIT_EXTRACT;XIREC;5217.0;6
431900;Mark 01;Mark 22;VEV_5200;XIREC;63.0;5
431900;Mark 01;Mark 22;VEV_5300;XIREC;24.0;5
431900;Mark 01;Mark 22;VEV_5400;XIREC;5.0;5
431900;Mark 01;Mark 22;VEV_5500;XIREC;1.0;5
431900;Mark 01;Mark 22;VEV_6000;XIREC;0.0;5
431900;Mark 01;Mark 22;VEV_6500;XIREC;0.0;5
432800;Mark 55;Mark 01;VELVETFRUIT_EXTRACT;XIREC;5221.0;7
434200;Mark 14;Mark 38;VEV_4000;XIREC;1203.0;2
434400;Mark 38;SUBMISSION;HYDROGEL_PACK;XIREC;10032.0;4
436000;Mark 38;SUBMISSION;HYDROGEL_PACK;XIREC;10050.0;2
437400;Mark 55;Mark 14;VELVETFRUIT_EXTRACT;XIREC;5220.0;5
437500;Mark 55;Mark 14;VELVETFRUIT_EXTRACT;XIREC;5220.0;6
438800;Mark 38;SUBMISSION;HYDROGEL_PACK;XIREC;10050.0;6
439100;Mark 38;SUBMISSION;HYDROGEL_PACK;XIREC;10050.0;3
439700;Mark 14;Mark 55;VELVETFRUIT_EXTRACT;XIREC;5215.0;3
441900;Mark 55;Mark 14;VELVETFRUIT_EXTRACT;XIREC;5219.0;5
442200;Mark 01;Mark 22;VEV_5300;XIREC;23.0;2
442200;Mark 01;Mark 22;VEV_5400;XIREC;5.0;2
442200;Mark 01;Mark 22;VEV_5500;XIREC;1.0;2
442200;Mark 01;Mark 22;VEV_6000;XIREC;0.0;2
442200;Mark 01;Mark 22;VEV_6500;XIREC;0.0;2
442400;Mark 01;Mark 55;VELVETFRUIT_EXTRACT;XIREC;5213.0;6
442900;Mark 38;SUBMISSION;HYDROGEL_PACK;XIREC;10051.0;2
443100;Mark 67;Mark 49;VELVETFRUIT_EXTRACT;XIREC;5217.0;11
444100;Mark 01;Mark 55;VELVETFRUIT_EXTRACT;XIREC;5215.0;8
444500;Mark 55;Mark 01;VELVETFRUIT_EXTRACT;XIREC;5218.0;8
445000;Mark 14;Mark 55;VELVETFRUIT_EXTRACT;XIREC;5212.0;6
446100;Mark 38;SUBMISSION;HYDROGEL_PACK;XIREC;10053.0;2
446200;Mark 01;Mark 55;VELVETFRUIT_EXTRACT;XIREC;5209.0;7
448000;Mark 55;Mark 14;VELVETFRUIT_EXTRACT;XIREC;5210.0;4
450300;Mark 49;Mark 22;VELVETFRUIT_EXTRACT;XIREC;5214.0;10
450700;Mark 01;Mark 55;VELVETFRUIT_EXTRACT;XIREC;5210.0;6
451000;Mark 14;Mark 38;HYDROGEL_PACK;XIREC;10043.0;4
451300;Mark 38;SUBMISSION;HYDROGEL_PACK;XIREC;10052.0;6
451300;Mark 14;Mark 22;VEV_5300;XIREC;23.0;3
451300;Mark 01;Mark 22;VEV_5400;XIREC;5.0;3
451300;Mark 01;Mark 22;VEV_5500;XIREC;1.0;3
451300;Mark 01;Mark 22;VEV_6000;XIREC;0.0;3
451300;Mark 01;Mark 22;VEV_6500;XIREC;0.0;3
451600;Mark 14;Mark 38;HYDROGEL_PACK;XIREC;10040.0;2
452100;Mark 38;Mark 14;VEV_4000;XIREC;1218.0;1
452800;Mark 14;Mark 38;VEV_4000;XIREC;1201.0;1
453000;Mark 14;Mark 38;HYDROGEL_PACK;XIREC;10046.0;4
454000;Mark 55;Mark 01;VELVETFRUIT_EXTRACT;XIREC;5212.0;4
454100;Mark 14;Mark 55;VELVETFRUIT_EXTRACT;XIREC;5207.0;6
454500;Mark 14;Mark 55;VELVETFRUIT_EXTRACT;XIREC;5211.0;3
454900;Mark 38;SUBMISSION;HYDROGEL_PACK;XIREC;10067.0;2
456100;Mark 14;Mark 55;VELVETFRUIT_EXTRACT;XIREC;5210.0;3
456400;Mark 55;Mark 01;VELVETFRUIT_EXTRACT;XIREC;5217.0;6
456600;Mark 01;Mark 22;VEV_5300;XIREC;23.0;2
456600;Mark 01;Mark 22;VEV_5400;XIREC;5.0;2
456600;Mark 01;Mark 22;VEV_5500;XIREC;1.0;2
456600;Mark 01;Mark 22;VEV_6000;XIREC;0.0;2
456600;Mark 01;Mark 22;VEV_6500;XIREC;0.0;2
457800;Mark 55;Mark 14;VELVETFRUIT_EXTRACT;XIREC;5214.0;3
459700;Mark 14;Mark 38;HYDROGEL_PACK;XIREC;10073.0;4
459800;Mark 01;Mark 22;VEV_5300;XIREC;23.0;2
459800;Mark 01;Mark 22;VEV_5400;XIREC;5.0;2
459800;Mark 01;Mark 22;VEV_5500;XIREC;1.0;2
459800;Mark 01;Mark 22;VEV_6000;XIREC;0.0;2
459800;Mark 01;Mark 22;VEV_6500;XIREC;0.0;2
461400;Mark 38;SUBMISSION;HYDROGEL_PACK;XIREC;10079.0;4
462100;Mark 67;Mark 22;VELVETFRUIT_EXTRACT;XIREC;5212.0;9
465000;Mark 14;Mark 38;HYDROGEL_PACK;XIREC;10051.0;6
465500;Mark 14;Mark 38;VEV_4000;XIREC;1207.0;1
465600;Mark 38;SUBMISSION;HYDROGEL_PACK;XIREC;10065.0;3
465600;Mark 38;Mark 14;HYDROGEL_PACK;XIREC;10066.0;3
466400;Mark 14;Mark 38;HYDROGEL_PACK;XIREC;10050.0;3
466900;Mark 14;Mark 38;HYDROGEL_PACK;XIREC;10049.0;5
467300;Mark 14;Mark 55;VELVETFRUIT_EXTRACT;XIREC;5213.0;7
469100;Mark 01;Mark 55;VELVETFRUIT_EXTRACT;XIREC;5208.0;3
471200;Mark 38;Mark 14;VEV_4000;XIREC;1222.0;1
471700;Mark 14;Mark 55;VELVETFRUIT_EXTRACT;XIREC;5209.0;5
473400;Mark 38;SUBMISSION;HYDROGEL_PACK;XIREC;10060.0;2
473400;Mark 38;Mark 14;HYDROGEL_PACK;XIREC;10061.0;4
474600;Mark 14;Mark 38;HYDROGEL_PACK;XIREC;10041.0;4
476800;Mark 14;Mark 38;HYDROGEL_PACK;XIREC;10029.0;2
476900;Mark 14;Mark 38;HYDROGEL_PACK;XIREC;10028.0;4
477000;Mark 14;Mark 55;VELVETFRUIT_EXTRACT;XIREC;5210.0;5
478700;Mark 55;Mark 14;VELVETFRUIT_EXTRACT;XIREC;5220.0;4
480000;Mark 14;Mark 38;VEV_4000;XIREC;1207.0;1
480200;Mark 38;SUBMISSION;HYDROGEL_PACK;XIREC;10039.0;1
480200;Mark 38;Mark 14;HYDROGEL_PACK;XIREC;10040.0;4
481200;Mark 14;Mark 38;HYDROGEL_PACK;XIREC;10020.0;4
481700;Mark 38;Mark 14;VEV_4000;XIREC;1225.0;2
483900;Mark 01;Mark 22;VEV_5300;XIREC;22.0;3
483900;Mark 01;Mark 22;VEV_5500;XIREC;1.0;3
483900;Mark 01;Mark 22;VEV_6000;XIREC;0.0;3
483900;Mark 01;Mark 22;VEV_6500;XIREC;0.0;3
485400;Mark 55;Mark 01;VELVETFRUIT_EXTRACT;XIREC;5218.0;3
485500;Mark 01;Mark 22;VEV_5400;XIREC;5.0;2
485500;Mark 01;Mark 22;VEV_5500;XIREC;1.0;2
485500;Mark 01;Mark 22;VEV_6000;XIREC;0.0;2
485500;Mark 01;Mark 22;VEV_6500;XIREC;0.0;2
486800;Mark 38;Mark 14;HYDROGEL_PACK;XIREC;10059.0;4
489800;Mark 14;Mark 55;VELVETFRUIT_EXTRACT;XIREC;5210.0;8
489900;Mark 38;Mark 14;VEV_4000;XIREC;1222.0;3
490700;Mark 38;Mark 14;HYDROGEL_PACK;XIREC;10057.0;4
491400;Mark 38;Mark 14;VEV_4000;XIREC;1218.0;1
491500;Mark 14;Mark 38;VEV_4000;XIREC;1199.0;2
492500;Mark 38;Mark 14;VEV_4000;XIREC;1223.0;2
493200;Mark 01;Mark 55;VELVETFRUIT_EXTRACT;XIREC;5208.0;8
493700;Mark 55;Mark 14;VELVETFRUIT_EXTRACT;XIREC;5212.0;8
494100;Mark 55;Mark 14;VELVETFRUIT_EXTRACT;XIREC;5212.0;4
495400;Mark 38;Mark 14;HYDROGEL_PACK;XIREC;10052.0;4
496900;Mark 14;Mark 38;VEV_4000;XIREC;1197.0;2
497300;Mark 14;Mark 55;VELVETFRUIT_EXTRACT;XIREC;5203.0;7
497600;Mark 14;Mark 38;HYDROGEL_PACK;XIREC;10034.0;5
497700;Mark 55;Mark 14;VELVETFRUIT_EXTRACT;XIREC;5209.0;4
498100;Mark 14;Mark 38;HYDROGEL_PACK;XIREC;10037.0;5
498100;Mark 01;Mark 22;VEV_5300;XIREC;21.0;5
498100;Mark 01;Mark 22;VEV_5400;XIREC;4.0;5
498100;Mark 14;Mark 22;VEV_5500;XIREC;1.0;5
498100;Mark 01;Mark 22;VEV_6000;XIREC;0.0;5
498100;Mark 01;Mark 22;VEV_6500;XIREC;0.0;5
498800;Mark 14;Mark 55;VELVETFRUIT_EXTRACT;XIREC;5196.0;5
499000;Mark 01;Mark 55;VELVETFRUIT_EXTRACT;XIREC;5198.0;6
499800;Mark 14;Mark 38;HYDROGEL_PACK;XIREC;10032.0;2
503300;Mark 14;Mark 38;HYDROGEL_PACK;XIREC;10033.0;2
504500;Mark 38;Mark 14;HYDROGEL_PACK;XIREC;10054.0;6
505300;Mark 14;Mark 38;HYDROGEL_PACK;XIREC;10044.0;3
506200;Mark 14;Mark 55;VELVETFRUIT_EXTRACT;XIREC;5198.0;4
508300;Mark 55;Mark 14;VELVETFRUIT_EXTRACT;XIREC;5207.0;5
508400;Mark 55;Mark 14;VELVETFRUIT_EXTRACT;XIREC;5207.0;7
510600;Mark 38;Mark 14;VEV_4000;XIREC;1217.0;1
511000;Mark 38;Mark 14;VEV_4000;XIREC;1213.0;2
511400;Mark 14;Mark 38;HYDROGEL_PACK;XIREC;10038.0;6
511800;Mark 01;Mark 22;VEV_5200;XIREC;55.0;2
511800;Mark 01;Mark 22;VEV_5300;XIREC;20.0;2
511800;Mark 01;Mark 22;VEV_5400;XIREC;4.0;2
511800;Mark 01;Mark 22;VEV_5500;XIREC;0.0;2
511800;Mark 01;Mark 22;VEV_6000;XIREC;0.0;2
511800;Mark 01;Mark 22;VEV_6500;XIREC;0.0;2
512800;Mark 67;Mark 22;VELVETFRUIT_EXTRACT;XIREC;5203.0;9
516400;Mark 38;Mark 14;HYDROGEL_PACK;XIREC;10051.0;3
516400;Mark 01;Mark 22;VEV_5200;XIREC;60.0;4
516400;Mark 01;Mark 22;VEV_5400;XIREC;4.0;4
516400;Mark 01;Mark 22;VEV_5500;XIREC;1.0;4
516400;Mark 01;Mark 22;VEV_6000;XIREC;0.0;4
516400;Mark 01;Mark 22;VEV_6500;XIREC;0.0;4
517800;Mark 38;Mark 14;HYDROGEL_PACK;XIREC;10062.0;6
518200;Mark 14;Mark 55;VELVETFRUIT_EXTRACT;XIREC;5208.0;3
519500;Mark 14;Mark 38;HYDROGEL_PACK;XIREC;10052.0;6
519700;Mark 14;Mark 38;HYDROGEL_PACK;XIREC;10053.0;6
519700;Mark 55;Mark 14;VELVETFRUIT_EXTRACT;XIREC;5206.0;8
521700;Mark 55;Mark 01;VELVETFRUIT_EXTRACT;XIREC;5207.0;5
522900;Mark 55;Mark 14;VELVETFRUIT_EXTRACT;XIREC;5211.0;8
523200;Mark 55;Mark 01;VELVETFRUIT_EXTRACT;XIREC;5209.0;5
524000;Mark 01;Mark 22;VEV_5200;XIREC;57.0;2
524000;Mark 01;Mark 22;VEV_5300;XIREC;21.0;2
524000;Mark 01;Mark 22;VEV_5400;XIREC;4.0;2
524000;Mark 01;Mark 22;VEV_5500;XIREC;1.0;2
524000;Mark 01;Mark 22;VEV_6000;XIREC;0.0;2
524000;Mark 01;Mark 22;VEV_6500;XIREC;0.0;2
524900;Mark 01;Mark 55;VELVETFRUIT_EXTRACT;XIREC;5201.0;8
527400;Mark 38;Mark 14;HYDROGEL_PACK;XIREC;10045.0;3
528200;Mark 55;Mark 01;VELVETFRUIT_EXTRACT;XIREC;5205.0;4
529600;Mark 14;Mark 22;VEV_5300;XIREC;20.0;2
529600;Mark 01;Mark 22;VEV_5400;XIREC;4.0;2
529600;Mark 01;Mark 22;VEV_5500;XIREC;0.0;2
529600;Mark 01;Mark 22;VEV_6000;XIREC;0.0;2
529600;Mark 01;Mark 22;VEV_6500;XIREC;0.0;2
530300;Mark 01;Mark 55;VELVETFRUIT_EXTRACT;XIREC;5197.0;4
531500;Mark 01;Mark 22;VEV_5300;XIREC;20.0;2
531500;Mark 01;Mark 22;VEV_5400;XIREC;4.0;2
531500;Mark 01;Mark 22;VEV_5500;XIREC;0.0;2
531500;Mark 01;Mark 22;VEV_6000;XIREC;0.0;2
531500;Mark 01;Mark 22;VEV_6500;XIREC;0.0;2
531800;Mark 38;Mark 14;HYDROGEL_PACK;XIREC;10052.0;3
532400;Mark 01;Mark 55;VELVETFRUIT_EXTRACT;XIREC;5197.0;4
532800;Mark 55;Mark 14;VELVETFRUIT_EXTRACT;XIREC;5201.0;7
533800;Mark 38;Mark 14;HYDROGEL_PACK;XIREC;10029.0;5
534000;Mark 55;Mark 01;VELVETFRUIT_EXTRACT;XIREC;5196.0;4
534000;Mark 38;Mark 14;VEV_4000;XIREC;1203.0;2
534700;Mark 14;Mark 55;VELVETFRUIT_EXTRACT;XIREC;5190.0;5
534900;Mark 14;Mark 38;VEV_4000;XIREC;1182.0;3
535400;Mark 01;Mark 22;VEV_5300;XIREC;18.0;3
535400;Mark 01;Mark 22;VEV_5400;XIREC;3.0;3
535400;Mark 01;Mark 22;VEV_5500;XIREC;0.0;3
535400;Mark 01;Mark 22;VEV_6000;XIREC;0.0;3
535400;Mark 01;Mark 22;VEV_6500;XIREC;0.0;3
535600;Mark 14;Mark 38;VEV_4000;XIREC;1184.0;2
535900;Mark 01;Mark 22;VEV_5200;XIREC;52.0;3
535900;Mark 01;Mark 22;VEV_5300;XIREC;18.0;3
535900;Mark 01;Mark 22;VEV_5400;XIREC;3.0;3
535900;Mark 01;Mark 22;VEV_5500;XIREC;0.0;3
535900;Mark 01;Mark 22;VEV_6000;XIREC;0.0;3
535900;Mark 01;Mark 22;VEV_6500;XIREC;0.0;3
536400;Mark 14;Mark 38;HYDROGEL_PACK;XIREC;10019.0;6
539800;Mark 55;Mark 01;VELVETFRUIT_EXTRACT;XIREC;5204.0;3
540200;Mark 22;Mark 55;VELVETFRUIT_EXTRACT;XIREC;5200.0;3
540300;Mark 38;Mark 14;HYDROGEL_PACK;XIREC;10009.0;4
541100;Mark 22;Mark 38;HYDROGEL_PACK;XIREC;10002.0;6
541300;SUBMISSION;;HYDROGEL_PACK;XIREC;10004.0;7
541500;SUBMISSION;;HYDROGEL_PACK;XIREC;10001.0;5
542500;SUBMISSION;Mark 38;HYDROGEL_PACK;XIREC;9996.0;3
544900;SUBMISSION;Mark 38;HYDROGEL_PACK;XIREC;10001.0;6
545400;Mark 14;Mark 55;VELVETFRUIT_EXTRACT;XIREC;5200.0;5
547000;Mark 14;Mark 38;VEV_4000;XIREC;1195.0;1
547600;Mark 55;Mark 01;VELVETFRUIT_EXTRACT;XIREC;5210.0;4
547600;Mark 01;Mark 22;VEV_5400;XIREC;4.0;4
547600;Mark 01;Mark 22;VEV_5500;XIREC;1.0;4
547600;Mark 01;Mark 22;VEV_6000;XIREC;0.0;4
547600;Mark 01;Mark 22;VEV_6500;XIREC;0.0;4
551600;Mark 01;Mark 22;VEV_5300;XIREC;23.0;4
551600;Mark 01;Mark 22;VEV_5500;XIREC;1.0;4
551600;Mark 01;Mark 22;VEV_6000;XIREC;0.0;4
551600;Mark 01;Mark 22;VEV_6500;XIREC;0.0;4
551800;SUBMISSION;Mark 38;HYDROGEL_PACK;XIREC;9996.0;2
552500;Mark 14;Mark 55;VELVETFRUIT_EXTRACT;XIREC;5214.0;8
552700;Mark 14;Mark 38;VEV_4000;XIREC;1206.0;3
553500;Mark 14;Mark 38;VEV_4000;XIREC;1207.0;1
554500;Mark 55;Mark 14;VELVETFRUIT_EXTRACT;XIREC;5223.0;3
555100;Mark 14;Mark 22;VEV_5200;XIREC;67.0;5
555100;Mark 01;Mark 22;VEV_5300;XIREC;26.0;5
555100;Mark 01;Mark 22;VEV_5400;XIREC;5.0;5
555100;Mark 01;Mark 22;VEV_5500;XIREC;1.0;5
555100;Mark 01;Mark 22;VEV_6000;XIREC;0.0;5
555100;Mark 01;Mark 22;VEV_6500;XIREC;0.0;5
555200;Mark 14;Mark 55;VELVETFRUIT_EXTRACT;XIREC;5222.0;6
555500;Mark 38;SUBMISSION;HYDROGEL_PACK;XIREC;10005.0;4
555500;Mark 38;Mark 14;HYDROGEL_PACK;XIREC;10006.0;1
556400;Mark 01;Mark 22;VEV_5400;XIREC;5.0;5
556400;Mark 01;Mark 22;VEV_5500;XIREC;1.0;5
556400;Mark 01;Mark 22;VEV_6000;XIREC;0.0;5
556400;Mark 01;Mark 22;VEV_6500;XIREC;0.0;5
558600;Mark 38;Mark 14;VEV_4000;XIREC;1229.0;2
559400;Mark 01;Mark 55;VELVETFRUIT_EXTRACT;XIREC;5214.0;3
560300;Mark 55;Mark 14;VELVETFRUIT_EXTRACT;XIREC;5220.0;4
560900;Mark 67;Mark 22;VELVETFRUIT_EXTRACT;XIREC;5214.0;9
561000;Mark 01;Mark 55;VELVETFRUIT_EXTRACT;XIREC;5212.0;6
562200;Mark 55;Mark 14;VELVETFRUIT_EXTRACT;XIREC;5220.0;8
562500;Mark 55;Mark 01;VELVETFRUIT_EXTRACT;XIREC;5222.0;7
562900;Mark 55;Mark 01;VELVETFRUIT_EXTRACT;XIREC;5224.0;3
565100;Mark 55;Mark 14;VELVETFRUIT_EXTRACT;XIREC;5229.0;6
565600;Mark 01;Mark 22;VEV_5400;XIREC;6.0;4
565600;Mark 01;Mark 22;VEV_5500;XIREC;1.0;4
565600;Mark 01;Mark 22;VEV_6000;XIREC;0.0;4
565600;Mark 01;Mark 22;VEV_6500;XIREC;0.0;4
565700;Mark 38;Mark 14;HYDROGEL_PACK;XIREC;10001.0;4
566100;Mark 01;Mark 55;VELVETFRUIT_EXTRACT;XIREC;5223.0;4
566500;Mark 38;Mark 14;VEV_4000;XIREC;1237.0;2
567800;Mark 14;Mark 55;VELVETFRUIT_EXTRACT;XIREC;5222.0;5
568300;Mark 14;Mark 38;VEV_4000;XIREC;1218.0;1
569900;Mark 55;Mark 01;VELVETFRUIT_EXTRACT;XIREC;5228.0;4
570100;Mark 14;Mark 55;VELVETFRUIT_EXTRACT;XIREC;5224.0;3
570200;SUBMISSION;;HYDROGEL_PACK;XIREC;9997.0;1
570300;SUBMISSION;;HYDROGEL_PACK;XIREC;9996.0;3
570400;SUBMISSION;;HYDROGEL_PACK;XIREC;9995.0;5
570500;SUBMISSION;;HYDROGEL_PACK;XIREC;9992.0;11
570600;SUBMISSION;;HYDROGEL_PACK;XIREC;9992.0;10
570600;SUBMISSION;;HYDROGEL_PACK;XIREC;9994.0;1
570700;SUBMISSION;;HYDROGEL_PACK;XIREC;9992.0;11
570800;SUBMISSION;;HYDROGEL_PACK;XIREC;9995.0;5
570900;SUBMISSION;;HYDROGEL_PACK;XIREC;9994.0;7
571000;SUBMISSION;;HYDROGEL_PACK;XIREC;9993.0;9
571100;SUBMISSION;;HYDROGEL_PACK;XIREC;9993.0;9
571200;SUBMISSION;;HYDROGEL_PACK;XIREC;9995.0;5
571400;SUBMISSION;;HYDROGEL_PACK;XIREC;9997.0;1
572400;Mark 14;Mark 38;VEV_4000;XIREC;1211.0;3
572800;Mark 22;Mark 55;VELVETFRUIT_EXTRACT;XIREC;5217.0;6
573400;SUBMISSION;;HYDROGEL_PACK;XIREC;9997.0;2
574100;SUBMISSION;;HYDROGEL_PACK;XIREC;9996.0;4
574200;SUBMISSION;;HYDROGEL_PACK;XIREC;9994.0;9
574300;SUBMISSION;;HYDROGEL_PACK;XIREC;9993.0;10
574300;SUBMISSION;;HYDROGEL_PACK;XIREC;9996.0;1
574400;SUBMISSION;;HYDROGEL_PACK;XIREC;9992.0;13
574500;SUBMISSION;;HYDROGEL_PACK;XIREC;9989.0;15
574500;SUBMISSION;;HYDROGEL_PACK;XIREC;9992.0;5
574600;SUBMISSION;;HYDROGEL_PACK;XIREC;9989.0;12
574600;SUBMISSION;;HYDROGEL_PACK;XIREC;9992.0;8
574700;SUBMISSION;;HYDROGEL_PACK;XIREC;9990.0;11
574700;SUBMISSION;;HYDROGEL_PACK;XIREC;9992.0;7
574800;SUBMISSION;;HYDROGEL_PACK;XIREC;9988.0;12
574800;SUBMISSION;;HYDROGEL_PACK;XIREC;9990.0;10
574900;SUBMISSION;;HYDROGEL_PACK;XIREC;9988.0;11
574900;SUBMISSION;;HYDROGEL_PACK;XIREC;9991.0;11
575000;SUBMISSION;;HYDROGEL_PACK;XIREC;9989.0;12
575000;SUBMISSION;;HYDROGEL_PACK;XIREC;9992.0;8
575100;SUBMISSION;;HYDROGEL_PACK;XIREC;9988.0;13
575100;SUBMISSION;;HYDROGEL_PACK;XIREC;9991.0;9
575200;SUBMISSION;;HYDROGEL_PACK;XIREC;9990.0;10
575200;SUBMISSION;;HYDROGEL_PACK;XIREC;9992.0;7
575300;SUBMISSION;;HYDROGEL_PACK;XIREC;9990.0;12
575300;SUBMISSION;;HYDROGEL_PACK;XIREC;9992.0;5
575300;Mark 49;Mark 22;VELVETFRUIT_EXTRACT;XIREC;5221.0;7
575400;SUBMISSION;;HYDROGEL_PACK;XIREC;9992.0;1
575700;SUBMISSION;;HYDROGEL_PACK;XIREC;9990.0;5
575900;SUBMISSION;;HYDROGEL_PACK;XIREC;9989.0;3
577200;Mark 14;Mark 38;VEV_4000;XIREC;1206.0;2
578300;Mark 38;Mark 14;HYDROGEL_PACK;XIREC;9993.0;5
578300;Mark 55;Mark 01;VELVETFRUIT_EXTRACT;XIREC;5223.0;8
578400;Mark 01;Mark 55;VELVETFRUIT_EXTRACT;XIREC;5218.0;3
578500;SUBMISSION;Mark 38;HYDROGEL_PACK;XIREC;9979.0;2
579000;Mark 38;Mark 14;VEV_4000;XIREC;1234.0;3
579300;SUBMISSION;;HYDROGEL_PACK;XIREC;9988.0;1
579400;SUBMISSION;;HYDROGEL_PACK;XIREC;9986.0;5
579500;SUBMISSION;;HYDROGEL_PACK;XIREC;9984.0;4
579600;SUBMISSION;;HYDROGEL_PACK;XIREC;9983.0;4
579900;SUBMISSION;;HYDROGEL_PACK;XIREC;9982.0;2
580600;Mark 01;Mark 22;VEV_5300;XIREC;25.0;5
580600;Mark 01;Mark 22;VEV_5400;XIREC;5.0;5
580600;Mark 01;Mark 22;VEV_5500;XIREC;1.0;5
580600;Mark 01;Mark 22;VEV_6000;XIREC;0.0;5
580600;Mark 01;Mark 22;VEV_6500;XIREC;0.0;5
583100;Mark 01;Mark 22;VEV_5400;XIREC;5.0;2
583100;Mark 01;Mark 22;VEV_5500;XIREC;1.0;2
583100;Mark 01;Mark 22;VEV_6000;XIREC;0.0;2
583100;Mark 01;Mark 22;VEV_6500;XIREC;0.0;2
584300;Mark 01;Mark 22;VEV_5300;XIREC;24.0;2
584300;Mark 01;Mark 22;VEV_5400;XIREC;5.0;2
584300;Mark 01;Mark 22;VEV_5500;XIREC;1.0;2
584300;Mark 01;Mark 22;VEV_6000;XIREC;0.0;2
584300;Mark 01;Mark 22;VEV_6500;XIREC;0.0;2
584400;Mark 55;Mark 14;VELVETFRUIT_EXTRACT;XIREC;5220.0;6
587400;Mark 01;Mark 55;VELVETFRUIT_EXTRACT;XIREC;5213.0;6
587700;Mark 55;Mark 14;VELVETFRUIT_EXTRACT;XIREC;5218.0;8
588300;Mark 67;Mark 22;VELVETFRUIT_EXTRACT;XIREC;5216.0;5
589800;Mark 14;Mark 55;VELVETFRUIT_EXTRACT;XIREC;5223.0;4
590000;Mark 38;SUBMISSION;HYDROGEL_PACK;XIREC;10017.0;4
590500;SUBMISSION;Mark 38;HYDROGEL_PACK;XIREC;9994.0;3
591200;Mark 38;SUBMISSION;HYDROGEL_PACK;XIREC;10015.0;5
591700;Mark 01;Mark 55;VELVETFRUIT_EXTRACT;XIREC;5218.0;4
592700;;SUBMISSION;HYDROGEL_PACK;XIREC;10005.0;3
592800;;SUBMISSION;HYDROGEL_PACK;XIREC;10006.0;6
592900;;SUBMISSION;HYDROGEL_PACK;XIREC;10007.0;9
593000;;SUBMISSION;HYDROGEL_PACK;XIREC;10007.0;9
593100;;SUBMISSION;HYDROGEL_PACK;XIREC;10006.0;6
593200;;SUBMISSION;HYDROGEL_PACK;XIREC;10004.0;1
593300;;SUBMISSION;HYDROGEL_PACK;XIREC;10005.0;3
594300;Mark 14;Mark 55;VELVETFRUIT_EXTRACT;XIREC;5219.0;4
595300;;SUBMISSION;HYDROGEL_PACK;XIREC;10004.0;2
595400;;SUBMISSION;HYDROGEL_PACK;XIREC;10004.0;2
595400;Mark 22;Mark 55;VELVETFRUIT_EXTRACT;XIREC;5219.0;5
595500;;SUBMISSION;HYDROGEL_PACK;XIREC;10005.0;5
595600;;SUBMISSION;HYDROGEL_PACK;XIREC;10005.0;5
595700;;SUBMISSION;HYDROGEL_PACK;XIREC;10006.0;8
595800;;SUBMISSION;HYDROGEL_PACK;XIREC;10004.0;2
596000;;SUBMISSION;HYDROGEL_PACK;XIREC;10006.0;8
596100;;SUBMISSION;HYDROGEL_PACK;XIREC;10007.0;11
596200;;SUBMISSION;HYDROGEL_PACK;XIREC;10009.0;15
596200;;SUBMISSION;HYDROGEL_PACK;XIREC;10007.0;2
596300;;SUBMISSION;HYDROGEL_PACK;XIREC;10011.0;10
596300;;SUBMISSION;HYDROGEL_PACK;XIREC;10009.0;12
596400;;SUBMISSION;HYDROGEL_PACK;XIREC;10010.0;11
596400;;SUBMISSION;HYDROGEL_PACK;XIREC;10008.0;8
596500;;SUBMISSION;HYDROGEL_PACK;XIREC;10010.0;14
596500;;SUBMISSION;HYDROGEL_PACK;XIREC;10007.0;5
596600;;SUBMISSION;HYDROGEL_PACK;XIREC;10011.0;14
596600;;SUBMISSION;HYDROGEL_PACK;XIREC;10008.0;8
596700;;SUBMISSION;HYDROGEL_PACK;XIREC;10010.0;11
596700;;SUBMISSION;HYDROGEL_PACK;XIREC;10008.0;8
596800;;SUBMISSION;HYDROGEL_PACK;XIREC;10012.0;14
596800;;SUBMISSION;HYDROGEL_PACK;XIREC;10009.0;11
596900;;SUBMISSION;HYDROGEL_PACK;XIREC;10012.0;15
596900;;SUBMISSION;HYDROGEL_PACK;XIREC;10010.0;10
597000;;SUBMISSION;HYDROGEL_PACK;XIREC;10015.0;13
597000;;SUBMISSION;HYDROGEL_PACK;XIREC;10012.0;16
598800;;SUBMISSION;HYDROGEL_PACK;XIREC;10019.0;10
598800;;SUBMISSION;HYDROGEL_PACK;XIREC;10016.0;1
601600;Mark 14;Mark 55;VELVETFRUIT_EXTRACT;XIREC;5223.0;4
602500;;SUBMISSION;HYDROGEL_PACK;XIREC;10023.0;5
602800;;SUBMISSION;HYDROGEL_PACK;XIREC;10024.0;1
602800;Mark 01;Mark 55;VELVETFRUIT_EXTRACT;XIREC;5218.0;5
604800;SUBMISSION;Mark 38;HYDROGEL_PACK;XIREC;9999.0;5
605800;Mark 01;Mark 55;VELVETFRUIT_EXTRACT;XIREC;5221.0;4
607100;SUBMISSION;Mark 38;HYDROGEL_PACK;XIREC;9999.0;3
607900;Mark 38;SUBMISSION;HYDROGEL_PACK;XIREC;10008.0;3
610000;Mark 55;Mark 01;VELVETFRUIT_EXTRACT;XIREC;5223.0;5
610300;Mark 38;SUBMISSION;HYDROGEL_PACK;XIREC;10021.0;5
612700;Mark 01;Mark 22;VEV_5300;XIREC;27.0;2
612700;Mark 01;Mark 22;VEV_5400;XIREC;6.0;2
612700;Mark 01;Mark 22;VEV_5500;XIREC;1.0;2
612700;Mark 01;Mark 22;VEV_6000;XIREC;0.0;2
612700;Mark 01;Mark 22;VEV_6500;XIREC;0.0;2
614400;Mark 55;Mark 01;VELVETFRUIT_EXTRACT;XIREC;5243.0;3
614800;Mark 01;Mark 22;VEV_5400;XIREC;7.0;2
614800;Mark 01;Mark 22;VEV_5500;XIREC;1.0;2
614800;Mark 01;Mark 22;VEV_6000;XIREC;0.0;2
614800;Mark 01;Mark 22;VEV_6500;XIREC;0.0;2
615400;Mark 38;SUBMISSION;HYDROGEL_PACK;XIREC;10014.0;3
616000;Mark 14;Mark 55;VELVETFRUIT_EXTRACT;XIREC;5230.0;6
616700;Mark 67;Mark 49;VELVETFRUIT_EXTRACT;XIREC;5230.0;14
618400;Mark 14;Mark 38;VEV_4000;XIREC;1219.0;2
618500;Mark 14;Mark 38;HYDROGEL_PACK;XIREC;10007.0;2
620100;Mark 38;SUBMISSION;HYDROGEL_PACK;XIREC;10024.0;6
621000;Mark 01;Mark 22;VEV_5400;XIREC;5.0;5
621000;Mark 01;Mark 22;VEV_5500;XIREC;1.0;5
621000;Mark 01;Mark 22;VEV_6000;XIREC;0.0;5
621000;Mark 01;Mark 22;VEV_6500;XIREC;0.0;5
621500;Mark 38;SUBMISSION;HYDROGEL_PACK;XIREC;10019.0;6
621600;Mark 55;Mark 14;VELVETFRUIT_EXTRACT;XIREC;5221.0;8
622500;Mark 14;Mark 22;VEV_5200;XIREC;66.0;2
622500;Mark 01;Mark 22;VEV_5300;XIREC;25.0;2
622500;Mark 01;Mark 22;VEV_5400;XIREC;5.0;2
622500;Mark 01;Mark 22;VEV_5500;XIREC;1.0;2
622500;Mark 01;Mark 22;VEV_6000;XIREC;0.0;2
622500;Mark 01;Mark 22;VEV_6500;XIREC;0.0;2
624000;Mark 38;SUBMISSION;HYDROGEL_PACK;XIREC;10012.0;5
624200;Mark 14;Mark 22;VEV_5200;XIREC;67.0;5
624200;Mark 01;Mark 22;VEV_5400;XIREC;5.0;5
624200;Mark 01;Mark 22;VEV_5500;XIREC;1.0;5
624200;Mark 01;Mark 22;VEV_6000;XIREC;0.0;5
624200;Mark 01;Mark 22;VEV_6500;XIREC;0.0;5
624500;Mark 01;Mark 55;VELVETFRUIT_EXTRACT;XIREC;5221.0;4
624700;Mark 38;Mark 14;VEV_4000;XIREC;1236.0;3
626200;SUBMISSION;;HYDROGEL_PACK;XIREC;10002.0;1
626300;SUBMISSION;;HYDROGEL_PACK;XIREC;10001.0;5
626300;Mark 14;Mark 55;VELVETFRUIT_EXTRACT;XIREC;5234.0;5
626400;SUBMISSION;;HYDROGEL_PACK;XIREC;10002.0;1
626700;SUBMISSION;;HYDROGEL_PACK;XIREC;10001.0;5
626800;SUBMISSION;;HYDROGEL_PACK;XIREC;10000.0;8
626900;SUBMISSION;;HYDROGEL_PACK;XIREC;9999.0;12
627000;SUBMISSION;;HYDROGEL_PACK;XIREC;9997.0;15
627000;SUBMISSION;;HYDROGEL_PACK;XIREC;9999.0;4
627100;SUBMISSION;;HYDROGEL_PACK;XIREC;9998.0;15
627200;SUBMISSION;;HYDROGEL_PACK;XIREC;9999.0;11
627200;SUBMISSION;;HYDROGEL_PACK;XIREC;10002.0;1
627300;SUBMISSION;;HYDROGEL_PACK;XIREC;10000.0;8
627400;SUBMISSION;;HYDROGEL_PACK;XIREC;10000.0;8
627500;SUBMISSION;;HYDROGEL_PACK;XIREC;10000.0;8
627700;SUBMISSION;;HYDROGEL_PACK;XIREC;10000.0;8
627700;Mark 01;Mark 22;VEV_5200;XIREC;76.0;2
627700;Mark 01;Mark 22;VEV_5300;XIREC;30.0;2
627700;Mark 01;Mark 22;VEV_5400;XIREC;7.0;2
627700;Mark 01;Mark 22;VEV_6000;XIREC;0.0;2
627700;Mark 01;Mark 22;VEV_6500;XIREC;0.0;2
627800;SUBMISSION;;HYDROGEL_PACK;XIREC;9999.0;12
627900;SUBMISSION;;HYDROGEL_PACK;XIREC;10001.0;5
628000;SUBMISSION;;HYDROGEL_PACK;XIREC;10001.0;5
628100;SUBMISSION;;HYDROGEL_PACK;XIREC;10002.0;1
628200;SUBMISSION;;HYDROGEL_PACK;XIREC;10001.0;5
628300;SUBMISSION;;HYDROGEL_PACK;XIREC;10002.0;1
628400;SUBMISSION;;HYDROGEL_PACK;XIREC;9999.0;10
628400;SUBMISSION;;HYDROGEL_PACK;XIREC;10001.0;2
628500;SUBMISSION;;HYDROGEL_PACK;XIREC;9997.0;12
628500;SUBMISSION;;HYDROGEL_PACK;XIREC;10000.0;7
628600;SUBMISSION;;HYDROGEL_PACK;XIREC;9995.0;11
628600;SUBMISSION;;HYDROGEL_PACK;XIREC;9998.0;15
628700;SUBMISSION;;HYDROGEL_PACK;XIREC;9996.0;15
628700;SUBMISSION;;HYDROGEL_PACK;XIREC;9999.0;8
628800;SUBMISSION;;HYDROGEL_PACK;XIREC;9993.0;10
628800;SUBMISSION;;HYDROGEL_PACK;XIREC;9996.0;23
628900;SUBMISSION;;HYDROGEL_PACK;XIREC;9992.0;10
628900;SUBMISSION;;HYDROGEL_PACK;XIREC;9994.0;21
629000;SUBMISSION;;HYDROGEL_PACK;XIREC;9991.0;13
629000;SUBMISSION;;HYDROGEL_PACK;XIREC;9993.0;23
629900;SUBMISSION;;HYDROGEL_PACK;XIREC;9991.0;6
630000;SUBMISSION;;HYDROGEL_PACK;XIREC;9990.0;4
630100;Mark 01;Mark 55;VELVETFRUIT_EXTRACT;XIREC;5227.0;6
630300;SUBMISSION;;HYDROGEL_PACK;XIREC;9988.0;7
630400;SUBMISSION;;HYDROGEL_PACK;XIREC;9987.0;4
630700;Mark 14;Mark 38;VEV_4000;XIREC;1222.0;1
630900;SUBMISSION;Mark 38;HYDROGEL_PACK;XIREC;9975.0;2
631300;Mark 01;Mark 22;VEV_5300;XIREC;29.0;5
631300;Mark 01;Mark 22;VEV_5400;XIREC;6.0;5
631300;Mark 01;Mark 22;VEV_5500;XIREC;1.0;5
631300;Mark 01;Mark 22;VEV_6000;XIREC;0.0;5
631300;Mark 01;Mark 22;VEV_6500;XIREC;0.0;5
631500;Mark 01;Mark 22;VEV_5300;XIREC;29.0;2
631500;Mark 01;Mark 22;VEV_5400;XIREC;6.0;2
631500;Mark 01;Mark 22;VEV_5500;XIREC;1.0;2
631500;Mark 01;Mark 22;VEV_6000;XIREC;0.0;2
631500;Mark 01;Mark 22;VEV_6500;XIREC;0.0;2
632400;Mark 55;Mark 14;VELVETFRUIT_EXTRACT;XIREC;5232.0;4
632500;Mark 01;Mark 55;VELVETFRUIT_EXTRACT;XIREC;5227.0;4
633200;Mark 55;Mark 14;VELVETFRUIT_EXTRACT;XIREC;5232.0;3
633800;Mark 38;Mark 14;HYDROGEL_PACK;XIREC;9989.0;6
634500;Mark 14;Mark 22;VEV_5300;XIREC;29.0;2
634500;Mark 01;Mark 22;VEV_5400;XIREC;6.0;2
634500;Mark 01;Mark 22;VEV_5500;XIREC;1.0;2
634500;Mark 01;Mark 22;VEV_6000;XIREC;0.0;2
634500;Mark 01;Mark 22;VEV_6500;XIREC;0.0;2
636600;Mark 55;Mark 14;VELVETFRUIT_EXTRACT;XIREC;5238.0;7
641800;Mark 14;Mark 38;VEV_4000;XIREC;1231.0;2
642300;Mark 38;Mark 14;HYDROGEL_PACK;XIREC;9985.0;5
642500;Mark 01;Mark 22;VEV_5300;XIREC;32.0;3
642500;Mark 14;Mark 22;VEV_5400;XIREC;8.0;3
642500;Mark 01;Mark 22;VEV_5500;XIREC;2.0;3
642500;Mark 01;Mark 22;VEV_6000;XIREC;0.0;3
642500;Mark 01;Mark 22;VEV_6500;XIREC;0.0;3
644900;Mark 38;Mark 14;HYDROGEL_PACK;XIREC;9996.0;4
647400;Mark 38;Mark 14;HYDROGEL_PACK;XIREC;10001.0;4
647700;SUBMISSION;Mark 38;HYDROGEL_PACK;XIREC;9982.0;3
648500;Mark 01;Mark 55;VELVETFRUIT_EXTRACT;XIREC;5251.0;4
649200;Mark 38;Mark 14;HYDROGEL_PACK;XIREC;10002.0;3
649500;Mark 55;Mark 14;VELVETFRUIT_EXTRACT;XIREC;5254.0;8
651100;Mark 38;Mark 14;HYDROGEL_PACK;XIREC;9996.0;2
652300;;SUBMISSION;VEV_4000;XIREC;1259.0;5
652300;;SUBMISSION;VEV_4000;XIREC;1248.0;8
653000;Mark 38;Mark 14;HYDROGEL_PACK;XIREC;9978.0;2
653400;Mark 67;Mark 49;VELVETFRUIT_EXTRACT;XIREC;5252.0;9
654500;Mark 14;Mark 55;VELVETFRUIT_EXTRACT;XIREC;5253.0;8
656200;Mark 14;Mark 55;VELVETFRUIT_EXTRACT;XIREC;5248.0;6
658900;Mark 38;Mark 14;HYDROGEL_PACK;XIREC;9966.0;6
659200;;SUBMISSION;VELVETFRUIT_EXTRACT;XIREC;5262.0;22
659200;;SUBMISSION;VELVETFRUIT_EXTRACT;XIREC;5261.0;28
659200;;SUBMISSION;VEV_4000;XIREC;1254.0;13
659200;;SUBMISSION;VEV_4000;XIREC;1251.0;28
659300;;SUBMISSION;VELVETFRUIT_EXTRACT;XIREC;5262.0;23
659300;;SUBMISSION;VELVETFRUIT_EXTRACT;XIREC;5261.0;27
659300;;SUBMISSION;VEV_4000;XIREC;1254.0;11
659300;;SUBMISSION;VEV_4000;XIREC;1251.0;29
659300;;SUBMISSION;VEV_4500;XIREC;756.0;6
659300;;SUBMISSION;VEV_4500;XIREC;754.0;24
659700;;SUBMISSION;VELVETFRUIT_EXTRACT;XIREC;5262.0;25
659700;;SUBMISSION;VELVETFRUIT_EXTRACT;XIREC;5261.0;25
659800;;SUBMISSION;VELVETFRUIT_EXTRACT;XIREC;5263.0;22
659800;;SUBMISSION;VELVETFRUIT_EXTRACT;XIREC;5262.0;28
659800;;SUBMISSION;VEV_4000;XIREC;1255.0;14
659800;;SUBMISSION;VEV_4000;XIREC;1252.0;18
659800;;SUBMISSION;VEV_4500;XIREC;757.0;11
659800;;SUBMISSION;VEV_4500;XIREC;755.0;22
659900;;SUBMISSION;VELVETFRUIT_EXTRACT;XIREC;5265.0;6
659900;;SUBMISSION;VELVETFRUIT_EXTRACT;XIREC;5263.0;44
659900;;SUBMISSION;VEV_4000;XIREC;1255.0;15
659900;;SUBMISSION;VEV_4000;XIREC;1253.0;22
659900;;SUBMISSION;VEV_4500;XIREC;758.0;8
659900;;SUBMISSION;VEV_4500;XIREC;756.0;19
660000;;SUBMISSION;VELVETFRUIT_EXTRACT;XIREC;5262.0;50
660000;;SUBMISSION;VEV_4000;XIREC;1254.0;7
660000;;SUBMISSION;VEV_4000;XIREC;1252.0;30
660000;;SUBMISSION;VEV_4500;XIREC;757.0;8
660000;;SUBMISSION;VEV_4500;XIREC;755.0;19
660100;;SUBMISSION;VELVETFRUIT_EXTRACT;XIREC;5262.0;50
660100;;SUBMISSION;VEV_4000;XIREC;1254.0;12
660100;;SUBMISSION;VEV_4000;XIREC;1252.0;29
660100;;SUBMISSION;VEV_4500;XIREC;757.0;11
660100;;SUBMISSION;VEV_4500;XIREC;755.0;20
660300;;SUBMISSION;VELVETFRUIT_EXTRACT;XIREC;5262.0;15
660300;;SUBMISSION;VELVETFRUIT_EXTRACT;XIREC;5261.0;35
660300;;SUBMISSION;VEV_4000;XIREC;1254.0;15
660300;;SUBMISSION;VEV_4000;XIREC;1251.0;21
660300;;SUBMISSION;VEV_4500;XIREC;756.0;11
660300;;SUBMISSION;VEV_4500;XIREC;755.0;21
660300;Mark 38;Mark 14;HYDROGEL_PACK;XIREC;9960.0;4
660500;;SUBMISSION;VEV_4000;XIREC;1254.0;13
660500;;SUBMISSION;VEV_4000;XIREC;1252.0;19
660500;;SUBMISSION;VEV_4500;XIREC;757.0;6
660500;;SUBMISSION;VEV_4500;XIREC;755.0;17
660700;;SUBMISSION;VEV_4000;XIREC;1254.0;8
660700;;SUBMISSION;VEV_4000;XIREC;1251.0;21
661500;;SUBMISSION;VEV_4000;XIREC;1254.0;9
661500;;SUBMISSION;VEV_4000;XIREC;1251.0;15
661500;;SUBMISSION;VEV_4500;XIREC;756.0;8
661500;;SUBMISSION;VEV_4500;XIREC;755.0;15
661700;;SUBMISSION;VEV_4000;XIREC;1254.0;7
661700;;SUBMISSION;VEV_4000;XIREC;1251.0;25
661700;;SUBMISSION;VEV_4500;XIREC;756.0;7
661700;;SUBMISSION;VEV_4500;XIREC;754.0;14
662000;;SUBMISSION;VEV_4000;XIREC;1254.0;15
662000;;SUBMISSION;VEV_4000;XIREC;1251.0;27
662100;;SUBMISSION;VEV_4000;XIREC;1254.0;13
662100;;SUBMISSION;VEV_4000;XIREC;1251.0;15
662100;;SUBMISSION;VEV_4500;XIREC;756.0;7
662100;;SUBMISSION;VEV_4500;XIREC;755.0;17
662200;;SUBMISSION;VEV_4000;XIREC;1254.0;15
662200;;SUBMISSION;VEV_4000;XIREC;1252.0;17
662200;;SUBMISSION;VEV_4500;XIREC;757.0;12
662200;;SUBMISSION;VEV_4500;XIREC;755.0;17
662300;Mark 38;Mark 14;HYDROGEL_PACK;XIREC;9961.0;6
662900;;SUBMISSION;VEV_4000;XIREC;1254.0;8
662900;;SUBMISSION;VEV_4000;XIREC;1251.0;27
662900;;SUBMISSION;VEV_4500;XIREC;756.0;10
662900;;SUBMISSION;VEV_4500;XIREC;755.0;23
663100;Mark 67;Mark 49;VELVETFRUIT_EXTRACT;XIREC;5262.0;8
663600;Mark 55;Mark 14;VELVETFRUIT_EXTRACT;XIREC;5262.0;7
664700;Mark 38;Mark 14;HYDROGEL_PACK;XIREC;9969.0;4
665900;;SUBMISSION;VEV_4000;XIREC;1259.0;4
665900;;SUBMISSION;VEV_4000;XIREC;1249.0;9
666300;Mark 14;Mark 38;VEV_4000;XIREC;1249.0;3
666400;Mark 55;Mark 14;VELVETFRUIT_EXTRACT;XIREC;5261.0;7
666500;Mark 01;Mark 22;VEV_5400;XIREC;10.0;3
666500;Mark 01;Mark 22;VEV_5500;XIREC;2.0;3
666500;Mark 01;Mark 22;VEV_6000;XIREC;0.0;3
666500;Mark 01;Mark 22;VEV_6500;XIREC;0.0;3
666700;Mark 01;Mark 22;VEV_5500;XIREC;2.0;3
666700;Mark 01;Mark 22;VEV_6000;XIREC;0.0;3
666700;Mark 01;Mark 22;VEV_6500;XIREC;0.0;3
667100;Mark 14;Mark 38;VEV_4000;XIREC;1247.0;3
668700;Mark 38;Mark 14;HYDROGEL_PACK;XIREC;9959.0;3
670700;Mark 38;Mark 14;HYDROGEL_PACK;XIREC;9969.0;3
671800;Mark 01;Mark 22;VEV_5300;XIREC;33.0;4
671800;Mark 01;Mark 22;VEV_5400;XIREC;8.0;4
671800;Mark 01;Mark 22;VEV_5500;XIREC;2.0;4
671800;Mark 01;Mark 22;VEV_6000;XIREC;0.0;4
671800;Mark 01;Mark 22;VEV_6500;XIREC;0.0;4
671900;Mark 01;Mark 22;VEV_5300;XIREC;33.0;4
671900;Mark 01;Mark 22;VEV_5400;XIREC;8.0;4
671900;Mark 01;Mark 22;VEV_5500;XIREC;2.0;4
671900;Mark 01;Mark 22;VEV_6000;XIREC;0.0;4
671900;Mark 01;Mark 22;VEV_6500;XIREC;0.0;4
672400;SUBMISSION;Mark 38;HYDROGEL_PACK;XIREC;9947.0;3
672800;SUBMISSION;Mark 38;HYDROGEL_PACK;XIREC;9942.0;6
676800;Mark 55;Mark 14;VELVETFRUIT_EXTRACT;XIREC;5255.0;8
677300;Mark 67;Mark 49;VELVETFRUIT_EXTRACT;XIREC;5251.0;10
678700;Mark 01;Mark 22;VEV_5400;XIREC;9.0;3
678700;Mark 01;Mark 22;VEV_5500;XIREC;2.0;3
678700;Mark 01;Mark 22;VEV_6000;XIREC;0.0;3
678700;Mark 01;Mark 22;VEV_6500;XIREC;0.0;3
680400;Mark 38;Mark 14;HYDROGEL_PACK;XIREC;9966.0;6
680500;Mark 38;Mark 14;HYDROGEL_PACK;XIREC;9965.0;2
682700;Mark 14;Mark 55;VELVETFRUIT_EXTRACT;XIREC;5245.0;4
684800;SUBMISSION;Mark 38;HYDROGEL_PACK;XIREC;9953.0;4
685500;SUBMISSION;Mark 38;HYDROGEL_PACK;XIREC;9941.0;3
686200;Mark 38;Mark 14;VEV_4000;XIREC;1255.0;3
686400;Mark 38;Mark 14;HYDROGEL_PACK;XIREC;9961.0;5
686800;Mark 55;Mark 14;VELVETFRUIT_EXTRACT;XIREC;5249.0;4
687600;Mark 14;Mark 55;VELVETFRUIT_EXTRACT;XIREC;5244.0;3
