timestamp;buyer;seller;symbol;currency;price;quantity
900;SUBMISSION;;VELVETFRUIT_EXTRACT;XIREC;5262.0;8
900;;;VELVETFRUIT_EXTRACT;XIREC;5262.0;8
1300;SUBMISSION;;VEV_4000;XIREC;1256.0;3
2700;;;VELVETFRUIT_EXTRACT;XIREC;5269.0;8
2900;;SUBMISSION;VELVETFRUIT_EXTRACT;XIREC;5271.0;8
3400;;SUBMISSION;HYDROGEL_PACK;XIREC;10023.0;11
3400;;SUBMISSION;HYDROGEL_PACK;XIREC;10021.0;6
4800;;SUBMISSION;VELVETFRUIT_EXTRACT;XIREC;5272.0;3
5500;;SUBMISSION;VELVETFRUIT_EXTRACT;XIREC;5273.0;63
5600;;SUBMISSION;VELVETFRUIT_EXTRACT;XIREC;5273.0;68
5700;;SUBMISSION;VELVETFRUIT_EXTRACT;XIREC;5273.0;66
5700;;;VELVETFRUIT_EXTRACT;XIREC;5273.0;5
9000;;;VEV_4000;XIREC;1278.0;1
9600;SUBMISSION;;VELVETFRUIT_EXTRACT;XIREC;5265.0;20
9700;SUBMISSION;;VELVETFRUIT_EXTRACT;XIREC;5265.0;23
9800;SUBMISSION;;VELVETFRUIT_EXTRACT;XIREC;5265.0;16
9900;SUBMISSION;;VELVETFRUIT_EXTRACT;XIREC;5265.0;60
9900;SUBMISSION;;VELVETFRUIT_EXTRACT;XIREC;5262.0;5
9900;SUBMISSION;;VEV_5100;XIREC;177.0;22
9900;SUBMISSION;;VEV_5200;XIREC;102.0;8
9900;SUBMISSION;;VEV_5200;XIREC;103.0;14
9900;SUBMISSION;;VEV_5300;XIREC;52.0;25
9900;SUBMISSION;;VEV_5400;XIREC;17.0;25
9900;SUBMISSION;;VEV_5500;XIREC;7.0;25
10000;SUBMISSION;;VELVETFRUIT_EXTRACT;XIREC;5265.0;18
10000;SUBMISSION;;VEV_5100;XIREC;177.0;8
10000;SUBMISSION;;VEV_5100;XIREC;178.0;13
10000;SUBMISSION;;VEV_5200;XIREC;103.0;21
10000;SUBMISSION;;VEV_5300;XIREC;52.0;24
10000;SUBMISSION;;VEV_5400;XIREC;17.0;24
10000;SUBMISSION;;VEV_5500;XIREC;7.0;24
10100;SUBMISSION;;VEV_5100;XIREC;178.0;22
10100;SUBMISSION;;VEV_5200;XIREC;103.0;22
10100;SUBMISSION;;VEV_5300;XIREC;52.0;19
10100;SUBMISSION;;VEV_5400;XIREC;17.0;19
10100;SUBMISSION;;VEV_5500;XIREC;7.0;19
10200;SUBMISSION;;VELVETFRUIT_EXTRACT;XIREC;5265.0;67
10200;SUBMISSION;;VEV_5100;XIREC;177.0;27
10200;SUBMISSION;;VEV_5200;XIREC;102.0;11
10200;SUBMISSION;;VEV_5200;XIREC;103.0;16
10200;SUBMISSION;;VEV_5300;XIREC;52.0;25
10200;SUBMISSION;;VEV_5400;XIREC;17.0;25
10200;SUBMISSION;;VEV_5500;XIREC;7.0;25
10200;;;HYDROGEL_PACK;XIREC;10017.0;6
10300;SUBMISSION;;VELVETFRUIT_EXTRACT;XIREC;5263.0;15
10300;SUBMISSION;;VELVETFRUIT_EXTRACT;XIREC;5264.0;32
10300;SUBMISSION;;VEV_5100;XIREC;176.0;30
10300;SUBMISSION;;VEV_5200;XIREC;102.0;30
10300;SUBMISSION;;VEV_5300;XIREC;51.0;26
10300;SUBMISSION;;VEV_5400;XIREC;17.0;26
10300;SUBMISSION;;VEV_5500;XIREC;7.0;26
10400;SUBMISSION;;VELVETFRUIT_EXTRACT;XIREC;5265.0;73
10400;SUBMISSION;;VEV_5100;XIREC;177.0;27
10400;SUBMISSION;;VEV_5200;XIREC;102.0;6
10400;SUBMISSION;;VEV_5200;XIREC;103.0;21
10400;SUBMISSION;;VEV_5300;XIREC;52.0;25
10400;SUBMISSION;;VEV_5400;XIREC;17.0;25
10400;SUBMISSION;;VEV_5500;XIREC;7.0;25
10500;SUBMISSION;;VELVETFRUIT_EXTRACT;XIREC;5264.0;59
10500;SUBMISSION;;VEV_5100;XIREC;176.0;11
10500;SUBMISSION;;VEV_5100;XIREC;177.0;19
10500;SUBMISSION;;VEV_5200;XIREC;102.0;30
10500;SUBMISSION;;VEV_5300;XIREC;51.0;5
10500;SUBMISSION;;VEV_5300;XIREC;52.0;20
10500;SUBMISSION;;VEV_5400;XIREC;17.0;25
10500;SUBMISSION;;VEV_5500;XIREC;7.0;25
10600;SUBMISSION;;VELVETFRUIT_EXTRACT;XIREC;5264.0;12
10600;SUBMISSION;;VEV_5100;XIREC;176.0;30
10600;SUBMISSION;;VEV_5200;XIREC;102.0;30
10600;SUBMISSION;;VEV_5300;XIREC;51.0;27
10600;SUBMISSION;;VEV_5400;XIREC;17.0;27
10600;SUBMISSION;;VEV_5500;XIREC;7.0;27
10700;SUBMISSION;;VEV_5100;XIREC;177.0;8
10700;SUBMISSION;;VEV_5100;XIREC;178.0;14
10700;SUBMISSION;;VEV_5200;XIREC;103.0;22
10700;SUBMISSION;;VEV_5300;XIREC;52.0;20
10700;SUBMISSION;;VEV_5400;XIREC;17.0;20
10700;SUBMISSION;;VEV_5500;XIREC;7.0;20
10700;;;VELVETFRUIT_EXTRACT;XIREC;5265.0;4
10800;SUBMISSION;;VEV_5100;XIREC;176.0;22
10800;SUBMISSION;;VEV_5200;XIREC;102.0;22
10800;SUBMISSION;;VEV_5300;XIREC;51.0;24
10800;SUBMISSION;;VEV_5400;XIREC;17.0;24
10800;SUBMISSION;;VEV_5500;XIREC;7.0;24
10900;SUBMISSION;;VEV_5100;XIREC;176.0;11
10900;SUBMISSION;;VEV_5100;XIREC;177.0;17
10900;SUBMISSION;;VEV_5200;XIREC;102.0;28
10900;SUBMISSION;;VEV_5300;XIREC;51.0;10
10900;SUBMISSION;;VEV_5300;XIREC;52.0;12
10900;SUBMISSION;;VEV_5400;XIREC;17.0;22
10900;SUBMISSION;;VEV_5500;XIREC;7.0;22
11000;SUBMISSION;;VEV_5100;XIREC;177.0;12
11000;SUBMISSION;;VEV_5100;XIREC;178.0;2
11000;SUBMISSION;;VEV_5200;XIREC;103.0;14
11000;SUBMISSION;;VEV_5300;XIREC;52.0;18
11000;SUBMISSION;;VEV_5400;XIREC;17.0;18
11000;SUBMISSION;;VEV_5500;XIREC;7.0;18
11100;SUBMISSION;;VEV_5300;XIREC;52.0;10
11100;SUBMISSION;;VEV_5300;XIREC;53.0;5
11100;SUBMISSION;;VEV_5400;XIREC;17.0;15
11100;SUBMISSION;;VEV_5500;XIREC;7.0;15
11200;;SUBMISSION;HYDROGEL_PACK;XIREC;10029.0;4
12100;;;VELVETFRUIT_EXTRACT;XIREC;5268.0;5
12600;;;VELVETFRUIT_EXTRACT;XIREC;5264.0;3
13100;;;VEV_5400;XIREC;16.0;3
13100;;;VEV_5500;XIREC;6.0;3
13100;;;VEV_6000;XIREC;0.0;3
13100;;;VEV_6500;XIREC;0.0;3
13900;;SUBMISSION;VELVETFRUIT_EXTRACT;XIREC;5268.0;4
14300;;SUBMISSION;VEV_5400;XIREC;17.0;6
14400;SUBMISSION;;VEV_5400;XIREC;18.0;6
15600;;SUBMISSION;VEV_5500;XIREC;7.0;6
15700;;SUBMISSION;HYDROGEL_PACK;XIREC;10034.0;2
16300;;SUBMISSION;VELVETFRUIT_EXTRACT;XIREC;5274.0;5
16300;;SUBMISSION;VEV_5400;XIREC;18.0;8
16400;;SUBMISSION;VEV_5400;XIREC;18.0;26
16500;;SUBMISSION;VEV_5400;XIREC;18.0;25
16600;;SUBMISSION;VEV_5400;XIREC;18.0;18
16700;;SUBMISSION;VEV_5400;XIREC;18.0;18
16800;;SUBMISSION;VEV_5400;XIREC;18.0;20
16900;;SUBMISSION;VEV_5400;XIREC;18.0;27
17000;;SUBMISSION;VEV_5400;XIREC;18.0;19
17100;;SUBMISSION;VEV_5400;XIREC;18.0;25
17300;;SUBMISSION;VELVETFRUIT_EXTRACT;XIREC;5273.0;22
17300;;SUBMISSION;VELVETFRUIT_EXTRACT;XIREC;5272.0;30
17400;;SUBMISSION;VELVETFRUIT_EXTRACT;XIREC;5274.0;17
17400;;SUBMISSION;VELVETFRUIT_EXTRACT;XIREC;5273.0;49
17400;;;VELVETFRUIT_EXTRACT;XIREC;5274.0;3
17500;;SUBMISSION;VELVETFRUIT_EXTRACT;XIREC;5274.0;19
17500;;SUBMISSION;VELVETFRUIT_EXTRACT;XIREC;5273.0;40
17600;;SUBMISSION;VELVETFRUIT_EXTRACT;XIREC;5273.0;22
17600;;SUBMISSION;VELVETFRUIT_EXTRACT;XIREC;5272.0;43
17700;;SUBMISSION;VEV_5400;XIREC;18.0;24
17800;;SUBMISSION;VEV_5400;XIREC;18.0;23
17900;;SUBMISSION;VEV_5400;XIREC;18.0;25
18000;;SUBMISSION;VELVETFRUIT_EXTRACT;XIREC;5273.0;21
18000;;SUBMISSION;VELVETFRUIT_EXTRACT;XIREC;5272.0;44
18400;;SUBMISSION;VEV_5400;XIREC;18.0;28
19100;;SUBMISSION;HYDROGEL_PACK;XIREC;10019.0;6
19100;SUBMISSION;;VEV_5400;XIREC;18.0;25
19200;SUBMISSION;;VEV_5400;XIREC;18.0;26
19300;SUBMISSION;;VEV_5400;XIREC;18.0;10
19300;SUBMISSION;;VEV_5400;XIREC;19.0;20
19400;SUBMISSION;;VEV_5400;XIREC;18.0;27
19500;SUBMISSION;;VEV_5400;XIREC;18.0;24
19600;SUBMISSION;;VEV_5400;XIREC;18.0;24
19700;SUBMISSION;;VELVETFRUIT_EXTRACT;XIREC;5266.0;13
19700;SUBMISSION;;VEV_5400;XIREC;18.0;26
19800;SUBMISSION;;VEV_5400;XIREC;18.0;21
19900;SUBMISSION;;VEV_5400;XIREC;18.0;23
20000;SUBMISSION;;VEV_5400;XIREC;18.0;22
20100;SUBMISSION;;VEV_5400;XIREC;18.0;20
20200;SUBMISSION;;VEV_5400;XIREC;18.0;16
20300;SUBMISSION;;VEV_5400;XIREC;18.0;2
20900;;;VEV_5300;XIREC;53.0;5
20900;;;VEV_5400;XIREC;17.0;5
20900;;;VEV_5500;XIREC;7.0;5
20900;;;VEV_6000;XIREC;0.0;5
20900;;;VEV_6500;XIREC;0.0;5
21800;;SUBMISSION;VEV_5400;XIREC;18.0;23
21900;;SUBMISSION;VEV_5400;XIREC;18.0;23
22200;SUBMISSION;;VEV_5400;XIREC;18.0;5
22200;SUBMISSION;;VEV_5400;XIREC;19.0;11
22200;;SUBMISSION;VEV_5500;XIREC;7.0;5
22300;SUBMISSION;;HYDROGEL_PACK;XIREC;10001.0;4
22300;SUBMISSION;;VEV_5400;XIREC;18.0;19
22300;SUBMISSION;;VEV_5500;XIREC;8.0;11
22400;SUBMISSION;;VEV_5400;XIREC;18.0;11
23100;SUBMISSION;;VELVETFRUIT_EXTRACT;XIREC;5265.0;4
23200;SUBMISSION;;HYDROGEL_PACK;XIREC;10003.0;7
23300;SUBMISSION;;HYDROGEL_PACK;XIREC;10008.0;12
23400;SUBMISSION;;VELVETFRUIT_EXTRACT;XIREC;5266.0;58
23500;;;VEV_5400;XIREC;16.0;2
23500;;;VEV_5500;XIREC;6.0;2
23500;;;VEV_6000;XIREC;0.0;2
23500;;;VEV_6500;XIREC;0.0;2
23600;SUBMISSION;;HYDROGEL_PACK;XIREC;10008.0;15
23600;SUBMISSION;;VELVETFRUIT_EXTRACT;XIREC;5265.0;18
23600;SUBMISSION;;VELVETFRUIT_EXTRACT;XIREC;5266.0;31
23800;SUBMISSION;;VELVETFRUIT_EXTRACT;XIREC;5266.0;18
24100;SUBMISSION;;HYDROGEL_PACK;XIREC;10007.0;12
24200;SUBMISSION;;HYDROGEL_PACK;XIREC;10004.0;11
24200;SUBMISSION;;HYDROGEL_PACK;XIREC;10007.0;30
24300;SUBMISSION;;HYDROGEL_PACK;XIREC;10005.0;12
24300;SUBMISSION;;HYDROGEL_PACK;XIREC;10007.0;30
24400;SUBMISSION;;HYDROGEL_PACK;XIREC;9997.0;9
24400;SUBMISSION;;HYDROGEL_PACK;XIREC;10006.0;14
24400;SUBMISSION;;HYDROGEL_PACK;XIREC;10008.0;20
24500;SUBMISSION;;HYDROGEL_PACK;XIREC;10003.0;11
24500;SUBMISSION;;HYDROGEL_PACK;XIREC;10006.0;24
24600;SUBMISSION;;HYDROGEL_PACK;XIREC;10003.0;14
24600;SUBMISSION;;HYDROGEL_PACK;XIREC;10005.0;4
24600;SUBMISSION;;VELVETFRUIT_EXTRACT;XIREC;5265.0;5
25500;SUBMISSION;;VELVETFRUIT_EXTRACT;XIREC;5265.0;6
26500;;SUBMISSION;VELVETFRUIT_EXTRACT;XIREC;5268.0;6
28000;SUBMISSION;;VELVETFRUIT_EXTRACT;XIREC;5265.0;23
29200;;;HYDROGEL_PACK;XIREC;9993.0;4
29500;;;VEV_5400;XIREC;16.0;2
29500;;;VEV_5500;XIREC;6.0;2
29500;;;VEV_6000;XIREC;0.0;2
29500;;;VEV_6500;XIREC;0.0;2
30300;SUBMISSION;;VELVETFRUIT_EXTRACT;XIREC;5265.0;25
30400;SUBMISSION;;VELVETFRUIT_EXTRACT;XIREC;5265.0;70
30500;SUBMISSION;;VELVETFRUIT_EXTRACT;XIREC;5265.0;18
30600;SUBMISSION;;VELVETFRUIT_EXTRACT;XIREC;5264.0;33
32500;;;VELVETFRUIT_EXTRACT;XIREC;5266.0;4
33300;;SUBMISSION;VELVETFRUIT_EXTRACT;XIREC;5270.0;7
34100;;SUBMISSION;VEV_4000;XIREC;1277.0;1
34200;;SUBMISSION;VEV_5400;XIREC;18.0;8
35000;SUBMISSION;;VEV_5400;XIREC;18.0;8
35200;;SUBMISSION;VEV_5400;XIREC;17.0;2
35300;SUBMISSION;;VEV_5400;XIREC;18.0;2
35700;;SUBMISSION;VELVETFRUIT_EXTRACT;XIREC;5269.0;3
35800;SUBMISSION;;VELVETFRUIT_EXTRACT;XIREC;5265.0;7
36100;;SUBMISSION;VELVETFRUIT_EXTRACT;XIREC;5270.0;4
36400;;SUBMISSION;VEV_5400;XIREC;17.0;6
36500;;SUBMISSION;VEV_5400;XIREC;17.0;10
36700;SUBMISSION;;VEV_5400;XIREC;18.0;16
38400;SUBMISSION;;VELVETFRUIT_EXTRACT;XIREC;5266.0;7
38400;;;VELVETFRUIT_EXTRACT;XIREC;5265.0;1
39500;SUBMISSION;;VEV_4000;XIREC;1259.0;2
41100;;;HYDROGEL_PACK;XIREC;9998.0;6
41700;;;VELVETFRUIT_EXTRACT;XIREC;5254.0;5
41900;;;VEV_5400;XIREC;13.0;2
41900;;;VEV_5500;XIREC;5.0;2
41900;;;VEV_6000;XIREC;0.0;2
41900;;;VEV_6500;XIREC;0.0;2
42000;;;VELVETFRUIT_EXTRACT;XIREC;5247.0;8
42900;;;VEV_5400;XIREC;14.0;4
42900;;;VEV_5500;XIREC;5.0;4
42900;;;VEV_6000;XIREC;0.0;4
42900;;;VEV_6500;XIREC;0.0;4
43000;;;VELVETFRUIT_EXTRACT;XIREC;5250.0;8
44000;;;HYDROGEL_PACK;XIREC;9978.0;4
44700;;;VELVETFRUIT_EXTRACT;XIREC;5255.0;8
44900;;;VELVETFRUIT_EXTRACT;XIREC;5257.0;14
45100;;SUBMISSION;VEV_5400;XIREC;15.0;1
45100;SUBMISSION;;VEV_5400;XIREC;16.0;1
45100;;;HYDROGEL_PACK;XIREC;9991.0;3
45100;;;VEV_5400;XIREC;15.0;5
45100;;;VEV_5500;XIREC;5.0;5
45100;;;VEV_6000;XIREC;0.0;5
45100;;;VEV_6500;XIREC;0.0;5
46800;;;VELVETFRUIT_EXTRACT;XIREC;5256.0;8
48100;;;VELVETFRUIT_EXTRACT;XIREC;5261.0;7
48300;;SUBMISSION;VEV_5400;XIREC;15.0;5
48300;SUBMISSION;;VEV_5400;XIREC;16.0;5
48400;;;VELVETFRUIT_EXTRACT;XIREC;5258.0;5
49400;;;HYDROGEL_PACK;XIREC;9958.0;4
49800;;;HYDROGEL_PACK;XIREC;9960.0;3
50200;SUBMISSION;;VEV_4000;XIREC;1254.0;3
52600;;;VELVETFRUIT_EXTRACT;XIREC;5263.0;8
52900;;;VEV_5500;XIREC;6.0;5
52900;;;VEV_6000;XIREC;0.0;5
52900;;;VEV_6500;XIREC;0.0;5
53200;;;VELVETFRUIT_EXTRACT;XIREC;5264.0;5
53600;;;VELVETFRUIT_EXTRACT;XIREC;5257.0;5
58300;;;HYDROGEL_PACK;XIREC;9963.0;6
59200;;;VELVETFRUIT_EXTRACT;XIREC;5244.0;8
60700;;;HYDROGEL_PACK;XIREC;9973.0;5
63800;;SUBMISSION;VEV_4000;XIREC;1257.0;3
64300;;;VELVETFRUIT_EXTRACT;XIREC;5249.0;3
67600;;SUBMISSION;VELVETFRUIT_EXTRACT;XIREC;5261.0;4
68200;;SUBMISSION;VEV_5500;XIREC;6.0;18
68300;;SUBMISSION;VEV_5500;XIREC;6.0;25
68400;;SUBMISSION;VEV_5500;XIREC;6.0;10
68500;SUBMISSION;;VEV_5500;XIREC;7.0;20
68600;SUBMISSION;;VELVETFRUIT_EXTRACT;XIREC;5258.0;4
68600;SUBMISSION;;VEV_5500;XIREC;7.0;16
68700;SUBMISSION;;VEV_5500;XIREC;6.0;17
70000;;;VELVETFRUIT_EXTRACT;XIREC;5255.0;6
70400;;;VELVETFRUIT_EXTRACT;XIREC;5260.0;5
70900;;;HYDROGEL_PACK;XIREC;9994.0;2
71500;;;VELVETFRUIT_EXTRACT;XIREC;5251.0;4
71800;;;HYDROGEL_PACK;XIREC;9975.0;5
72700;;;HYDROGEL_PACK;XIREC;9988.0;3
73100;;;VELVETFRUIT_EXTRACT;XIREC;5256.0;7
73200;;;VELVETFRUIT_EXTRACT;XIREC;5254.0;5
75200;;;VEV_5300;XIREC;46.0;4
75200;;;VEV_5400;XIREC;14.0;4
75200;;;VEV_5500;XIREC;5.0;4
75200;;;VEV_6000;XIREC;0.0;4
75200;;;VEV_6500;XIREC;0.0;4
76700;;;VELVETFRUIT_EXTRACT;XIREC;5258.0;4
78700;;;HYDROGEL_PACK;XIREC;9939.0;3
79300;;;VEV_5300;XIREC;47.0;5
79300;;;VEV_5400;XIREC;14.0;5
79300;;;VEV_5500;XIREC;5.0;5
79300;;;VEV_6000;XIREC;0.0;5
79300;;;VEV_6500;XIREC;0.0;5
80000;;SUBMISSION;VEV_5500;XIREC;6.0;23
80100;;SUBMISSION;VEV_5500;XIREC;6.0;24
80200;;SUBMISSION;VEV_5500;XIREC;6.0;20
80300;;SUBMISSION;VEV_5500;XIREC;6.0;24
80400;;SUBMISSION;VEV_5500;XIREC;6.0;27
80500;;SUBMISSION;VEV_5500;XIREC;6.0;17
80600;;SUBMISSION;VEV_5500;XIREC;6.0;18
80700;;SUBMISSION;VEV_5500;XIREC;6.0;30
80800;;SUBMISSION;VEV_4000;XIREC;1269.0;1
80800;;SUBMISSION;VEV_5500;XIREC;6.0;21
80900;;SUBMISSION;VEV_5500;XIREC;6.0;25
81000;;SUBMISSION;VEV_5400;XIREC;16.0;9
81000;;SUBMISSION;VEV_5500;XIREC;6.0;26
81100;;SUBMISSION;VEV_5400;XIREC;16.0;29
81100;;SUBMISSION;VEV_5500;XIREC;6.0;29
81200;;SUBMISSION;VEV_5400;XIREC;16.0;27
81300;;SUBMISSION;VEV_5400;XIREC;16.0;6
81400;;SUBMISSION;VEV_5400;XIREC;16.0;20
81500;;SUBMISSION;VEV_5400;XIREC;16.0;24
81600;;SUBMISSION;VEV_5400;XIREC;16.0;27
81700;;SUBMISSION;VEV_5400;XIREC;16.0;20
81800;;SUBMISSION;VEV_5400;XIREC;16.0;22
81900;;SUBMISSION;VEV_5400;XIREC;16.0;19
82100;;SUBMISSION;VELVETFRUIT_EXTRACT;XIREC;5269.0;5
83000;;SUBMISSION;VELVETFRUIT_EXTRACT;XIREC;5270.0;6
83100;;SUBMISSION;VEV_5400;XIREC;16.0;19
83200;;SUBMISSION;VEV_5400;XIREC;16.0;20
83300;;SUBMISSION;VEV_5400;XIREC;16.0;19
83400;;SUBMISSION;VEV_5400;XIREC;16.0;27
84100;;SUBMISSION;VELVETFRUIT_EXTRACT;XIREC;5271.0;8
84400;;SUBMISSION;VELVETFRUIT_EXTRACT;XIREC;5272.0;5
84700;;SUBMISSION;VELVETFRUIT_EXTRACT;XIREC;5273.0;19
84700;;SUBMISSION;VELVETFRUIT_EXTRACT;XIREC;5272.0;44
84800;;SUBMISSION;VELVETFRUIT_EXTRACT;XIREC;5275.0;5
85500;;SUBMISSION;VELVETFRUIT_EXTRACT;XIREC;5272.0;8
85500;;;HYDROGEL_PACK;XIREC;9954.0;2
86300;;SUBMISSION;VELVETFRUIT_EXTRACT;XIREC;5267.0;21
90100;;;HYDROGEL_PACK;XIREC;9931.0;3
91700;;;HYDROGEL_PACK;XIREC;9929.0;2
91700;;;VELVETFRUIT_EXTRACT;XIREC;5264.0;8
92600;;SUBMISSION;VELVETFRUIT_EXTRACT;XIREC;5270.0;4
94800;SUBMISSION;;VEV_5400;XIREC;17.0;23
94900;;SUBMISSION;VEV_5400;XIREC;16.0;21
95100;;;VELVETFRUIT_EXTRACT;XIREC;5262.0;8
95200;SUBMISSION;;VEV_5400;XIREC;16.0;25
95300;SUBMISSION;;VEV_5400;XIREC;16.0;20
95400;SUBMISSION;;VEV_5400;XIREC;16.0;19
95500;SUBMISSION;;VEV_5400;XIREC;17.0;23
95600;SUBMISSION;;VEV_5400;XIREC;17.0;24
95700;SUBMISSION;;VEV_5400;XIREC;17.0;25
95800;SUBMISSION;;VEV_5400;XIREC;16.0;17
95900;SUBMISSION;;VEV_5400;XIREC;16.0;25
96000;SUBMISSION;;VEV_5400;XIREC;16.0;29
96100;SUBMISSION;;VEV_5400;XIREC;16.0;29
96200;SUBMISSION;;VEV_5400;XIREC;17.0;19
96300;;SUBMISSION;VEV_5400;XIREC;16.0;9
96400;;SUBMISSION;VEV_5400;XIREC;16.0;26
96500;SUBMISSION;;VEV_5400;XIREC;17.0;25
96600;SUBMISSION;;VEV_5400;XIREC;17.0;22
96700;SUBMISSION;;VEV_5400;XIREC;17.0;17
96800;SUBMISSION;;VEV_5400;XIREC;17.0;2
97200;;SUBMISSION;VELVETFRUIT_EXTRACT;XIREC;5264.0;7
97400;SUBMISSION;;VELVETFRUIT_EXTRACT;XIREC;5259.0;5
97600;;;HYDROGEL_PACK;XIREC;9937.0;2
98100;;SUBMISSION;VEV_5400;XIREC;16.0;7
98200;;SUBMISSION;VEV_5400;XIREC;16.0;27
98300;;SUBMISSION;VEV_5400;XIREC;16.0;25
98400;;SUBMISSION;VEV_5400;XIREC;16.0;6
98500;SUBMISSION;;VEV_5400;XIREC;17.0;24
98600;SUBMISSION;;VEV_4000;XIREC;1260.0;1
98600;;SUBMISSION;VEV_5400;XIREC;16.0;26
98700;;SUBMISSION;VEV_5400;XIREC;16.0;29
98800;SUBMISSION;;VEV_5400;XIREC;17.0;24
98900;SUBMISSION;;VEV_5400;XIREC;17.0;22
99000;;SUBMISSION;VEV_5400;XIREC;16.0;24
99100;SUBMISSION;;VEV_5400;XIREC;17.0;26
99200;SUBMISSION;;VEV_5400;XIREC;17.0;16
99300;SUBMISSION;;VELVETFRUIT_EXTRACT;XIREC;5262.0;8
99300;SUBMISSION;;VEV_5400;XIREC;17.0;24
99400;SUBMISSION;;VEV_5400;XIREC;17.0;8
100600;SUBMISSION;;VEV_5500;XIREC;7.0;21
100700;SUBMISSION;;VEV_5500;XIREC;7.0;19
100800;;SUBMISSION;VEV_5300;XIREC;48.0;2
100800;SUBMISSION;;VEV_5300;XIREC;49.0;2
100800;;SUBMISSION;VEV_5500;XIREC;6.0;2
100900;SUBMISSION;;VEV_5500;XIREC;7.0;23
101000;SUBMISSION;;VELVETFRUIT_EXTRACT;XIREC;5260.0;69
101000;SUBMISSION;;VEV_5500;XIREC;6.0;19
101100;SUBMISSION;;VEV_5500;XIREC;7.0;18
101200;SUBMISSION;;VELVETFRUIT_EXTRACT;XIREC;5259.0;11
101200;;SUBMISSION;VEV_5500;XIREC;6.0;25
101300;;SUBMISSION;VEV_5500;XIREC;6.0;23
101400;;SUBMISSION;VEV_5500;XIREC;6.0;19
101500;;SUBMISSION;VEV_5500;XIREC;6.0;19
101800;;;HYDROGEL_PACK;XIREC;9984.0;3
102400;;;HYDROGEL_PACK;XIREC;9984.0;3
102600;;SUBMISSION;VEV_5400;XIREC;16.0;3
102600;;;VEV_5400;XIREC;16.0;2
102600;;;VEV_5500;XIREC;6.0;2
102600;;;VEV_6000;XIREC;0.0;2
102600;;;VEV_6500;XIREC;0.0;2
102700;SUBMISSION;;VEV_5400;XIREC;17.0;3
103200;;SUBMISSION;VEV_5400;XIREC;16.0;28
103300;SUBMISSION;;VEV_4000;XIREC;1259.0;1
103300;SUBMISSION;;VEV_5400;XIREC;17.0;22
103400;;SUBMISSION;VEV_5400;XIREC;16.0;24
103500;;SUBMISSION;VEV_5400;XIREC;16.0;23
103500;;;VELVETFRUIT_EXTRACT;XIREC;5263.0;8
103600;SUBMISSION;;VEV_5400;XIREC;17.0;20
103700;SUBMISSION;;VEV_4000;XIREC;1259.0;3
103700;;SUBMISSION;VEV_5400;XIREC;16.0;5
103800;SUBMISSION;;VEV_5400;XIREC;17.0;25
103900;SUBMISSION;;VEV_5400;XIREC;16.0;13
104000;SUBMISSION;;VELVETFRUIT_EXTRACT;XIREC;5260.0;8
104500;;;HYDROGEL_PACK;XIREC;9984.0;2
105400;SUBMISSION;;VEV_5500;XIREC;7.0;25
105500;SUBMISSION;;VEV_5500;XIREC;7.0;24
105500;;;VEV_5300;XIREC;47.0;5
105500;;;VEV_5500;XIREC;5.0;5
105500;;;VEV_6000;XIREC;0.0;5
105500;;;VEV_6500;XIREC;0.0;5
105600;SUBMISSION;;VEV_5500;XIREC;7.0;25
105700;SUBMISSION;;VEV_5500;XIREC;7.0;25
105800;;SUBMISSION;VEV_5500;XIREC;6.0;8
105900;SUBMISSION;;VEV_5500;XIREC;7.0;27
106000;;SUBMISSION;VEV_5500;XIREC;6.0;17
106100;;SUBMISSION;VEV_5500;XIREC;6.0;26
106200;SUBMISSION;;VEV_5500;XIREC;7.0;24
106300;SUBMISSION;;VEV_5500;XIREC;7.0;28
106300;;;VELVETFRUIT_EXTRACT;XIREC;5262.0;7
106400;;SUBMISSION;VEV_5500;XIREC;6.0;24
106500;;SUBMISSION;VEV_5500;XIREC;6.0;27
106600;SUBMISSION;;VEV_5500;XIREC;7.0;23
106700;;SUBMISSION;VEV_5500;XIREC;6.0;21
106800;;SUBMISSION;VEV_5500;XIREC;6.0;20
106900;;SUBMISSION;VEV_5500;XIREC;6.0;20
107000;;SUBMISSION;VEV_5500;XIREC;6.0;20
107100;;SUBMISSION;VEV_5500;XIREC;6.0;16
107200;SUBMISSION;;VEV_5500;XIREC;7.0;26
107300;SUBMISSION;;VEV_5500;XIREC;7.0;23
107400;;SUBMISSION;VEV_5500;XIREC;6.0;25
107500;;SUBMISSION;VEV_5500;XIREC;6.0;25
108700;SUBMISSION;;VEV_5500;XIREC;7.0;25
108800;;SUBMISSION;VELVETFRUIT_EXTRACT;XIREC;5263.0;3
108800;;SUBMISSION;VEV_5500;XIREC;6.0;24
109100;SUBMISSION;;VEV_4000;XIREC;1259.0;1
109400;;SUBMISSION;VELVETFRUIT_EXTRACT;XIREC;5265.0;6
109600;;;HYDROGEL_PACK;XIREC;9990.0;6
109800;;SUBMISSION;VELVETFRUIT_EXTRACT;XIREC;5266.0;3
110200;SUBMISSION;;VEV_5500;XIREC;7.0;26
110300;SUBMISSION;;VEV_5500;XIREC;7.0;20
110400;SUBMISSION;;VEV_5500;XIREC;7.0;17
110500;SUBMISSION;;VEV_5500;XIREC;7.0;25
110500;;;VELVETFRUIT_EXTRACT;XIREC;5262.0;8
110600;;SUBMISSION;VEV_5500;XIREC;6.0;23
110700;SUBMISSION;;VEV_5500;XIREC;7.0;17
110800;SUBMISSION;;VEV_5500;XIREC;7.0;21
110900;SUBMISSION;;VEV_5500;XIREC;6.0;7
110900;SUBMISSION;;VEV_5500;XIREC;7.0;17
111000;SUBMISSION;;VEV_5500;XIREC;6.0;10
111000;SUBMISSION;;VEV_5500;XIREC;7.0;14
111100;SUBMISSION;;VEV_5500;XIREC;7.0;24
111200;SUBMISSION;;VEV_5500;XIREC;7.0;19
111300;;SUBMISSION;VELVETFRUIT_EXTRACT;XIREC;5262.0;7
111300;SUBMISSION;;VEV_5500;XIREC;7.0;25
111400;;SUBMISSION;VEV_5500;XIREC;6.0;9
111500;;SUBMISSION;VEV_5500;XIREC;6.0;24
111600;SUBMISSION;;VEV_5500;XIREC;7.0;27
111700;;SUBMISSION;VEV_5500;XIREC;6.0;25
111800;;SUBMISSION;VEV_5500;XIREC;6.0;15
111900;SUBMISSION;;VEV_4000;XIREC;1257.0;2
111900;;SUBMISSION;VEV_5500;XIREC;6.0;23
112000;;SUBMISSION;VEV_5500;XIREC;6.0;22
112100;SUBMISSION;;VEV_5500;XIREC;7.0;25
112200;SUBMISSION;;VEV_5500;XIREC;7.0;25
112300;SUBMISSION;;VEV_5500;XIREC;6.0;21
112400;SUBMISSION;;VEV_5500;XIREC;6.0;24
112500;SUBMISSION;;VEV_5500;XIREC;6.0;26
112600;SUBMISSION;;VELVETFRUIT_EXTRACT;XIREC;5257.0;10
112600;SUBMISSION;;VELVETFRUIT_EXTRACT;XIREC;5257.0;10
112600;SUBMISSION;;VEV_5500;XIREC;6.0;21
113300;SUBMISSION;;VELVETFRUIT_EXTRACT;XIREC;5259.0;30
114500;;;HYDROGEL_PACK;XIREC;9994.0;5
114700;;SUBMISSION;VEV_4000;XIREC;1264.0;2
116800;;SUBMISSION;VEV_4000;XIREC;1263.0;2
117400;;SUBMISSION;VEV_5500;XIREC;6.0;23
117500;SUBMISSION;;VEV_5500;XIREC;7.0;20
117600;SUBMISSION;;VEV_5500;XIREC;7.0;3
118100;;;VELVETFRUIT_EXTRACT;XIREC;5260.0;3
122100;;SUBMISSION;VEV_5500;XIREC;6.0;25
122200;SUBMISSION;;VEV_5500;XIREC;7.0;25
122600;;SUBMISSION;VEV_5500;XIREC;6.0;26
122700;;SUBMISSION;VEV_5500;XIREC;6.0;30
122800;;SUBMISSION;VEV_5500;XIREC;6.0;26
122900;;SUBMISSION;VEV_5500;XIREC;6.0;23
122900;;;VELVETFRUIT_EXTRACT;XIREC;5258.0;8
123000;;SUBMISSION;VEV_5500;XIREC;6.0;20
123100;;SUBMISSION;VEV_5500;XIREC;6.0;26
123200;;SUBMISSION;VEV_5500;XIREC;6.0;28
123300;;SUBMISSION;VEV_5500;XIREC;6.0;21
123400;;SUBMISSION;VEV_5500;XIREC;6.0;27
123500;;SUBMISSION;VEV_5300;XIREC;50.0;5
123500;;SUBMISSION;VEV_5500;XIREC;6.0;24
123600;;SUBMISSION;VEV_5500;XIREC;6.0;28
123900;SUBMISSION;;VEV_5300;XIREC;51.0;5
124900;;SUBMISSION;HYDROGEL_PACK;XIREC;10021.0;3
126800;;SUBMISSION;HYDROGEL_PACK;XIREC;10014.0;2
127300;SUBMISSION;;VEV_5500;XIREC;7.0;21
127400;SUBMISSION;;VEV_5500;XIREC;7.0;21
127500;SUBMISSION;;VEV_5500;XIREC;6.0;18
127600;SUBMISSION;;VEV_5500;XIREC;6.0;20
127700;SUBMISSION;;VEV_5500;XIREC;6.0;26
127800;SUBMISSION;;VEV_5500;XIREC;6.0;22
127900;SUBMISSION;;VEV_5500;XIREC;6.0;16
128000;SUBMISSION;;VEV_5500;XIREC;6.0;24
128100;SUBMISSION;;VEV_5500;XIREC;6.0;26
128200;SUBMISSION;;VEV_5500;XIREC;6.0;29
128300;SUBMISSION;;VEV_5500;XIREC;6.0;21
128400;SUBMISSION;;VEV_5500;XIREC;6.0;21
128500;SUBMISSION;;VEV_5500;XIREC;6.0;14
129300;;;VELVETFRUIT_EXTRACT;XIREC;5255.0;8
129300;;;VELVETFRUIT_EXTRACT;XIREC;5255.0;5
129400;;SUBMISSION;HYDROGEL_PACK;XIREC;10008.0;4
129600;;;VELVETFRUIT_EXTRACT;XIREC;5255.0;6
129700;;;VEV_5300;XIREC;46.0;4
129700;;;VEV_5400;XIREC;14.0;4
129700;;;VEV_5500;XIREC;5.0;4
129700;;;VEV_6000;XIREC;0.0;4
129700;;;VEV_6500;XIREC;0.0;4
130100;;;VELVETFRUIT_EXTRACT;XIREC;5256.0;5
130300;;;VELVETFRUIT_EXTRACT;XIREC;5252.0;6
133000;;;VELVETFRUIT_EXTRACT;XIREC;5260.0;7
134300;;;VELVETFRUIT_EXTRACT;XIREC;5255.0;9
135500;;;VELVETFRUIT_EXTRACT;XIREC;5259.0;7
137000;;;HYDROGEL_PACK;XIREC;10007.0;3
137400;;SUBMISSION;VEV_5500;XIREC;6.0;19
137500;SUBMISSION;;VEV_5500;XIREC;7.0;19
138700;;SUBMISSION;VELVETFRUIT_EXTRACT;XIREC;5261.0;3
139300;SUBMISSION;;VELVETFRUIT_EXTRACT;XIREC;5256.0;3
140500;;;VELVETFRUIT_EXTRACT;XIREC;5257.0;6
140900;SUBMISSION;;VEV_4000;XIREC;1251.0;1
141500;;SUBMISSION;HYDROGEL_PACK;XIREC;10020.0;12
141500;;SUBMISSION;HYDROGEL_PACK;XIREC;10017.0;10
141600;;SUBMISSION;HYDROGEL_PACK;XIREC;10020.0;1
141700;;SUBMISSION;HYDROGEL_PACK;XIREC;10021.0;15
141700;;SUBMISSION;HYDROGEL_PACK;XIREC;10018.0;24
142300;;SUBMISSION;VELVETFRUIT_EXTRACT;XIREC;5259.0;6
143100;;SUBMISSION;VELVETFRUIT_EXTRACT;XIREC;5260.0;7
143500;;SUBMISSION;VEV_5500;XIREC;6.0;20
143600;;SUBMISSION;VEV_5500;XIREC;6.0;17
143700;;SUBMISSION;VEV_5500;XIREC;6.0;21
143800;SUBMISSION;;HYDROGEL_PACK;XIREC;9997.0;5
143800;;SUBMISSION;VEV_5300;XIREC;49.0;3
143800;;SUBMISSION;VEV_5400;XIREC;15.0;3
143800;SUBMISSION;;VEV_5400;XIREC;16.0;3
143800;;SUBMISSION;VEV_5500;XIREC;6.0;21
143900;SUBMISSION;;VEV_5300;XIREC;50.0;3
143900;;SUBMISSION;VEV_5500;XIREC;6.0;21
144000;;SUBMISSION;VEV_5500;XIREC;6.0;24
144100;;SUBMISSION;VEV_5400;XIREC;15.0;5
144100;SUBMISSION;;VEV_5400;XIREC;16.0;5
144100;;SUBMISSION;VEV_5500;XIREC;6.0;23
144200;;SUBMISSION;VEV_5500;XIREC;6.0;23
144300;;SUBMISSION;VELVETFRUIT_EXTRACT;XIREC;5265.0;6
144300;;SUBMISSION;VEV_5300;XIREC;49.0;3
144300;;SUBMISSION;VEV_5500;XIREC;6.0;28
144400;SUBMISSION;;VEV_4000;XIREC;1258.0;1
144400;;SUBMISSION;VEV_5500;XIREC;6.0;28
144500;;SUBMISSION;VEV_5500;XIREC;6.0;18
144600;;SUBMISSION;VEV_5500;XIREC;6.0;28
145100;;SUBMISSION;HYDROGEL_PACK;XIREC;10011.0;5
145200;;SUBMISSION;VEV_5400;XIREC;16.0;24
145300;;SUBMISSION;VEV_5400;XIREC;16.0;27
145400;SUBMISSION;;HYDROGEL_PACK;XIREC;9996.0;2
145400;;SUBMISSION;VEV_5400;XIREC;16.0;27
145800;SUBMISSION;;VEV_4000;XIREC;1262.0;1
145900;;SUBMISSION;VEV_5400;XIREC;16.0;7
146200;SUBMISSION;;VEV_5400;XIREC;16.0;9
146200;SUBMISSION;;VEV_5400;XIREC;17.0;12
146300;SUBMISSION;;VEV_5400;XIREC;16.0;22
146400;SUBMISSION;;VEV_5400;XIREC;16.0;16
146500;SUBMISSION;;VEV_5400;XIREC;16.0;22
146600;SUBMISSION;;VEV_5300;XIREC;50.0;3
146600;SUBMISSION;;VEV_5400;XIREC;16.0;4
147200;;;VELVETFRUIT_EXTRACT;XIREC;5259.0;8
149600;;SUBMISSION;VEV_5400;XIREC;16.0;21
149700;;SUBMISSION;VEV_5400;XIREC;16.0;24
149900;;SUBMISSION;VEV_5400;XIREC;16.0;29
149900;;;HYDROGEL_PACK;XIREC;10007.0;3
150400;;SUBMISSION;VEV_4000;XIREC;1273.0;1
150600;;SUBMISSION;HYDROGEL_PACK;XIREC;10027.0;4
150700;;SUBMISSION;VEV_5400;XIREC;16.0;26
150800;;SUBMISSION;VEV_5400;XIREC;16.0;25
151200;;SUBMISSION;VEV_5400;XIREC;17.0;10
151400;;;HYDROGEL_PACK;XIREC;10014.0;3
151600;;;HYDROGEL_PACK;XIREC;10014.0;6
152300;;SUBMISSION;VEV_5400;XIREC;17.0;7
152700;;SUBMISSION;VELVETFRUIT_EXTRACT;XIREC;5272.0;59
153100;;SUBMISSION;VEV_4000;XIREC;1279.0;3
153200;;;HYDROGEL_PACK;XIREC;10008.0;5
153400;;SUBMISSION;VEV_5400;XIREC;16.0;21
153500;;SUBMISSION;VEV_5400;XIREC;16.0;25
153700;;SUBMISSION;VEV_5400;XIREC;16.0;25
153800;;SUBMISSION;VEV_5400;XIREC;16.0;24
153900;;SUBMISSION;VEV_5400;XIREC;16.0;19
154000;;SUBMISSION;VEV_5400;XIREC;16.0;17
154300;;SUBMISSION;VELVETFRUIT_EXTRACT;XIREC;5274.0;6
155100;;SUBMISSION;VELVETFRUIT_EXTRACT;XIREC;5276.0;8
155200;;SUBMISSION;VELVETFRUIT_EXTRACT;XIREC;5273.0;20
155200;;SUBMISSION;VELVETFRUIT_EXTRACT;XIREC;5272.0;44
155300;;SUBMISSION;VELVETFRUIT_EXTRACT;XIREC;5276.0;3
155400;;SUBMISSION;VELVETFRUIT_EXTRACT;XIREC;5272.0;19
155700;;SUBMISSION;VELVETFRUIT_EXTRACT;XIREC;5276.0;4
155800;;SUBMISSION;VELVETFRUIT_EXTRACT;XIREC;5274.0;18
155800;;SUBMISSION;VELVETFRUIT_EXTRACT;XIREC;5273.0;47
155800;;;VELVETFRUIT_EXTRACT;XIREC;5274.0;7
155900;;SUBMISSION;VEV_4000;XIREC;1280.0;2
156000;;SUBMISSION;VELVETFRUIT_EXTRACT;XIREC;5273.0;24
156000;;SUBMISSION;VELVETFRUIT_EXTRACT;XIREC;5272.0;34
156200;;SUBMISSION;VELVETFRUIT_EXTRACT;XIREC;5274.0;25
156200;;SUBMISSION;VELVETFRUIT_EXTRACT;XIREC;5274.0;5
156200;;;VELVETFRUIT_EXTRACT;XIREC;5275.0;9
156300;;SUBMISSION;VELVETFRUIT_EXTRACT;XIREC;5274.0;56
156400;;SUBMISSION;VELVETFRUIT_EXTRACT;XIREC;5274.0;9
157000;;SUBMISSION;HYDROGEL_PACK;XIREC;10023.0;4
157400;;;VELVETFRUIT_EXTRACT;XIREC;5272.0;13
160400;;SUBMISSION;HYDROGEL_PACK;XIREC;10021.0;13
160400;;SUBMISSION;HYDROGEL_PACK;XIREC;10019.0;6
160500;;SUBMISSION;HYDROGEL_PACK;XIREC;10022.0;14
160500;;SUBMISSION;HYDROGEL_PACK;XIREC;10020.0;24
161100;;SUBMISSION;HYDROGEL_PACK;XIREC;10027.0;4
164100;;;VELVETFRUIT_EXTRACT;XIREC;5282.0;5
164200;;;VELVETFRUIT_EXTRACT;XIREC;5278.0;7
164500;;SUBMISSION;HYDROGEL_PACK;XIREC;10023.0;14
164500;;SUBMISSION;HYDROGEL_PACK;XIREC;10020.0;20
164600;;SUBMISSION;HYDROGEL_PACK;XIREC;10023.0;10
164600;;SUBMISSION;HYDROGEL_PACK;XIREC;10021.0;25
164600;;;HYDROGEL_PACK;XIREC;10023.0;6
164700;;SUBMISSION;HYDROGEL_PACK;XIREC;10023.0;15
164700;;SUBMISSION;HYDROGEL_PACK;XIREC;10020.0;5
165500;;SUBMISSION;HYDROGEL_PACK;XIREC;10029.0;4
165500;;SUBMISSION;HYDROGEL_PACK;XIREC;10021.0;10
165500;;SUBMISSION;HYDROGEL_PACK;XIREC;10019.0;29
165700;;;VELVETFRUIT_EXTRACT;XIREC;5273.0;10
166700;;SUBMISSION;VEV_4000;XIREC;1278.0;3
169000;;SUBMISSION;HYDROGEL_PACK;XIREC;10027.0;2
169000;SUBMISSION;;VEV_5400;XIREC;16.0;3
169000;SUBMISSION;;VEV_5500;XIREC;6.0;3
169000;;;VEV_5300;XIREC;52.0;3
169000;;;VEV_6000;XIREC;0.0;3
169000;;;VEV_6500;XIREC;0.0;3
169200;;SUBMISSION;HYDROGEL_PACK;XIREC;10024.0;5
169200;SUBMISSION;;VEV_4000;XIREC;1266.0;3
169900;;;VELVETFRUIT_EXTRACT;XIREC;5267.0;3
170100;;SUBMISSION;HYDROGEL_PACK;XIREC;10019.0;4
170500;;;VELVETFRUIT_EXTRACT;XIREC;5272.0;7
171500;;;VELVETFRUIT_EXTRACT;XIREC;5271.0;7
171800;;;VEV_5400;XIREC;17.0;5
171800;;;VEV_5500;XIREC;7.0;5
171800;;;VEV_6000;XIREC;0.0;5
171800;;;VEV_6500;XIREC;0.0;5
172600;;;VELVETFRUIT_EXTRACT;XIREC;5276.0;8
174000;;;VELVETFRUIT_EXTRACT;XIREC;5278.0;6
175000;;;VELVETFRUIT_EXTRACT;XIREC;5279.0;4
177100;;;HYDROGEL_PACK;XIREC;10011.0;3
178100;;;HYDROGEL_PACK;XIREC;10007.0;3
178200;;;VELVETFRUIT_EXTRACT;XIREC;5272.0;3
179100;;;VELVETFRUIT_EXTRACT;XIREC;5275.0;8
181500;SUBMISSION;;VEV_5400;XIREC;16.0;24
181600;SUBMISSION;;HYDROGEL_PACK;XIREC;9997.0;5
182700;SUBMISSION;;VEV_5400;XIREC;16.0;18
182800;SUBMISSION;;VEV_5400;XIREC;16.0;30
183200;SUBMISSION;;VEV_5400;XIREC;16.0;24
183300;SUBMISSION;;VEV_5400;XIREC;16.0;25
183400;SUBMISSION;;VEV_5400;XIREC;16.0;25
183800;SUBMISSION;;VEV_5400;XIREC;16.0;10
183800;SUBMISSION;;VEV_5400;XIREC;17.0;15
183900;SUBMISSION;;VELVETFRUIT_EXTRACT;XIREC;5263.0;9
183900;SUBMISSION;;VEV_5400;XIREC;16.0;28
184000;SUBMISSION;;VEV_5400;XIREC;16.0;21
184100;SUBMISSION;;VEV_5400;XIREC;16.0;28
184200;SUBMISSION;;VELVETFRUIT_EXTRACT;XIREC;5264.0;23
184200;SUBMISSION;;VEV_5400;XIREC;16.0;22
184400;SUBMISSION;;VELVETFRUIT_EXTRACT;XIREC;5264.0;52
184500;SUBMISSION;;VELVETFRUIT_EXTRACT;XIREC;5264.0;54
184600;SUBMISSION;;VELVETFRUIT_EXTRACT;XIREC;5264.0;54
184700;SUBMISSION;;VELVETFRUIT_EXTRACT;XIREC;5264.0;25
185500;SUBMISSION;;VELVETFRUIT_EXTRACT;XIREC;5262.0;19
185500;SUBMISSION;;VELVETFRUIT_EXTRACT;XIREC;5263.0;43
185500;;;VELVETFRUIT_EXTRACT;XIREC;5262.0;5
185600;SUBMISSION;;VELVETFRUIT_EXTRACT;XIREC;5263.0;56
186100;SUBMISSION;;VELVETFRUIT_EXTRACT;XIREC;5263.0;24
186200;SUBMISSION;;VELVETFRUIT_EXTRACT;XIREC;5262.0;19
186200;SUBMISSION;;VELVETFRUIT_EXTRACT;XIREC;5263.0;22
186600;SUBMISSION;;VEV_5500;XIREC;7.0;21
186700;SUBMISSION;;VEV_5500;XIREC;6.0;9
186700;SUBMISSION;;VEV_5500;XIREC;7.0;12
186800;SUBMISSION;;VEV_5500;XIREC;6.0;21
186900;SUBMISSION;;VEV_5500;XIREC;7.0;18
187000;SUBMISSION;;VEV_5500;XIREC;6.0;21
187100;SUBMISSION;;VEV_5500;XIREC;7.0;21
187200;SUBMISSION;;VEV_5500;XIREC;6.0;27
187300;SUBMISSION;;VEV_5500;XIREC;6.0;27
187400;SUBMISSION;;VEV_5500;XIREC;7.0;21
187500;SUBMISSION;;VEV_5500;XIREC;7.0;23
187600;SUBMISSION;;VEV_5500;XIREC;7.0;26
187700;SUBMISSION;;VEV_5500;XIREC;7.0;22
188200;;;VELVETFRUIT_EXTRACT;XIREC;5255.0;3
188500;SUBMISSION;;HYDROGEL_PACK;XIREC;9999.0;14
188600;SUBMISSION;;HYDROGEL_PACK;XIREC;9994.0;14
188600;SUBMISSION;;HYDROGEL_PACK;XIREC;9997.0;24
188700;SUBMISSION;;HYDROGEL_PACK;XIREC;9992.0;14
188700;SUBMISSION;;HYDROGEL_PACK;XIREC;9995.0;21
188800;SUBMISSION;;HYDROGEL_PACK;XIREC;9990.0;11
188800;SUBMISSION;;HYDROGEL_PACK;XIREC;9992.0;23
188900;SUBMISSION;;HYDROGEL_PACK;XIREC;9988.0;10
188900;SUBMISSION;;HYDROGEL_PACK;XIREC;9991.0;20
189000;SUBMISSION;;HYDROGEL_PACK;XIREC;9990.0;10
189000;SUBMISSION;;HYDROGEL_PACK;XIREC;9993.0;26
189100;SUBMISSION;;HYDROGEL_PACK;XIREC;9989.0;13
189100;SUBMISSION;;HYDROGEL_PACK;XIREC;9992.0;22
189100;;;VEV_5300;XIREC;47.0;4
189100;;;VEV_5400;XIREC;14.0;4
189100;;;VEV_5500;XIREC;6.0;4
189100;;;VEV_6000;XIREC;0.0;4
189100;;;VEV_6500;XIREC;0.0;4
189200;SUBMISSION;;HYDROGEL_PACK;XIREC;9991.0;11
189200;SUBMISSION;;HYDROGEL_PACK;XIREC;9994.0;26
189300;SUBMISSION;;HYDROGEL_PACK;XIREC;9991.0;11
189300;SUBMISSION;;HYDROGEL_PACK;XIREC;9994.0;6
189700;;;VELVETFRUIT_EXTRACT;XIREC;5257.0;6
190200;;SUBMISSION;VEV_5500;XIREC;6.0;17
190300;;SUBMISSION;VEV_5500;XIREC;6.0;22
190400;SUBMISSION;;VEV_5500;XIREC;7.0;20
190500;;SUBMISSION;VEV_5500;XIREC;6.0;23
190600;;SUBMISSION;VEV_5500;XIREC;6.0;19
190700;;SUBMISSION;VEV_5500;XIREC;6.0;29
190800;;SUBMISSION;VEV_5500;XIREC;6.0;26
190900;;SUBMISSION;VEV_4000;XIREC;1265.0;1
190900;;SUBMISSION;VEV_5500;XIREC;6.0;22
191000;;SUBMISSION;VEV_5500;XIREC;6.0;28
191100;;SUBMISSION;VEV_5500;XIREC;6.0;23
191200;;SUBMISSION;VEV_5500;XIREC;6.0;28
191300;;SUBMISSION;VEV_5500;XIREC;6.0;20
191400;;SUBMISSION;VEV_5500;XIREC;6.0;29
192700;SUBMISSION;;VEV_4000;XIREC;1258.0;2
193400;;;HYDROGEL_PACK;XIREC;9993.0;4
194700;;;VELVETFRUIT_EXTRACT;XIREC;5262.0;10
194900;;;VELVETFRUIT_EXTRACT;XIREC;5257.0;6
195200;;SUBMISSION;VEV_4000;XIREC;1265.0;2
195500;;;VELVETFRUIT_EXTRACT;XIREC;5264.0;6
195600;;;HYDROGEL_PACK;XIREC;9972.0;5
196700;;;VELVETFRUIT_EXTRACT;XIREC;5261.0;6
196800;SUBMISSION;;VEV_4000;XIREC;1258.0;2
199400;;;VELVETFRUIT_EXTRACT;XIREC;5262.0;8
200400;SUBMISSION;;VEV_4000;XIREC;1257.0;1
201300;;;VELVETFRUIT_EXTRACT;XIREC;5259.0;6
201500;SUBMISSION;;VEV_4000;XIREC;1253.0;1
201700;SUBMISSION;;VEV_5500;XIREC;7.0;23
201800;SUBMISSION;;VEV_5500;XIREC;7.0;17
201900;SUBMISSION;;VEV_5500;XIREC;6.0;19
202000;SUBMISSION;;VEV_5500;XIREC;7.0;22
202100;SUBMISSION;;VEV_5500;XIREC;7.0;19
202200;;SUBMISSION;VEV_5500;XIREC;6.0;8
202300;SUBMISSION;;VEV_4000;XIREC;1254.0;1
202300;;SUBMISSION;VEV_5500;XIREC;6.0;17
202400;;SUBMISSION;VEV_5500;XIREC;6.0;30
202500;;SUBMISSION;VEV_5500;XIREC;6.0;25
202600;;SUBMISSION;VEV_5500;XIREC;6.0;21
203500;;;VELVETFRUIT_EXTRACT;XIREC;5263.0;4
204300;SUBMISSION;;VEV_5500;XIREC;7.0;21
204400;;SUBMISSION;VEV_5500;XIREC;6.0;13
204400;;;VEV_5300;XIREC;47.0;5
204400;;;VEV_5400;XIREC;14.0;5
204400;;;VEV_5500;XIREC;6.0;5
204400;;;VEV_6000;XIREC;0.0;5
204400;;;VEV_6500;XIREC;0.0;5
204500;;SUBMISSION;VEV_5500;XIREC;6.0;18
204600;;SUBMISSION;VEV_5400;XIREC;15.0;5
204600;SUBMISSION;;VEV_5400;XIREC;16.0;5
205000;;;VELVETFRUIT_EXTRACT;XIREC;5263.0;5
206000;;SUBMISSION;VELVETFRUIT_EXTRACT;XIREC;5267.0;6
206200;;;HYDROGEL_PACK;XIREC;9992.0;3
206400;;SUBMISSION;VEV_5400;XIREC;16.0;10
206500;;SUBMISSION;VEV_5400;XIREC;16.0;25
206600;;SUBMISSION;VEV_5400;XIREC;16.0;27
206600;;;HYDROGEL_PACK;XIREC;9976.0;3
206700;;SUBMISSION;VEV_5400;XIREC;16.0;23
206700;;;HYDROGEL_PACK;XIREC;9981.0;5
206800;;SUBMISSION;VEV_5400;XIREC;16.0;25
207000;;SUBMISSION;VELVETFRUIT_EXTRACT;XIREC;5267.0;15
207000;;SUBMISSION;VEV_5400;XIREC;16.0;24
207100;;SUBMISSION;VEV_5400;XIREC;16.0;20
207500;;SUBMISSION;VEV_5400;XIREC;16.0;29
207800;;SUBMISSION;VEV_5400;XIREC;16.0;19
208200;;SUBMISSION;VEV_5400;XIREC;16.0;25
208300;;SUBMISSION;VEV_5400;XIREC;16.0;21
208400;;SUBMISSION;VEV_5400;XIREC;16.0;18
209400;;;VELVETFRUIT_EXTRACT;XIREC;5265.0;4
210200;SUBMISSION;;VEV_5400;XIREC;16.0;27
210300;SUBMISSION;;VEV_5400;XIREC;16.0;23
210400;SUBMISSION;;VEV_5400;XIREC;16.0;30
210500;SUBMISSION;;VEV_5400;XIREC;16.0;24
210700;SUBMISSION;;VEV_5400;XIREC;16.0;9
210700;SUBMISSION;;VEV_5400;XIREC;17.0;18
211100;;SUBMISSION;VEV_5400;XIREC;16.0;18
211200;;SUBMISSION;VEV_5400;XIREC;16.0;28
211300;;SUBMISSION;VEV_5400;XIREC;16.0;20
211400;;SUBMISSION;VEV_5400;XIREC;16.0;28
211400;;;VELVETFRUIT_EXTRACT;XIREC;5264.0;7
211600;;SUBMISSION;VEV_5400;XIREC;16.0;19
211700;;SUBMISSION;VEV_5400;XIREC;16.0;15
212000;;SUBMISSION;VEV_5400;XIREC;16.0;24
212100;;SUBMISSION;VELVETFRUIT_EXTRACT;XIREC;5270.0;4
212100;SUBMISSION;;VEV_4000;XIREC;1262.0;2
212200;;SUBMISSION;VELVETFRUIT_EXTRACT;XIREC;5266.0;5
212900;;;VELVETFRUIT_EXTRACT;XIREC;5266.0;5
215800;SUBMISSION;;VEV_5400;XIREC;16.0;7
215800;SUBMISSION;;VEV_5400;XIREC;17.0;11
217100;SUBMISSION;;VEV_5400;XIREC;16.0;25
217200;SUBMISSION;;VELVETFRUIT_EXTRACT;XIREC;5263.0;4
217400;SUBMISSION;;VEV_5400;XIREC;16.0;23
217500;SUBMISSION;;VEV_5400;XIREC;16.0;21
217600;SUBMISSION;;VEV_5400;XIREC;16.0;23
217700;SUBMISSION;;VEV_5400;XIREC;16.0;29
217800;SUBMISSION;;VELVETFRUIT_EXTRACT;XIREC;5261.0;6
217800;SUBMISSION;;VEV_5400;XIREC;16.0;17
217900;SUBMISSION;;VEV_5400;XIREC;16.0;19
218900;SUBMISSION;;VEV_5400;XIREC;16.0;18
219100;SUBMISSION;;VEV_5400;XIREC;16.0;22
219200;SUBMISSION;;VEV_5400;XIREC;16.0;10
219200;SUBMISSION;;VEV_5400;XIREC;17.0;13
219200;;;HYDROGEL_PACK;XIREC;9954.0;4
219900;;SUBMISSION;VEV_5400;XIREC;16.0;24
220600;SUBMISSION;;VELVETFRUIT_EXTRACT;XIREC;5261.0;4
220600;SUBMISSION;;VEV_5400;XIREC;16.0;25
220800;;SUBMISSION;VELVETFRUIT_EXTRACT;XIREC;5265.0;6
220800;SUBMISSION;;VEV_5400;XIREC;16.0;25
220900;SUBMISSION;;VEV_5400;XIREC;16.0;18
221000;SUBMISSION;;VEV_5400;XIREC;16.0;5
221200;;;HYDROGEL_PACK;XIREC;9963.0;6
221300;SUBMISSION;;VELVETFRUIT_EXTRACT;XIREC;5258.0;9
221300;SUBMISSION;;VELVETFRUIT_EXTRACT;XIREC;5262.0;13
221400;SUBMISSION;;VEV_5500;XIREC;7.0;29
221500;SUBMISSION;;VEV_5500;XIREC;7.0;26
221600;SUBMISSION;;VEV_5500;XIREC;7.0;21
221700;SUBMISSION;;VEV_5500;XIREC;7.0;20
221800;SUBMISSION;;VEV_5500;XIREC;7.0;27
221900;SUBMISSION;;VEV_5500;XIREC;7.0;24
222000;SUBMISSION;;VEV_5500;XIREC;7.0;25
222100;SUBMISSION;;VEV_5500;XIREC;7.0;29
222200;;SUBMISSION;VEV_5500;XIREC;6.0;25
222300;SUBMISSION;;VEV_5500;XIREC;7.0;25
222400;;SUBMISSION;VEV_5500;XIREC;6.0;15
222500;;SUBMISSION;VEV_5500;XIREC;6.0;19
222600;;SUBMISSION;VEV_5500;XIREC;6.0;20
222700;;SUBMISSION;VEV_5500;XIREC;6.0;24
222800;;SUBMISSION;VEV_5500;XIREC;6.0;27
222900;;SUBMISSION;VEV_5500;XIREC;6.0;19
223000;;SUBMISSION;VEV_5500;XIREC;6.0;27
223100;;SUBMISSION;VEV_5500;XIREC;6.0;24
223200;;SUBMISSION;VEV_5500;XIREC;6.0;21
224300;;;HYDROGEL_PACK;XIREC;9942.0;4
224900;;SUBMISSION;VEV_5400;XIREC;16.0;21
225100;;SUBMISSION;VEV_5400;XIREC;16.0;25
225200;;SUBMISSION;VEV_5400;XIREC;16.0;22
225300;;SUBMISSION;VEV_5400;XIREC;16.0;26
225400;;SUBMISSION;VEV_5400;XIREC;16.0;25
225500;;SUBMISSION;VEV_5400;XIREC;16.0;21
225500;;;VEV_5300;XIREC;50.0;5
225500;;;VEV_5400;XIREC;16.0;5
225500;;;VEV_5500;XIREC;6.0;5
225500;;;VEV_6000;XIREC;0.0;5
225500;;;VEV_6500;XIREC;0.0;5
225600;;SUBMISSION;VEV_5400;XIREC;16.0;28
225900;SUBMISSION;;VEV_5400;XIREC;16.0;10
225900;SUBMISSION;;VEV_5400;XIREC;17.0;14
226200;SUBMISSION;;VEV_5400;XIREC;16.0;28
226300;SUBMISSION;;VEV_5400;XIREC;16.0;20
226800;;SUBMISSION;VEV_5400;XIREC;16.0;7
227100;SUBMISSION;;VEV_5400;XIREC;16.0;28
227400;SUBMISSION;;VEV_5400;XIREC;16.0;23
227500;SUBMISSION;;VEV_5400;XIREC;16.0;29
227600;SUBMISSION;;VEV_5400;XIREC;16.0;23
228200;SUBMISSION;;VEV_5500;XIREC;7.0;29
228300;SUBMISSION;;VEV_5500;XIREC;7.0;22
228400;SUBMISSION;;VEV_5500;XIREC;6.0;28
228500;SUBMISSION;;VEV_5500;XIREC;7.0;26
228600;;SUBMISSION;VEV_5500;XIREC;6.0;27
228700;;SUBMISSION;VEV_5500;XIREC;6.0;28
228800;;SUBMISSION;VEV_5500;XIREC;6.0;20
228900;;SUBMISSION;VEV_5500;XIREC;6.0;20
229000;;SUBMISSION;VEV_5500;XIREC;6.0;25
229400;;;VELVETFRUIT_EXTRACT;XIREC;5260.0;7
230500;;SUBMISSION;VEV_5400;XIREC;16.0;20
230600;;SUBMISSION;VEV_5400;XIREC;16.0;25
230700;;SUBMISSION;VEV_5400;XIREC;16.0;26
230800;;SUBMISSION;VEV_5400;XIREC;16.0;25
231200;;SUBMISSION;VEV_5400;XIREC;16.0;22
231400;;SUBMISSION;VEV_5400;XIREC;16.0;16
231500;;SUBMISSION;VEV_5400;XIREC;16.0;6
231600;;;VELVETFRUIT_EXTRACT;XIREC;5262.0;5
231800;SUBMISSION;;VEV_5400;XIREC;16.0;7
231800;SUBMISSION;;VEV_5400;XIREC;17.0;16
231900;;SUBMISSION;VEV_4000;XIREC;1270.0;2
232000;;SUBMISSION;VELVETFRUIT_EXTRACT;XIREC;5266.0;8
232300;SUBMISSION;;VEV_5400;XIREC;16.0;24
232400;SUBMISSION;;VEV_5400;XIREC;16.0;20
232500;SUBMISSION;;VEV_5400;XIREC;16.0;29
232600;SUBMISSION;;VEV_5400;XIREC;16.0;10
232600;SUBMISSION;;VEV_5400;XIREC;17.0;14
233000;;SUBMISSION;VEV_5400;XIREC;16.0;20
233000;;;HYDROGEL_PACK;XIREC;9927.0;3
233200;;SUBMISSION;VEV_5400;XIREC;16.0;24
233300;;SUBMISSION;VEV_5400;XIREC;16.0;22
233500;;SUBMISSION;VEV_5400;XIREC;16.0;27
233600;;SUBMISSION;VEV_5400;XIREC;16.0;24
233700;;SUBMISSION;VEV_5400;XIREC;16.0;22
233800;;SUBMISSION;VEV_5400;XIREC;16.0;25
233900;;SUBMISSION;VEV_5400;XIREC;16.0;24
234000;;SUBMISSION;VEV_5400;XIREC;16.0;21
234100;;SUBMISSION;VEV_5400;XIREC;16.0;17
234200;;SUBMISSION;VEV_5400;XIREC;16.0;22
235700;;;HYDROGEL_PACK;XIREC;9906.0;6
235900;;SUBMISSION;VELVETFRUIT_EXTRACT;XIREC;5272.0;19
235900;;SUBMISSION;VELVETFRUIT_EXTRACT;XIREC;5271.0;46
237400;;SUBMISSION;VELVETFRUIT_EXTRACT;XIREC;5272.0;6
237600;;SUBMISSION;VELVETFRUIT_EXTRACT;XIREC;5270.0;8
237700;;SUBMISSION;VELVETFRUIT_EXTRACT;XIREC;5272.0;8
238900;;;HYDROGEL_PACK;XIREC;9910.0;4
239100;SUBMISSION;;VEV_5400;XIREC;16.0;16
239200;SUBMISSION;;VEV_5400;XIREC;16.0;28
239300;SUBMISSION;;VEV_5400;XIREC;16.0;18
239300;;;HYDROGEL_PACK;XIREC;9909.0;2
239400;SUBMISSION;;VEV_5400;XIREC;16.0;20
239400;;;HYDROGEL_PACK;XIREC;9910.0;4
239400;;;VEV_5400;XIREC;15.0;2
239400;;;VEV_5500;XIREC;6.0;2
239400;;;VEV_6000;XIREC;0.0;2
239400;;;VEV_6500;XIREC;0.0;2
239800;;SUBMISSION;VEV_5400;XIREC;16.0;10
239800;;;HYDROGEL_PACK;XIREC;9925.0;5
239900;;SUBMISSION;VEV_5400;XIREC;16.0;8
240100;;SUBMISSION;VEV_5400;XIREC;16.0;23
240200;;SUBMISSION;VEV_5400;XIREC;16.0;17
241600;;SUBMISSION;VELVETFRUIT_EXTRACT;XIREC;5274.0;16
241600;;SUBMISSION;VELVETFRUIT_EXTRACT;XIREC;5273.0;47
241600;;SUBMISSION;VEV_5400;XIREC;18.0;21
241700;;SUBMISSION;VELVETFRUIT_EXTRACT;XIREC;5273.0;64
241700;;SUBMISSION;VEV_5400;XIREC;18.0;23
241900;;SUBMISSION;VELVETFRUIT_EXTRACT;XIREC;5272.0;27
242100;;SUBMISSION;VELVETFRUIT_EXTRACT;XIREC;5275.0;8
242600;;SUBMISSION;VELVETFRUIT_EXTRACT;XIREC;5274.0;7
242600;;SUBMISSION;VELVETFRUIT_EXTRACT;XIREC;5272.0;25
242600;;SUBMISSION;VELVETFRUIT_EXTRACT;XIREC;5271.0;41
243500;;SUBMISSION;VELVETFRUIT_EXTRACT;XIREC;5273.0;4
243800;;;HYDROGEL_PACK;XIREC;9919.0;4
244000;;SUBMISSION;VELVETFRUIT_EXTRACT;XIREC;5273.0;25
244000;;SUBMISSION;VELVETFRUIT_EXTRACT;XIREC;5272.0;41
244900;;;VELVETFRUIT_EXTRACT;XIREC;5276.0;4
249400;;SUBMISSION;VEV_4000;XIREC;1281.0;3
249800;SUBMISSION;;VEV_4000;XIREC;1272.0;2
253000;SUBMISSION;;VEV_5400;XIREC;16.0;3
253000;SUBMISSION;;VEV_5500;XIREC;6.0;3
253000;;;VEV_6000;XIREC;0.0;3
253000;;;VEV_6500;XIREC;0.0;3
254300;;;HYDROGEL_PACK;XIREC;9951.0;2
256200;;;HYDROGEL_PACK;XIREC;9927.0;5
258000;;;VELVETFRUIT_EXTRACT;XIREC;5271.0;15
258900;;;HYDROGEL_PACK;XIREC;9928.0;2
259500;;;VELVETFRUIT_EXTRACT;XIREC;5273.0;4
263900;;;VELVETFRUIT_EXTRACT;XIREC;5281.0;4
264200;;;HYDROGEL_PACK;XIREC;9927.0;6
264700;;;HYDROGEL_PACK;XIREC;9907.0;2
265100;;;VELVETFRUIT_EXTRACT;XIREC;5285.0;6
265200;;;HYDROGEL_PACK;XIREC;9909.0;5
265500;;;VELVETFRUIT_EXTRACT;XIREC;5285.0;6
266800;SUBMISSION;;VEV_4000;XIREC;1280.0;1
267000;;;VELVETFRUIT_EXTRACT;XIREC;5289.0;6
267400;;;VELVETFRUIT_EXTRACT;XIREC;5283.0;4
267900;;;HYDROGEL_PACK;XIREC;9926.0;6
268200;;;VELVETFRUIT_EXTRACT;XIREC;5280.0;7
268600;;;VELVETFRUIT_EXTRACT;XIREC;5281.0;5
268900;SUBMISSION;;VEV_5400;XIREC;19.0;4
268900;SUBMISSION;;VEV_5500;XIREC;8.0;4
268900;;;VEV_6000;XIREC;0.0;4
268900;;;VEV_6500;XIREC;0.0;4
269700;;SUBMISSION;VEV_4000;XIREC;1283.0;1
270500;;SUBMISSION;VEV_4000;XIREC;1286.0;1
271100;;;VELVETFRUIT_EXTRACT;XIREC;5276.0;3
272000;;;VEV_5500;XIREC;8.0;3
272000;;;VEV_6000;XIREC;0.0;3
272000;;;VEV_6500;XIREC;0.0;3
272700;;;VELVETFRUIT_EXTRACT;XIREC;5277.0;3
272900;;SUBMISSION;VEV_4000;XIREC;1285.0;3
272900;;;HYDROGEL_PACK;XIREC;9924.0;5
273400;;;HYDROGEL_PACK;XIREC;9922.0;3
273500;;;HYDROGEL_PACK;XIREC;9921.0;6
274100;;;VELVETFRUIT_EXTRACT;XIREC;5279.0;6
274300;;;VELVETFRUIT_EXTRACT;XIREC;5280.0;8
274400;;;HYDROGEL_PACK;XIREC;9907.0;3
274600;;;VELVETFRUIT_EXTRACT;XIREC;5274.0;3
275200;SUBMISSION;;VEV_5500;XIREC;7.0;5
275200;;;VEV_5400;XIREC;18.0;5
275200;;;VEV_6000;XIREC;0.0;5
275200;;;VEV_6500;XIREC;0.0;5
275800;;;HYDROGEL_PACK;XIREC;9912.0;6
277000;;;HYDROGEL_PACK;XIREC;9911.0;6
277300;;;HYDROGEL_PACK;XIREC;9910.0;3
277900;SUBMISSION;;VEV_4000;XIREC;1264.0;3
278100;SUBMISSION;;VELVETFRUIT_EXTRACT;XIREC;5269.0;15
278700;;SUBMISSION;VELVETFRUIT_EXTRACT;XIREC;5273.0;6
278800;;SUBMISSION;VELVETFRUIT_EXTRACT;XIREC;5275.0;4
278800;;;HYDROGEL_PACK;XIREC;9890.0;2
279900;;;HYDROGEL_PACK;XIREC;9890.0;6
280700;SUBMISSION;;VELVETFRUIT_EXTRACT;XIREC;5269.0;6
281000;SUBMISSION;;VELVETFRUIT_EXTRACT;XIREC;5269.0;66
281000;SUBMISSION;;VEV_5500;XIREC;7.0;23
281100;;SUBMISSION;VEV_4000;XIREC;1273.0;1
281200;SUBMISSION;;VELVETFRUIT_EXTRACT;XIREC;5269.0;21
281400;SUBMISSION;;VELVETFRUIT_EXTRACT;XIREC;5269.0;9
281800;SUBMISSION;;VELVETFRUIT_EXTRACT;XIREC;5269.0;19
281800;SUBMISSION;;VEV_5500;XIREC;7.0;10
281800;SUBMISSION;;VEV_5500;XIREC;8.0;17
282200;;;HYDROGEL_PACK;XIREC;9891.0;4
282600;SUBMISSION;;VELVETFRUIT_EXTRACT;XIREC;5270.0;10
282600;;;VELVETFRUIT_EXTRACT;XIREC;5272.0;6
283300;SUBMISSION;;VELVETFRUIT_EXTRACT;XIREC;5271.0;5
283700;;;HYDROGEL_PACK;XIREC;9922.0;5
284300;;;HYDROGEL_PACK;XIREC;9923.0;6
285600;;SUBMISSION;VELVETFRUIT_EXTRACT;XIREC;5277.0;4
285800;;SUBMISSION;VELVETFRUIT_EXTRACT;XIREC;5274.0;50
285800;;SUBMISSION;VELVETFRUIT_EXTRACT;XIREC;5275.0;6
285900;;SUBMISSION;VELVETFRUIT_EXTRACT;XIREC;5275.0;24
285900;;SUBMISSION;VELVETFRUIT_EXTRACT;XIREC;5274.0;44
286000;;SUBMISSION;VELVETFRUIT_EXTRACT;XIREC;5277.0;13
286100;;;VELVETFRUIT_EXTRACT;XIREC;5278.0;5
286900;SUBMISSION;;VEV_4000;XIREC;1271.0;3
287100;;;VEV_5400;XIREC;18.0;2
287100;;;VEV_5500;XIREC;7.0;2
287100;;;VEV_6000;XIREC;0.0;2
287100;;;VEV_6500;XIREC;0.0;2
287600;;;VEV_5400;XIREC;18.0;2
287600;;;VEV_5500;XIREC;7.0;2
287600;;;VEV_6000;XIREC;0.0;2
287600;;;VEV_6500;XIREC;0.0;2
288000;;;HYDROGEL_PACK;XIREC;9936.0;5
288000;;;VELVETFRUIT_EXTRACT;XIREC;5274.0;8
289300;;;VEV_5300;XIREC;52.0;2
289300;;;VEV_5400;XIREC;17.0;2
289300;;;VEV_5500;XIREC;7.0;2
289300;;;VEV_6000;XIREC;0.0;2
289300;;;VEV_6500;XIREC;0.0;2
291000;;;HYDROGEL_PACK;XIREC;9905.0;3
291800;SUBMISSION;;VELVETFRUIT_EXTRACT;XIREC;5268.0;4
292800;;;HYDROGEL_PACK;XIREC;9921.0;6
293100;;SUBMISSION;VELVETFRUIT_EXTRACT;XIREC;5273.0;4
293100;;;VELVETFRUIT_EXTRACT;XIREC;5274.0;1
293400;;;VELVETFRUIT_EXTRACT;XIREC;5273.0;5
293600;SUBMISSION;;VEV_4000;XIREC;1265.0;2
293700;SUBMISSION;;VELVETFRUIT_EXTRACT;XIREC;5268.0;8
294600;SUBMISSION;;VEV_5400;XIREC;16.0;2
294600;;SUBMISSION;VEV_5500;XIREC;7.0;6
294600;;;VEV_5500;XIREC;7.0;2
294600;;;VEV_6000;XIREC;0.0;2
294600;;;VEV_6500;XIREC;0.0;2
296800;SUBMISSION;;VELVETFRUIT_EXTRACT;XIREC;5269.0;8
297000;SUBMISSION;;VELVETFRUIT_EXTRACT;XIREC;5267.0;15
297500;SUBMISSION;;VELVETFRUIT_EXTRACT;XIREC;5268.0;10
299100;;;HYDROGEL_PACK;XIREC;9963.0;3
300500;SUBMISSION;;VELVETFRUIT_EXTRACT;XIREC;5267.0;12
300800;;;HYDROGEL_PACK;XIREC;9946.0;4
301000;SUBMISSION;;VELVETFRUIT_EXTRACT;XIREC;5268.0;8
301200;SUBMISSION;;VELVETFRUIT_EXTRACT;XIREC;5269.0;21
301200;SUBMISSION;;VEV_5400;XIREC;17.0;29
301300;SUBMISSION;;VELVETFRUIT_EXTRACT;XIREC;5268.0;74
301300;SUBMISSION;;VEV_5400;XIREC;17.0;23
301300;;SUBMISSION;VEV_5500;XIREC;6.0;23
301300;SUBMISSION;;VEV_5500;XIREC;7.0;23
301400;SUBMISSION;;VELVETFRUIT_EXTRACT;XIREC;5269.0;23
301700;SUBMISSION;;VELVETFRUIT_EXTRACT;XIREC;5266.0;6
301700;SUBMISSION;;VELVETFRUIT_EXTRACT;XIREC;5269.0;55
301700;SUBMISSION;;VEV_4000;XIREC;1261.0;2
301700;SUBMISSION;;VEV_5400;XIREC;17.0;24
301800;SUBMISSION;;VELVETFRUIT_EXTRACT;XIREC;5268.0;71
301800;SUBMISSION;;VEV_5400;XIREC;17.0;17
301800;;SUBMISSION;VEV_5500;XIREC;6.0;17
301800;SUBMISSION;;VEV_5500;XIREC;7.0;17
301900;SUBMISSION;;VELVETFRUIT_EXTRACT;XIREC;5267.0;20
301900;SUBMISSION;;VELVETFRUIT_EXTRACT;XIREC;5268.0;45
301900;SUBMISSION;;VEV_5400;XIREC;17.0;29
301900;;SUBMISSION;VEV_5500;XIREC;6.0;29
301900;SUBMISSION;;VEV_5500;XIREC;7.0;29
302000;SUBMISSION;;VELVETFRUIT_EXTRACT;XIREC;5267.0;19
302000;SUBMISSION;;VELVETFRUIT_EXTRACT;XIREC;5268.0;5
302000;SUBMISSION;;VEV_5400;XIREC;16.0;5
302000;SUBMISSION;;VEV_5400;XIREC;17.0;14
302000;;SUBMISSION;VEV_5500;XIREC;6.0;19
302000;SUBMISSION;;VEV_5500;XIREC;7.0;19
302100;SUBMISSION;;VEV_5400;XIREC;16.0;19
302100;;SUBMISSION;VEV_5500;XIREC;6.0;19
302100;SUBMISSION;;VEV_5500;XIREC;7.0;19
302200;SUBMISSION;;VEV_5400;XIREC;16.0;9
302200;SUBMISSION;;VEV_5400;XIREC;17.0;19
302200;SUBMISSION;;VEV_5500;XIREC;7.0;28
302300;SUBMISSION;;VEV_5400;XIREC;16.0;24
302300;SUBMISSION;;VEV_5500;XIREC;7.0;24
302400;SUBMISSION;;VEV_5400;XIREC;16.0;16
302400;SUBMISSION;;VEV_5500;XIREC;7.0;16
302500;SUBMISSION;;VEV_5400;XIREC;16.0;24
302500;SUBMISSION;;VEV_5500;XIREC;7.0;24
302600;SUBMISSION;;VEV_5400;XIREC;16.0;25
302600;SUBMISSION;;VEV_5500;XIREC;7.0;25
302700;SUBMISSION;;VEV_5400;XIREC;16.0;2
302700;SUBMISSION;;VEV_5500;XIREC;7.0;19
302800;SUBMISSION;;VEV_5500;XIREC;7.0;20
302900;SUBMISSION;;VEV_5500;XIREC;7.0;26
303000;SUBMISSION;;VEV_5500;XIREC;7.0;18
303100;SUBMISSION;;VEV_4000;XIREC;1261.0;1
303800;;;HYDROGEL_PACK;XIREC;9935.0;2
304700;;SUBMISSION;VEV_5500;XIREC;7.0;10
304900;SUBMISSION;;VEV_5500;XIREC;7.0;7
304900;SUBMISSION;;VEV_5500;XIREC;8.0;18
305600;;;VELVETFRUIT_EXTRACT;XIREC;5267.0;3
305700;;;HYDROGEL_PACK;XIREC;9951.0;6
306000;;SUBMISSION;VELVETFRUIT_EXTRACT;XIREC;5273.0;5
306100;;;HYDROGEL_PACK;XIREC;9952.0;5
307600;;SUBMISSION;VEV_4000;XIREC;1275.0;2
307900;SUBMISSION;;VELVETFRUIT_EXTRACT;XIREC;5269.0;5
307900;;;VELVETFRUIT_EXTRACT;XIREC;5268.0;3
308400;;;VELVETFRUIT_EXTRACT;XIREC;5270.0;3
309200;;SUBMISSION;VELVETFRUIT_EXTRACT;XIREC;5273.0;8
310100;;;HYDROGEL_PACK;XIREC;9942.0;4
310200;;SUBMISSION;VELVETFRUIT_EXTRACT;XIREC;5274.0;5
310300;;SUBMISSION;VELVETFRUIT_EXTRACT;XIREC;5273.0;11
311200;SUBMISSION;;VELVETFRUIT_EXTRACT;XIREC;5266.0;8
311700;;SUBMISSION;VELVETFRUIT_EXTRACT;XIREC;5272.0;6
311800;;;HYDROGEL_PACK;XIREC;9945.0;2
313800;;SUBMISSION;VEV_5500;XIREC;7.0;10
314000;SUBMISSION;;VELVETFRUIT_EXTRACT;XIREC;5268.0;7
314800;;;HYDROGEL_PACK;XIREC;9953.0;3
315400;;;HYDROGEL_PACK;XIREC;9956.0;4
316000;;SUBMISSION;VELVETFRUIT_EXTRACT;XIREC;5273.0;19
316300;;SUBMISSION;VELVETFRUIT_EXTRACT;XIREC;5273.0;6
316600;;SUBMISSION;VELVETFRUIT_EXTRACT;XIREC;5273.0;22
316700;;SUBMISSION;VELVETFRUIT_EXTRACT;XIREC;5273.0;22
316700;;;VEV_5400;XIREC;17.0;3
316700;;;VEV_5500;XIREC;7.0;3
316700;;;VEV_6000;XIREC;0.0;3
316700;;;VEV_6500;XIREC;0.0;3
316800;;SUBMISSION;VELVETFRUIT_EXTRACT;XIREC;5274.0;7
316900;;;HYDROGEL_PACK;XIREC;9954.0;2
317500;;;VEV_5400;XIREC;17.0;3
317500;;;VEV_5500;XIREC;7.0;3
317500;;;VEV_6000;XIREC;0.0;3
317500;;;VEV_6500;XIREC;0.0;3
318100;;SUBMISSION;VEV_4000;XIREC;1279.0;1
318400;;SUBMISSION;VEV_5400;XIREC;16.0;18
318500;;SUBMISSION;VEV_5400;XIREC;16.0;21
318600;;SUBMISSION;VEV_5400;XIREC;16.0;24
318700;;SUBMISSION;VEV_5400;XIREC;16.0;21
318700;;SUBMISSION;VEV_5500;XIREC;7.0;8
319600;;SUBMISSION;VELVETFRUIT_EXTRACT;XIREC;5274.0;58
319700;;SUBMISSION;VELVETFRUIT_EXTRACT;XIREC;5275.0;66
319700;;SUBMISSION;VEV_5400;XIREC;18.0;22
319800;;SUBMISSION;VELVETFRUIT_EXTRACT;XIREC;5276.0;57
319800;;SUBMISSION;VEV_5400;XIREC;18.0;23
319900;;SUBMISSION;VELVETFRUIT_EXTRACT;XIREC;5281.0;11
319900;;SUBMISSION;VELVETFRUIT_EXTRACT;XIREC;5278.0;22
319900;;SUBMISSION;VELVETFRUIT_EXTRACT;XIREC;5277.0;31
319900;;SUBMISSION;VEV_5500;XIREC;8.0;18
320000;;SUBMISSION;VELVETFRUIT_EXTRACT;XIREC;5277.0;63
320000;;SUBMISSION;VEV_5500;XIREC;8.0;8
320100;;SUBMISSION;VELVETFRUIT_EXTRACT;XIREC;5276.0;1
320100;;SUBMISSION;VEV_5400;XIREC;18.0;22
320300;;SUBMISSION;VEV_5400;XIREC;18.0;27
320800;;;VEV_5300;XIREC;52.0;5
320800;;;VEV_5400;XIREC;17.0;5
320800;;;VEV_5500;XIREC;7.0;5
320800;;;VEV_6000;XIREC;0.0;5
320800;;;VEV_6500;XIREC;0.0;5
321600;;SUBMISSION;VEV_5400;XIREC;16.0;16
321600;;;VEV_5300;XIREC;50.0;4
321600;;;VEV_5400;XIREC;16.0;4
321600;;;VEV_5500;XIREC;7.0;4
321600;;;VEV_6000;XIREC;0.0;4
321600;;;VEV_6500;XIREC;0.0;4
321700;;SUBMISSION;VEV_5400;XIREC;16.0;22
321800;;SUBMISSION;VEV_5400;XIREC;16.0;19
321800;;SUBMISSION;VEV_5500;XIREC;7.0;7
322300;;SUBMISSION;VEV_4000;XIREC;1277.0;2
323200;;SUBMISSION;VEV_5400;XIREC;17.0;8
323200;;;VELVETFRUIT_EXTRACT;XIREC;5276.0;5
323500;SUBMISSION;;VELVETFRUIT_EXTRACT;XIREC;5269.0;14
323500;;SUBMISSION;VEV_5400;XIREC;16.0;26
323500;;;VELVETFRUIT_EXTRACT;XIREC;5269.0;14
323900;SUBMISSION;;VEV_5400;XIREC;17.0;30
324000;SUBMISSION;;VEV_5400;XIREC;17.0;28
324100;;SUBMISSION;VEV_5400;XIREC;16.0;21
324200;;SUBMISSION;VEV_5400;XIREC;16.0;24
324300;;SUBMISSION;VEV_5400;XIREC;16.0;6
324400;;SUBMISSION;VEV_5400;XIREC;16.0;26
325000;;SUBMISSION;VEV_5500;XIREC;7.0;6
325200;SUBMISSION;;VEV_5400;XIREC;17.0;18
325300;SUBMISSION;;VEV_5400;XIREC;17.0;22
325400;SUBMISSION;;VEV_5400;XIREC;17.0;17
325500;;SUBMISSION;VEV_5400;XIREC;16.0;5
325600;;SUBMISSION;VEV_5400;XIREC;16.0;15
325700;;SUBMISSION;VEV_5400;XIREC;16.0;24
325800;SUBMISSION;;VELVETFRUIT_EXTRACT;XIREC;5269.0;17
325800;SUBMISSION;;VEV_5400;XIREC;17.0;21
325800;SUBMISSION;;VEV_5500;XIREC;7.0;8
325800;SUBMISSION;;VEV_5500;XIREC;8.0;13
325900;SUBMISSION;;VELVETFRUIT_EXTRACT;XIREC;5268.0;58
325900;SUBMISSION;;VEV_5400;XIREC;16.0;27
325900;;SUBMISSION;VEV_5500;XIREC;6.0;27
325900;SUBMISSION;;VEV_5500;XIREC;7.0;27
326000;SUBMISSION;;VELVETFRUIT_EXTRACT;XIREC;5269.0;52
326000;SUBMISSION;;VEV_5400;XIREC;16.0;21
326000;;SUBMISSION;VEV_5500;XIREC;6.0;21
326000;SUBMISSION;;VEV_5500;XIREC;7.0;21
326100;SUBMISSION;;VELVETFRUIT_EXTRACT;XIREC;5269.0;55
326100;SUBMISSION;;VEV_5400;XIREC;16.0;23
326100;;SUBMISSION;VEV_5500;XIREC;6.0;23
326100;SUBMISSION;;VEV_5500;XIREC;7.0;23
326200;SUBMISSION;;VELVETFRUIT_EXTRACT;XIREC;5267.0;19
326200;SUBMISSION;;VELVETFRUIT_EXTRACT;XIREC;5268.0;42
326200;SUBMISSION;;VEV_5400;XIREC;16.0;27
326200;;SUBMISSION;VEV_5500;XIREC;6.0;27
326200;SUBMISSION;;VEV_5500;XIREC;7.0;27
326300;SUBMISSION;;VELVETFRUIT_EXTRACT;XIREC;5266.0;21
326300;SUBMISSION;;VELVETFRUIT_EXTRACT;XIREC;5267.0;32
326300;SUBMISSION;;VEV_5400;XIREC;16.0;21
326300;SUBMISSION;;VEV_5500;XIREC;7.0;21
326400;SUBMISSION;;VELVETFRUIT_EXTRACT;XIREC;5265.0;51
326400;SUBMISSION;;VEV_5400;XIREC;16.0;17
326400;SUBMISSION;;VEV_5500;XIREC;7.0;17
326500;SUBMISSION;;VELVETFRUIT_EXTRACT;XIREC;5264.0;39
326500;SUBMISSION;;VEV_5400;XIREC;15.0;22
326500;SUBMISSION;;VEV_5500;XIREC;7.0;14
326600;SUBMISSION;;VEV_5400;XIREC;15.0;5
326600;SUBMISSION;;VEV_5400;XIREC;16.0;20
326700;SUBMISSION;;VEV_5400;XIREC;16.0;29
326800;SUBMISSION;;VEV_5400;XIREC;16.0;20
326900;SUBMISSION;;VEV_5400;XIREC;16.0;17
327000;SUBMISSION;;VEV_5400;XIREC;16.0;5
327600;;;VELVETFRUIT_EXTRACT;XIREC;5266.0;5
328500;;;VELVETFRUIT_EXTRACT;XIREC;5269.0;7
328700;SUBMISSION;;VEV_4000;XIREC;1260.0;3
328700;;;VELVETFRUIT_EXTRACT;XIREC;5268.0;5
328900;;;HYDROGEL_PACK;XIREC;9958.0;2
330400;;;VELVETFRUIT_EXTRACT;XIREC;5261.0;8
332100;;SUBMISSION;VEV_5400;XIREC;16.0;17
332200;;SUBMISSION;VEV_5400;XIREC;16.0;19
332300;;SUBMISSION;VEV_5400;XIREC;16.0;26
332400;;SUBMISSION;VEV_5400;XIREC;16.0;29
332500;;SUBMISSION;VEV_5400;XIREC;16.0;17
332600;;SUBMISSION;VELVETFRUIT_EXTRACT;XIREC;5273.0;8
332600;;SUBMISSION;VEV_5400;XIREC;16.0;16
332800;;;HYDROGEL_PACK;XIREC;9947.0;3
333000;;SUBMISSION;VEV_5400;XIREC;16.0;23
333100;;SUBMISSION;VEV_5400;XIREC;16.0;26
333200;;SUBMISSION;VEV_5400;XIREC;16.0;16
333200;;;VELVETFRUIT_EXTRACT;XIREC;5269.0;7
333300;;SUBMISSION;VEV_5400;XIREC;16.0;25
333600;;SUBMISSION;VEV_5400;XIREC;16.0;25
333700;;SUBMISSION;VEV_5400;XIREC;16.0;21
333800;;SUBMISSION;VEV_5400;XIREC;16.0;19
333900;;SUBMISSION;VELVETFRUIT_EXTRACT;XIREC;5272.0;7
335400;;SUBMISSION;VELVETFRUIT_EXTRACT;XIREC;5271.0;6
335400;;SUBMISSION;VEV_5500;XIREC;7.0;5
336800;SUBMISSION;;VELVETFRUIT_EXTRACT;XIREC;5269.0;5
336900;SUBMISSION;;VELVETFRUIT_EXTRACT;XIREC;5270.0;14
337000;;;VELVETFRUIT_EXTRACT;XIREC;5271.0;6
338100;;SUBMISSION;VEV_5500;XIREC;7.0;6
338300;SUBMISSION;;VEV_5400;XIREC;17.0;26
338400;;SUBMISSION;VEV_5400;XIREC;16.0;5
338400;SUBMISSION;;VEV_5500;XIREC;7.0;5
338400;SUBMISSION;;VEV_5500;XIREC;8.0;6
338400;;;HYDROGEL_PACK;XIREC;9948.0;4
338500;SUBMISSION;;VEV_5400;XIREC;17.0;24
338600;;SUBMISSION;VEV_5400;XIREC;16.0;23
338700;;SUBMISSION;VEV_5400;XIREC;16.0;21
338800;SUBMISSION;;VEV_5400;XIREC;17.0;19
338900;SUBMISSION;;VEV_5400;XIREC;17.0;28
339000;;SUBMISSION;VEV_5400;XIREC;16.0;18
339100;;SUBMISSION;VEV_5400;XIREC;16.0;25
339800;SUBMISSION;;VEV_5400;XIREC;17.0;18
339900;SUBMISSION;;VEV_5400;XIREC;17.0;15
340000;SUBMISSION;;VEV_5400;XIREC;17.0;23
340100;SUBMISSION;;VELVETFRUIT_EXTRACT;XIREC;5268.0;2
340100;SUBMISSION;;VEV_5400;XIREC;16.0;21
340200;SUBMISSION;;VEV_5400;XIREC;16.0;20
340200;;;HYDROGEL_PACK;XIREC;9951.0;2
340300;SUBMISSION;;VEV_5400;XIREC;16.0;27
340400;SUBMISSION;;VEV_5400;XIREC;17.0;27
340500;SUBMISSION;;VEV_4000;XIREC;1262.0;3
340500;SUBMISSION;;VEV_5400;XIREC;17.0;22
340600;;SUBMISSION;VEV_5400;XIREC;16.0;25
340700;;SUBMISSION;VEV_5400;XIREC;16.0;23
340800;;SUBMISSION;VEV_5400;XIREC;16.0;30
340900;;SUBMISSION;VEV_5400;XIREC;16.0;22
341000;;SUBMISSION;VEV_5400;XIREC;16.0;30
341100;;SUBMISSION;VEV_5400;XIREC;16.0;23
341400;;;VEV_5400;XIREC;16.0;4
341400;;;VEV_5500;XIREC;7.0;4
341400;;;VEV_6000;XIREC;0.0;4
341400;;;VEV_6500;XIREC;0.0;4
341500;;SUBMISSION;VEV_5400;XIREC;16.0;26
342300;;;HYDROGEL_PACK;XIREC;9966.0;2
343000;;SUBMISSION;VEV_5500;XIREC;7.0;9
344000;;SUBMISSION;VEV_5500;XIREC;7.0;6
344000;;;VELVETFRUIT_EXTRACT;XIREC;5269.0;3
344100;;;HYDROGEL_PACK;XIREC;9942.0;3
344300;;SUBMISSION;VEV_5500;XIREC;6.0;19
344300;SUBMISSION;;VEV_5500;XIREC;7.0;19
344500;;SUBMISSION;VEV_5500;XIREC;6.0;19
344500;SUBMISSION;;VEV_5500;XIREC;7.0;19
344500;;;HYDROGEL_PACK;XIREC;9942.0;3
344600;;;HYDROGEL_PACK;XIREC;9958.0;6
344600;;;VELVETFRUIT_EXTRACT;XIREC;5265.0;7
344700;SUBMISSION;;VEV_5500;XIREC;7.0;15
344900;;;VELVETFRUIT_EXTRACT;XIREC;5265.0;6
345000;SUBMISSION;;VEV_5400;XIREC;17.0;28
345100;SUBMISSION;;VEV_5400;XIREC;17.0;16
345200;SUBMISSION;;VEV_5400;XIREC;17.0;27
345300;SUBMISSION;;VEV_5400;XIREC;17.0;19
345400;SUBMISSION;;VEV_5400;XIREC;17.0;24
345500;SUBMISSION;;VEV_5400;XIREC;17.0;29
345600;SUBMISSION;;VEV_5400;XIREC;17.0;24
345700;SUBMISSION;;VEV_5400;XIREC;17.0;25
345800;SUBMISSION;;VEV_5400;XIREC;16.0;20
345900;SUBMISSION;;VEV_5400;XIREC;16.0;10
345900;SUBMISSION;;VEV_5400;XIREC;17.0;12
346000;SUBMISSION;;VEV_5400;XIREC;16.0;21
346100;SUBMISSION;;VEV_5400;XIREC;16.0;25
346100;;;HYDROGEL_PACK;XIREC;9947.0;2
347400;;;HYDROGEL_PACK;XIREC;9947.0;4
347800;;;VEV_5400;XIREC;15.0;4
347800;;;VEV_5500;XIREC;6.0;4
347800;;;VEV_6000;XIREC;0.0;4
347800;;;VEV_6500;XIREC;0.0;4
348200;;SUBMISSION;VEV_5400;XIREC;16.0;23
348300;;SUBMISSION;VEV_5400;XIREC;16.0;9
348400;;SUBMISSION;VEV_5400;XIREC;16.0;22
348500;SUBMISSION;;VEV_5400;XIREC;17.0;28
348600;SUBMISSION;;VEV_5400;XIREC;17.0;23
348700;SUBMISSION;;VEV_5400;XIREC;16.0;3
349200;;SUBMISSION;VEV_5400;XIREC;16.0;9
349300;SUBMISSION;;VEV_5400;XIREC;17.0;9
350600;;;VELVETFRUIT_EXTRACT;XIREC;5266.0;5
350700;;;VEV_5300;XIREC;47.0;4
350700;;;VEV_5400;XIREC;15.0;4
350700;;;VEV_5500;XIREC;6.0;4
350700;;;VEV_6000;XIREC;0.0;4
350700;;;VEV_6500;XIREC;0.0;4
351400;;;HYDROGEL_PACK;XIREC;9937.0;6
352100;;;VELVETFRUIT_EXTRACT;XIREC;5252.0;4
352300;;;VELVETFRUIT_EXTRACT;XIREC;5257.0;8
353600;;;VELVETFRUIT_EXTRACT;XIREC;5254.0;7
353800;;;VELVETFRUIT_EXTRACT;XIREC;5257.0;7
356500;;;VELVETFRUIT_EXTRACT;XIREC;5263.0;6
358300;;;VELVETFRUIT_EXTRACT;XIREC;5261.0;7
358400;;;VELVETFRUIT_EXTRACT;XIREC;5266.0;5
358500;;;VEV_5300;XIREC;47.0;2
358500;;;VEV_5400;XIREC;15.0;2
358500;;;VEV_5500;XIREC;6.0;2
358500;;;VEV_6000;XIREC;0.0;2
358500;;;VEV_6500;XIREC;0.0;2
358900;;SUBMISSION;VEV_5500;XIREC;6.0;5
358900;SUBMISSION;;VEV_5500;XIREC;7.0;5
359500;;;HYDROGEL_PACK;XIREC;9972.0;5
360000;;;VELVETFRUIT_EXTRACT;XIREC;5267.0;7
361300;;;VELVETFRUIT_EXTRACT;XIREC;5267.0;3
361600;;;VELVETFRUIT_EXTRACT;XIREC;5260.0;5
362500;;;VELVETFRUIT_EXTRACT;XIREC;5260.0;5
362600;;;VEV_5300;XIREC;47.0;5
362600;;;VEV_5500;XIREC;6.0;5
362600;;;VEV_6000;XIREC;0.0;5
362600;;;VEV_6500;XIREC;0.0;5
363300;;SUBMISSION;VEV_4000;XIREC;1267.0;1
365300;;;HYDROGEL_PACK;XIREC;9984.0;2
365400;;;VELVETFRUIT_EXTRACT;XIREC;5257.0;7
365600;;;VEV_5300;XIREC;45.0;4
365600;;;VEV_5400;XIREC;14.0;4
365600;;;VEV_5500;XIREC;5.0;4
365600;;;VEV_6000;XIREC;0.0;4
365600;;;VEV_6500;XIREC;0.0;4
366500;;SUBMISSION;HYDROGEL_PACK;XIREC;10000.0;2
368100;;;VELVETFRUIT_EXTRACT;XIREC;5256.0;6
368200;;SUBMISSION;VEV_4000;XIREC;1265.0;2
370600;;SUBMISSION;VEV_4000;XIREC;1256.0;3
370700;SUBMISSION;;VEV_4000;XIREC;1246.0;2
372300;;;VELVETFRUIT_EXTRACT;XIREC;5250.0;6
372300;;;VEV_4000;XIREC;1264.0;2
373100;;;VELVETFRUIT_EXTRACT;XIREC;5256.0;6
373800;;;VEV_5500;XIREC;5.0;4
373800;;;VEV_6000;XIREC;0.0;4
373800;;;VEV_6500;XIREC;0.0;4
376300;;;VEV_5400;XIREC;13.0;5
376300;;;VEV_5500;XIREC;5.0;5
376300;;;VEV_6000;XIREC;0.0;5
376300;;;VEV_6500;XIREC;0.0;5
376700;;;VELVETFRUIT_EXTRACT;XIREC;5250.0;7
378400;;;VELVETFRUIT_EXTRACT;XIREC;5249.0;10
382200;;;VELVETFRUIT_EXTRACT;XIREC;5253.0;5
383100;;;VELVETFRUIT_EXTRACT;XIREC;5254.0;6
384800;;;HYDROGEL_PACK;XIREC;9978.0;4
385100;;;VELVETFRUIT_EXTRACT;XIREC;5245.0;9
385500;SUBMISSION;;HYDROGEL_PACK;XIREC;9973.0;2
385500;;;HYDROGEL_PACK;XIREC;9972.0;3
387500;;SUBMISSION;HYDROGEL_PACK;XIREC;9990.0;3
389000;;;VEV_5300;XIREC;38.0;2
389000;;;VEV_5400;XIREC;11.0;2
389000;;;VEV_5500;XIREC;4.0;2
389000;;;VEV_6000;XIREC;0.0;2
389000;;;VEV_6500;XIREC;0.0;2
389600;;SUBMISSION;VEV_4000;XIREC;1244.0;3
389600;;;VELVETFRUIT_EXTRACT;XIREC;5238.0;7
390200;SUBMISSION;;VEV_4000;XIREC;1234.0;1
390300;;;VEV_5300;XIREC;38.0;3
390300;;;VEV_5400;XIREC;11.0;3
390300;;;VEV_5500;XIREC;4.0;3
390300;;;VEV_6000;XIREC;0.0;3
390300;;;VEV_6500;XIREC;0.0;3
391600;SUBMISSION;;HYDROGEL_PACK;XIREC;9971.0;2
391700;;SUBMISSION;HYDROGEL_PACK;XIREC;9987.0;2
392400;;SUBMISSION;HYDROGEL_PACK;XIREC;9989.0;5
394100;;;HYDROGEL_PACK;XIREC;9975.0;6
394300;SUBMISSION;;HYDROGEL_PACK;XIREC;9970.0;8
394300;;SUBMISSION;VEV_5400;XIREC;12.0;5
394300;SUBMISSION;;VEV_5400;XIREC;13.0;5
394300;;;HYDROGEL_PACK;XIREC;9970.0;5
397300;SUBMISSION;;VEV_4000;XIREC;1231.0;2
398200;;;VEV_5400;XIREC;10.0;2
398200;;;VEV_5500;XIREC;4.0;2
398200;;;VEV_6000;XIREC;0.0;2
398200;;;VEV_6500;XIREC;0.0;2
401000;;;VELVETFRUIT_EXTRACT;XIREC;5230.0;8
401200;;;HYDROGEL_PACK;XIREC;9966.0;5
401500;;;VELVETFRUIT_EXTRACT;XIREC;5233.0;7
406100;;;VELVETFRUIT_EXTRACT;XIREC;5231.0;4
406300;SUBMISSION;;VEV_4000;XIREC;1225.0;2
407000;;;VELVETFRUIT_EXTRACT;XIREC;5225.0;4
408000;;SUBMISSION;HYDROGEL_PACK;XIREC;9990.0;3
409400;;SUBMISSION;HYDROGEL_PACK;XIREC;9987.0;3
410100;;SUBMISSION;HYDROGEL_PACK;XIREC;9987.0;6
410200;;;VEV_5400;XIREC;9.0;5
410200;;;VEV_5500;XIREC;3.0;5
410200;;;VEV_6000;XIREC;0.0;5
410200;;;VEV_6500;XIREC;0.0;5
413100;;;HYDROGEL_PACK;XIREC;9977.0;2
413500;;;HYDROGEL_PACK;XIREC;9974.0;5
414900;;;VEV_5200;XIREC;76.0;3
414900;;;VEV_5300;XIREC;34.0;3
414900;;;VEV_5400;XIREC;9.0;3
414900;;;VEV_5500;XIREC;3.0;3
414900;;;VEV_6000;XIREC;0.0;3
414900;;;VEV_6500;XIREC;0.0;3
415400;;;HYDROGEL_PACK;XIREC;9976.0;6
415500;;;VEV_5400;XIREC;9.0;4
415500;;;VEV_5500;XIREC;3.0;4
415500;;;VEV_6000;XIREC;0.0;4
415500;;;VEV_6500;XIREC;0.0;4
416600;;SUBMISSION;HYDROGEL_PACK;XIREC;9980.0;4
419200;;SUBMISSION;VEV_5200;XIREC;80.0;4
419200;SUBMISSION;;VEV_5200;XIREC;81.0;4
419300;SUBMISSION;;VEV_4000;XIREC;1226.0;1
420200;;;HYDROGEL_PACK;XIREC;9975.0;4
421100;SUBMISSION;;HYDROGEL_PACK;XIREC;9962.0;5
421400;;;VELVETFRUIT_EXTRACT;XIREC;5233.0;6
422200;SUBMISSION;;HYDROGEL_PACK;XIREC;9964.0;2
422400;;SUBMISSION;VEV_5300;XIREC;36.0;5
422400;SUBMISSION;;VEV_5300;XIREC;37.0;5
423000;;SUBMISSION;VEV_5300;XIREC;36.0;5
423000;SUBMISSION;;VEV_5300;XIREC;37.0;5
423000;;SUBMISSION;VEV_5500;XIREC;4.0;5
423000;SUBMISSION;;VEV_5500;XIREC;5.0;5
423800;;SUBMISSION;VEV_5500;XIREC;4.0;5
423800;SUBMISSION;;VEV_5500;XIREC;5.0;5
423800;;;HYDROGEL_PACK;XIREC;9969.0;3
423800;;;VEV_5200;XIREC;79.0;5
423800;;;VEV_5300;XIREC;36.0;5
423800;;;VEV_5400;XIREC;10.0;5
423800;;;VEV_5500;XIREC;4.0;5
423800;;;VEV_6000;XIREC;0.0;5
423800;;;VEV_6500;XIREC;0.0;5
423900;SUBMISSION;;HYDROGEL_PACK;XIREC;9968.0;9
424400;;SUBMISSION;VEV_4000;XIREC;1239.0;2
424600;;;VELVETFRUIT_EXTRACT;XIREC;5232.0;6
425300;;;VELVETFRUIT_EXTRACT;XIREC;5238.0;3
427400;;;VELVETFRUIT_EXTRACT;XIREC;5241.0;5
428400;;SUBMISSION;VEV_4000;XIREC;1243.0;1
429500;;;HYDROGEL_PACK;XIREC;9968.0;3
430200;;;HYDROGEL_PACK;XIREC;9974.0;4
430700;;SUBMISSION;HYDROGEL_PACK;XIREC;9975.0;4
432000;SUBMISSION;;HYDROGEL_PACK;XIREC;9965.0;4
432100;;;VELVETFRUIT_EXTRACT;XIREC;5233.0;8
433000;;;VELVETFRUIT_EXTRACT;XIREC;5238.0;4
433100;;;VEV_5200;XIREC;83.0;2
433100;;;VEV_5300;XIREC;38.0;2
433100;;;VEV_5400;XIREC;11.0;2
433100;;;VEV_5500;XIREC;4.0;2
433100;;;VEV_6000;XIREC;0.0;2
433100;;;VEV_6500;XIREC;0.0;2
433900;;;HYDROGEL_PACK;XIREC;9970.0;4
434500;;SUBMISSION;VEV_5300;XIREC;38.0;5
434500;SUBMISSION;;VEV_5300;XIREC;39.0;5
436100;;;VELVETFRUIT_EXTRACT;XIREC;5242.0;5
436200;;;HYDROGEL_PACK;XIREC;9968.0;2
438300;SUBMISSION;;VEV_4000;XIREC;1235.0;3
438500;;;VELVETFRUIT_EXTRACT;XIREC;5241.0;6
438900;;SUBMISSION;VEV_4000;XIREC;1244.0;3
440600;;SUBMISSION;VEV_5400;XIREC;11.0;5
440600;SUBMISSION;;VEV_5400;XIREC;12.0;5
441300;;;VELVETFRUIT_EXTRACT;XIREC;5235.0;5
443400;;;HYDROGEL_PACK;XIREC;9969.0;4
443600;;;VEV_5200;XIREC;82.0;4
443600;;;VEV_5400;XIREC;11.0;4
443600;;;VEV_5500;XIREC;4.0;4
443600;;;VEV_6000;XIREC;0.0;4
443600;;;VEV_6500;XIREC;0.0;4
444200;;;VELVETFRUIT_EXTRACT;XIREC;5244.0;6
445300;;SUBMISSION;HYDROGEL_PACK;XIREC;9973.0;2
448600;;SUBMISSION;VELVETFRUIT_EXTRACT;XIREC;5251.0;7
448900;SUBMISSION;;VELVETFRUIT_EXTRACT;XIREC;5247.0;7
448900;;;VELVETFRUIT_EXTRACT;XIREC;5247.0;9
449000;;;HYDROGEL_PACK;XIREC;9979.0;6
449500;SUBMISSION;;VEV_4000;XIREC;1243.0;2
450900;;SUBMISSION;HYDROGEL_PACK;XIREC;9987.0;6
452000;SUBMISSION;;HYDROGEL_PACK;XIREC;9966.0;3
452800;;;HYDROGEL_PACK;XIREC;9974.0;4
453000;;;VELVETFRUIT_EXTRACT;XIREC;5240.0;3
453800;;;VELVETFRUIT_EXTRACT;XIREC;5237.0;7
454400;SUBMISSION;;HYDROGEL_PACK;XIREC;9965.0;5
454700;;SUBMISSION;VEV_4000;XIREC;1242.0;1
455200;;SUBMISSION;VEV_5500;XIREC;4.0;5
455200;SUBMISSION;;VEV_5500;XIREC;5.0;5
455400;;SUBMISSION;VEV_5500;XIREC;4.0;5
455400;SUBMISSION;;VEV_5500;XIREC;5.0;5
456200;;;VEV_5200;XIREC;82.0;2
456200;;;VEV_5400;XIREC;11.0;2
456200;;;VEV_5500;XIREC;4.0;2
456200;;;VEV_6000;XIREC;0.0;2
456200;;;VEV_6500;XIREC;0.0;2
456800;;SUBMISSION;VEV_5200;XIREC;82.0;5
456800;SUBMISSION;;VEV_5200;XIREC;83.0;5
456800;;SUBMISSION;VEV_5400;XIREC;11.0;5
456800;SUBMISSION;;VEV_5400;XIREC;12.0;5
457600;;;VELVETFRUIT_EXTRACT;XIREC;5242.0;3
460100;;;VELVETFRUIT_EXTRACT;XIREC;5235.0;4
461200;;SUBMISSION;VEV_5300;XIREC;37.0;5
461200;SUBMISSION;;VEV_5300;XIREC;38.0;5
461200;;;VEV_5300;XIREC;37.0;3
461200;;;VEV_5400;XIREC;10.0;3
461200;;;VEV_5500;XIREC;3.0;3
461200;;;VEV_6000;XIREC;0.0;3
461200;;;VEV_6500;XIREC;0.0;3
463600;;;VELVETFRUIT_EXTRACT;XIREC;5238.0;11
464700;;;VELVETFRUIT_EXTRACT;XIREC;5238.0;5
465100;;SUBMISSION;VEV_5500;XIREC;4.0;5
465100;SUBMISSION;;VEV_5500;XIREC;5.0;5
466000;;;VELVETFRUIT_EXTRACT;XIREC;5234.0;3
466400;;;VELVETFRUIT_EXTRACT;XIREC;5233.0;14
468600;;;VELVETFRUIT_EXTRACT;XIREC;5239.0;4
468800;;SUBMISSION;VEV_5500;XIREC;4.0;5
468800;SUBMISSION;;VEV_5500;XIREC;5.0;5
472200;;SUBMISSION;VEV_5300;XIREC;37.0;5
472200;SUBMISSION;;VEV_5300;XIREC;38.0;5
472900;;;VELVETFRUIT_EXTRACT;XIREC;5238.0;6
473000;;;VELVETFRUIT_EXTRACT;XIREC;5238.0;4
473800;;SUBMISSION;VEV_5400;XIREC;11.0;5
473800;SUBMISSION;;VEV_5400;XIREC;12.0;5
473800;;;VELVETFRUIT_EXTRACT;XIREC;5239.0;3
474000;;;VELVETFRUIT_EXTRACT;XIREC;5238.0;5
477300;;;VELVETFRUIT_EXTRACT;XIREC;5244.0;8
478900;;SUBMISSION;HYDROGEL_PACK;XIREC;9996.0;3
479400;;SUBMISSION;VEV_5300;XIREC;38.0;2
479400;SUBMISSION;;VEV_5300;XIREC;39.0;2
480500;;;VELVETFRUIT_EXTRACT;XIREC;5240.0;3
480900;;;HYDROGEL_PACK;XIREC;9994.0;2
481400;;;HYDROGEL_PACK;XIREC;9996.0;2
482400;;SUBMISSION;HYDROGEL_PACK;XIREC;10012.0;3
483400;;SUBMISSION;VELVETFRUIT_EXTRACT;XIREC;5248.0;3
483400;;;VEV_5300;XIREC;40.0;5
483400;;;VEV_5400;XIREC;12.0;5
483400;;;VEV_5500;XIREC;4.0;5
483400;;;VEV_6000;XIREC;0.0;5
483400;;;VEV_6500;XIREC;0.0;5
485900;SUBMISSION;;VELVETFRUIT_EXTRACT;XIREC;5242.0;3
486000;;;VELVETFRUIT_EXTRACT;XIREC;5237.0;5
486200;;;VELVETFRUIT_EXTRACT;XIREC;5242.0;8
486700;;;VELVETFRUIT_EXTRACT;XIREC;5236.0;8
486800;;SUBMISSION;VEV_5500;XIREC;4.0;5
486800;SUBMISSION;;VEV_5500;XIREC;5.0;5
488200;;;HYDROGEL_PACK;XIREC;9994.0;2
488600;;SUBMISSION;VEV_4000;XIREC;1242.0;2
488700;;;HYDROGEL_PACK;XIREC;9985.0;5
490600;;SUBMISSION;VEV_4000;XIREC;1246.0;2
492000;;;VELVETFRUIT_EXTRACT;XIREC;5241.0;5
493000;;;VELVETFRUIT_EXTRACT;XIREC;5240.0;12
493500;;;VELVETFRUIT_EXTRACT;XIREC;5239.0;6
493800;;SUBMISSION;HYDROGEL_PACK;XIREC;10019.0;6
494300;;;VELVETFRUIT_EXTRACT;XIREC;5244.0;6
495100;;SUBMISSION;VELVETFRUIT_EXTRACT;XIREC;5246.0;8
495700;;;HYDROGEL_PACK;XIREC;9985.0;3
495700;;;VEV_5400;XIREC;11.0;5
495700;;;VEV_5500;XIREC;4.0;5
495700;;;VEV_6000;XIREC;0.0;5
495700;;;VEV_6500;XIREC;0.0;5
496300;;SUBMISSION;VEV_5400;XIREC;12.0;5
496300;SUBMISSION;;VEV_5400;XIREC;13.0;5
498100;SUBMISSION;;VELVETFRUIT_EXTRACT;XIREC;5243.0;8
498500;;;HYDROGEL_PACK;XIREC;9977.0;4
499500;;SUBMISSION;VEV_5400;XIREC;12.0;5
499500;SUBMISSION;;VEV_5400;XIREC;13.0;5
499900;;SUBMISSION;VEV_4000;XIREC;1251.0;3
500000;;SUBMISSION;VELVETFRUIT_EXTRACT;XIREC;5247.0;3
500600;;;HYDROGEL_PACK;XIREC;9976.0;5
501300;;SUBMISSION;VELVETFRUIT_EXTRACT;XIREC;5246.0;7
501600;;;HYDROGEL_PACK;XIREC;9976.0;4
501900;;;VEV_5300;XIREC;38.0;3
501900;;;VEV_5400;XIREC;11.0;3
501900;;;VEV_5500;XIREC;4.0;3
501900;;;VEV_6000;XIREC;0.0;3
501900;;;VEV_6500;XIREC;0.0;3
503400;SUBMISSION;;VELVETFRUIT_EXTRACT;XIREC;5241.0;10
503600;;;HYDROGEL_PACK;XIREC;9975.0;2
505100;;;VELVETFRUIT_EXTRACT;XIREC;5232.0;7
508300;;SUBMISSION;VEV_5400;XIREC;11.0;5
508300;SUBMISSION;;VEV_5400;XIREC;12.0;5
508300;;SUBMISSION;VEV_5500;XIREC;4.0;5
508300;SUBMISSION;;VEV_5500;XIREC;5.0;5
508800;;;VEV_5400;XIREC;10.0;5
508800;;;VEV_5500;XIREC;3.0;5
508800;;;VEV_6000;XIREC;0.0;5
508800;;;VEV_6500;XIREC;0.0;5
511000;;;HYDROGEL_PACK;XIREC;9989.0;6
512800;;;HYDROGEL_PACK;XIREC;9982.0;4
513600;;SUBMISSION;VELVETFRUIT_EXTRACT;XIREC;5243.0;5
516500;SUBMISSION;;HYDROGEL_PACK;XIREC;9978.0;5
519600;;;VEV_5200;XIREC;87.0;5
519600;;;VEV_5300;XIREC;40.0;5
519600;;;VEV_5400;XIREC;12.0;5
519600;;;VEV_5500;XIREC;4.0;5
519600;;;VEV_6000;XIREC;0.0;5
519600;;;VEV_6500;XIREC;0.0;5
519800;;;HYDROGEL_PACK;XIREC;9982.0;6
519800;;;VELVETFRUIT_EXTRACT;XIREC;5243.0;5
521000;;SUBMISSION;VEV_4000;XIREC;1252.0;1
521700;;SUBMISSION;VELVETFRUIT_EXTRACT;XIREC;5243.0;8
522000;;SUBMISSION;VEV_5400;XIREC;12.0;5
522000;SUBMISSION;;VEV_5400;XIREC;13.0;5
524600;SUBMISSION;;HYDROGEL_PACK;XIREC;9970.0;5
526300;SUBMISSION;;HYDROGEL_PACK;XIREC;9967.0;2
526300;;;HYDROGEL_PACK;XIREC;9966.0;1
527200;;;VELVETFRUIT_EXTRACT;XIREC;5244.0;7
527300;;SUBMISSION;VELVETFRUIT_EXTRACT;XIREC;5247.0;5
529800;;SUBMISSION;VELVETFRUIT_EXTRACT;XIREC;5248.0;3
530600;;SUBMISSION;VELVETFRUIT_EXTRACT;XIREC;5245.0;5
530900;;;HYDROGEL_PACK;XIREC;9988.0;3
532800;;SUBMISSION;VEV_5400;XIREC;12.0;5
532800;SUBMISSION;;VEV_5400;XIREC;13.0;5
533300;;;VELVETFRUIT_EXTRACT;XIREC;5243.0;3
534400;SUBMISSION;;VELVETFRUIT_EXTRACT;XIREC;5242.0;26
534700;;;HYDROGEL_PACK;XIREC;9958.0;3
534900;;;HYDROGEL_PACK;XIREC;9976.0;3
535100;;;HYDROGEL_PACK;XIREC;9961.0;2
536500;;SUBMISSION;VEV_4000;XIREC;1247.0;2
538700;;SUBMISSION;VELVETFRUIT_EXTRACT;XIREC;5246.0;5
540500;;;HYDROGEL_PACK;XIREC;9982.0;2
540600;;;HYDROGEL_PACK;XIREC;9980.0;2
541400;;;VELVETFRUIT_EXTRACT;XIREC;5243.0;8
542300;SUBMISSION;;VELVETFRUIT_EXTRACT;XIREC;5241.0;5
543800;;;HYDROGEL_PACK;XIREC;9975.0;6
543900;SUBMISSION;;VEV_4000;XIREC;1236.0;1
544400;;;HYDROGEL_PACK;XIREC;9976.0;6
544700;;;VELVETFRUIT_EXTRACT;XIREC;5243.0;8
545400;;;VELVETFRUIT_EXTRACT;XIREC;5240.0;7
545900;;;VELVETFRUIT_EXTRACT;XIREC;5238.0;5
547000;;;HYDROGEL_PACK;XIREC;9969.0;6
547100;;SUBMISSION;VEV_5500;XIREC;4.0;5
547100;SUBMISSION;;VEV_5500;XIREC;5.0;5
547100;;;VELVETFRUIT_EXTRACT;XIREC;5237.0;13
547200;;SUBMISSION;VEV_5500;XIREC;4.0;5
547200;SUBMISSION;;VEV_5500;XIREC;5.0;5
548000;;;VELVETFRUIT_EXTRACT;XIREC;5235.0;5
548500;;;HYDROGEL_PACK;XIREC;9963.0;6
548600;;;VEV_5300;XIREC;36.0;2
548600;;;VEV_6000;XIREC;0.0;2
548600;;;VEV_6500;XIREC;0.0;2
548900;;;VELVETFRUIT_EXTRACT;XIREC;5240.0;7
551500;;;VELVETFRUIT_EXTRACT;XIREC;5238.0;6
551900;;SUBMISSION;VEV_5500;XIREC;4.0;5
551900;SUBMISSION;;VEV_5500;XIREC;5.0;5
553400;;;HYDROGEL_PACK;XIREC;9968.0;2
554500;;SUBMISSION;VEV_5300;XIREC;38.0;5
554500;SUBMISSION;;VEV_5300;XIREC;39.0;5
554600;;SUBMISSION;VEV_5300;XIREC;38.0;5
554600;;;VELVETFRUIT_EXTRACT;XIREC;5240.0;7
554600;;;VEV_5400;XIREC;11.0;5
554600;;;VEV_5500;XIREC;4.0;5
554600;;;VEV_6000;XIREC;0.0;5
554600;;;VEV_6500;XIREC;0.0;5
554700;SUBMISSION;;VEV_5300;XIREC;40.0;5
555000;;SUBMISSION;VELVETFRUIT_EXTRACT;XIREC;5245.0;3
555700;SUBMISSION;;VELVETFRUIT_EXTRACT;XIREC;5240.0;3
555700;;;VELVETFRUIT_EXTRACT;XIREC;5239.0;4
555700;;;VEV_5400;XIREC;11.0;3
555700;;;VEV_5500;XIREC;4.0;3
555700;;;VEV_6000;XIREC;0.0;3
555700;;;VEV_6500;XIREC;0.0;3
556000;;SUBMISSION;VEV_5300;XIREC;38.0;5
556000;SUBMISSION;;VEV_5300;XIREC;39.0;5
556000;;;HYDROGEL_PACK;XIREC;9976.0;5
556100;;;HYDROGEL_PACK;XIREC;9976.0;5
556700;;;VELVETFRUIT_EXTRACT;XIREC;5238.0;8
558800;;;VELVETFRUIT_EXTRACT;XIREC;5241.0;8
558900;;SUBMISSION;VELVETFRUIT_EXTRACT;XIREC;5241.0;7
560100;SUBMISSION;;VELVETFRUIT_EXTRACT;XIREC;5238.0;7
561000;;SUBMISSION;HYDROGEL_PACK;XIREC;9995.0;4
561100;;;VELVETFRUIT_EXTRACT;XIREC;5234.0;6
561300;;;VELVETFRUIT_EXTRACT;XIREC;5234.0;3
563200;SUBMISSION;;VEV_4000;XIREC;1234.0;3
563700;;SUBMISSION;VEV_4000;XIREC;1241.0;1
564900;;;VELVETFRUIT_EXTRACT;XIREC;5233.0;6
566100;;;VELVETFRUIT_EXTRACT;XIREC;5233.0;3
566300;;;VELVETFRUIT_EXTRACT;XIREC;5235.0;5
566700;;;VEV_5400;XIREC;9.0;2
566700;;;VEV_5500;XIREC;3.0;2
566700;;;VEV_6000;XIREC;0.0;2
566700;;;VEV_6500;XIREC;0.0;2
568500;SUBMISSION;;HYDROGEL_PACK;XIREC;9972.0;2
569800;;;VELVETFRUIT_EXTRACT;XIREC;5225.0;5
571300;SUBMISSION;;VEV_4000;XIREC;1224.0;3
573500;SUBMISSION;;VEV_4000;XIREC;1229.0;2
573500;;;VELVETFRUIT_EXTRACT;XIREC;5232.0;5
573700;;;VELVETFRUIT_EXTRACT;XIREC;5237.0;3
573800;;SUBMISSION;HYDROGEL_PACK;XIREC;9988.0;3
574200;;SUBMISSION;HYDROGEL_PACK;XIREC;9987.0;6
575100;;;VEV_5400;XIREC;9.0;4
575100;;;VEV_5500;XIREC;3.0;4
575100;;;VEV_6000;XIREC;0.0;4
575100;;;VEV_6500;XIREC;0.0;4
576500;;;VELVETFRUIT_EXTRACT;XIREC;5225.0;7
576700;;SUBMISSION;HYDROGEL_PACK;XIREC;9999.0;5
577700;;;VELVETFRUIT_EXTRACT;XIREC;5223.0;8
578300;;SUBMISSION;HYDROGEL_PACK;XIREC;9991.0;6
578300;;;VELVETFRUIT_EXTRACT;XIREC;5223.0;8
581600;;SUBMISSION;HYDROGEL_PACK;XIREC;9999.0;2
582600;;;HYDROGEL_PACK;XIREC;9980.0;4
585200;;;HYDROGEL_PACK;XIREC;10005.0;6
587100;;;VEV_5300;XIREC;28.0;4
587100;;;VEV_5400;XIREC;7.0;4
587100;;;VEV_5500;XIREC;2.0;4
587100;;;VEV_6000;XIREC;0.0;4
587100;;;VEV_6500;XIREC;0.0;4
587200;;;VELVETFRUIT_EXTRACT;XIREC;5214.0;6
587500;SUBMISSION;;VEV_4000;XIREC;1207.0;1
587700;;SUBMISSION;HYDROGEL_PACK;XIREC;10012.0;4
588400;;SUBMISSION;HYDROGEL_PACK;XIREC;10014.0;6
588400;;;VELVETFRUIT_EXTRACT;XIREC;5217.0;5
588500;;;VEV_5300;XIREC;28.0;4
588500;;;VEV_5400;XIREC;7.0;4
588500;;;VEV_5500;XIREC;2.0;4
588500;;;VEV_6000;XIREC;0.0;4
588500;;;VEV_6500;XIREC;0.0;4
588800;;SUBMISSION;HYDROGEL_PACK;XIREC;10015.0;2
589300;;;HYDROGEL_PACK;XIREC;10001.0;3
589400;;;VELVETFRUIT_EXTRACT;XIREC;5212.0;3
590700;;SUBMISSION;VEV_4000;XIREC;1220.0;1
592000;;;VELVETFRUIT_EXTRACT;XIREC;5223.0;6
592200;;SUBMISSION;HYDROGEL_PACK;XIREC;10019.0;4
593000;;;VEV_5400;XIREC;8.0;5
593000;;;VEV_5500;XIREC;3.0;5
593000;;;VEV_6000;XIREC;0.0;5
593000;;;VEV_6500;XIREC;0.0;5
594000;;SUBMISSION;VEV_5300;XIREC;30.0;5
594000;SUBMISSION;;VEV_5300;XIREC;31.0;5
595000;;SUBMISSION;VEV_5300;XIREC;31.0;5
595000;SUBMISSION;;VEV_5300;XIREC;32.0;5
596100;;;HYDROGEL_PACK;XIREC;10002.0;3
596600;;SUBMISSION;HYDROGEL_PACK;XIREC;10011.0;6
597500;;SUBMISSION;HYDROGEL_PACK;XIREC;10014.0;4
600300;;SUBMISSION;VEV_4000;XIREC;1249.0;2
601600;;;HYDROGEL_PACK;XIREC;10013.0;6
603200;;SUBMISSION;HYDROGEL_PACK;XIREC;10023.0;12
603200;;SUBMISSION;HYDROGEL_PACK;XIREC;10020.0;28
603700;;SUBMISSION;HYDROGEL_PACK;XIREC;10023.0;14
603700;;SUBMISSION;HYDROGEL_PACK;XIREC;10020.0;23
603700;;SUBMISSION;VELVETFRUIT_EXTRACT;XIREC;5243.0;18
603800;;SUBMISSION;HYDROGEL_PACK;XIREC;10024.0;12
603800;;SUBMISSION;HYDROGEL_PACK;XIREC;10021.0;29
603900;;SUBMISSION;HYDROGEL_PACK;XIREC;10023.0;14
603900;;SUBMISSION;HYDROGEL_PACK;XIREC;10021.0;21
604100;;;VEV_5300;XIREC;38.0;2
604100;;;VEV_5400;XIREC;11.0;2
604100;;;VEV_5500;XIREC;4.0;2
604100;;;VEV_6000;XIREC;0.0;2
604100;;;VEV_6500;XIREC;0.0;2
604300;;SUBMISSION;HYDROGEL_PACK;XIREC;10026.0;15
604300;;SUBMISSION;HYDROGEL_PACK;XIREC;10024.0;24
604400;;SUBMISSION;HYDROGEL_PACK;XIREC;10027.0;11
604400;;SUBMISSION;HYDROGEL_PACK;XIREC;10024.0;27
604400;;SUBMISSION;HYDROGEL_PACK;XIREC;10042.0;3
604500;;SUBMISSION;HYDROGEL_PACK;XIREC;10027.0;13
604500;;SUBMISSION;HYDROGEL_PACK;XIREC;10024.0;22
604500;;SUBMISSION;VELVETFRUIT_EXTRACT;XIREC;5244.0;7
604600;;SUBMISSION;HYDROGEL_PACK;XIREC;10028.0;12
604600;;SUBMISSION;HYDROGEL_PACK;XIREC;10025.0;28
604700;;SUBMISSION;HYDROGEL_PACK;XIREC;10029.0;15
604700;;SUBMISSION;HYDROGEL_PACK;XIREC;10026.0;23
604800;;SUBMISSION;HYDROGEL_PACK;XIREC;10026.0;4
605100;SUBMISSION;;VEV_4000;XIREC;1238.0;3
606800;;SUBMISSION;VEV_5300;XIREC;40.0;5
606800;SUBMISSION;;VEV_5300;XIREC;41.0;5
607400;;SUBMISSION;VEV_4000;XIREC;1254.0;2
608800;;SUBMISSION;VELVETFRUIT_EXTRACT;XIREC;5254.0;3
608900;;;HYDROGEL_PACK;XIREC;10031.0;2
610900;SUBMISSION;;VEV_4000;XIREC;1244.0;3
610900;;;HYDROGEL_PACK;XIREC;10029.0;5
611300;;SUBMISSION;VELVETFRUIT_EXTRACT;XIREC;5243.0;6
612300;;;VELVETFRUIT_EXTRACT;XIREC;5241.0;8
613900;;SUBMISSION;VEV_5300;XIREC;38.0;5
613900;SUBMISSION;;VEV_5300;XIREC;39.0;5
614100;;SUBMISSION;VELVETFRUIT_EXTRACT;XIREC;5243.0;10
616700;;SUBMISSION;VELVETFRUIT_EXTRACT;XIREC;5237.0;4
617200;;;VELVETFRUIT_EXTRACT;XIREC;5237.0;6
620000;;;HYDROGEL_PACK;XIREC;10010.0;5
620600;SUBMISSION;;VELVETFRUIT_EXTRACT;XIREC;5234.0;23
620800;SUBMISSION;;VELVETFRUIT_EXTRACT;XIREC;5234.0;20
620800;;;VELVETFRUIT_EXTRACT;XIREC;5234.0;4
620900;SUBMISSION;;VELVETFRUIT_EXTRACT;XIREC;5233.0;5
622600;;;VEV_5400;XIREC;10.0;4
622600;;;VEV_5500;XIREC;3.0;4
622600;;;VEV_6000;XIREC;0.0;4
622600;;;VEV_6500;XIREC;0.0;4
624000;SUBMISSION;;VEV_4000;XIREC;1231.0;2
624200;SUBMISSION;;VEV_4000;XIREC;1230.0;2
625900;;SUBMISSION;VEV_4000;XIREC;1248.0;2
626300;;SUBMISSION;VELVETFRUIT_EXTRACT;XIREC;5247.0;5
627100;;SUBMISSION;VEV_4000;XIREC;1249.0;3
627400;;SUBMISSION;VELVETFRUIT_EXTRACT;XIREC;5245.0;7
629200;;;VELVETFRUIT_EXTRACT;XIREC;5243.0;5
630700;;;HYDROGEL_PACK;XIREC;10010.0;3
630800;;SUBMISSION;VELVETFRUIT_EXTRACT;XIREC;5241.0;18
631400;;;HYDROGEL_PACK;XIREC;10002.0;3
633100;;;HYDROGEL_PACK;XIREC;10017.0;6
634000;;SUBMISSION;VEV_5400;XIREC;11.0;5
634000;SUBMISSION;;VEV_5400;XIREC;12.0;5
634300;;;HYDROGEL_PACK;XIREC;10009.0;4
634400;;SUBMISSION;VELVETFRUIT_EXTRACT;XIREC;5244.0;5
635100;SUBMISSION;;VEV_4000;XIREC;1240.0;3
636200;;SUBMISSION;VELVETFRUIT_EXTRACT;XIREC;5245.0;17
637900;;SUBMISSION;VEV_4000;XIREC;1251.0;3
638600;;SUBMISSION;VELVETFRUIT_EXTRACT;XIREC;5245.0;22
638900;;SUBMISSION;VEV_5300;XIREC;40.0;5
638900;SUBMISSION;;VEV_5300;XIREC;41.0;5
640000;;;HYDROGEL_PACK;XIREC;10001.0;2
641500;;SUBMISSION;VELVETFRUIT_EXTRACT;XIREC;5247.0;5
641700;;SUBMISSION;VEV_5300;XIREC;38.0;5
641700;SUBMISSION;;VEV_5300;XIREC;39.0;5
642400;;;VEV_5400;XIREC;11.0;2
642400;;;VEV_5500;XIREC;4.0;2
642400;;;VEV_6000;XIREC;0.0;2
642400;;;VEV_6500;XIREC;0.0;2
642500;;SUBMISSION;VEV_5300;XIREC;38.0;5
642500;SUBMISSION;;VEV_5300;XIREC;39.0;5
642600;;SUBMISSION;VEV_5400;XIREC;11.0;5
642600;SUBMISSION;;VEV_5400;XIREC;12.0;5
643000;SUBMISSION;;VELVETFRUIT_EXTRACT;XIREC;5239.0;6
643300;;SUBMISSION;VEV_4000;XIREC;1247.0;1
644100;;SUBMISSION;VEV_5300;XIREC;39.0;5
644100;SUBMISSION;;VEV_5300;XIREC;40.0;5
644500;;;VEV_5400;XIREC;11.0;4
644500;;;VEV_5500;XIREC;4.0;4
644500;;;VEV_6000;XIREC;0.0;4
644500;;;VEV_6500;XIREC;0.0;4
645000;;;HYDROGEL_PACK;XIREC;10016.0;4
647000;;SUBMISSION;VEV_5300;XIREC;40.0;5
647000;SUBMISSION;;VEV_5300;XIREC;41.0;5
648700;SUBMISSION;;VEV_4000;XIREC;1240.0;3
650000;;;HYDROGEL_PACK;XIREC;10029.0;4
650200;;SUBMISSION;VELVETFRUIT_EXTRACT;XIREC;5245.0;6
650600;;SUBMISSION;VELVETFRUIT_EXTRACT;XIREC;5243.0;8
651100;SUBMISSION;;VELVETFRUIT_EXTRACT;XIREC;5240.0;15
651300;;SUBMISSION;VELVETFRUIT_EXTRACT;XIREC;5246.0;8
651700;;SUBMISSION;VEV_5300;XIREC;39.0;5
651700;SUBMISSION;;VEV_5300;XIREC;40.0;5
653400;;SUBMISSION;VEV_5400;XIREC;12.0;5
653400;SUBMISSION;;VEV_5400;XIREC;13.0;5
653800;;SUBMISSION;VELVETFRUIT_EXTRACT;XIREC;5251.0;5
655000;;SUBMISSION;VEV_5400;XIREC;12.0;5
655000;SUBMISSION;;VEV_5400;XIREC;13.0;5
655500;;;HYDROGEL_PACK;XIREC;10024.0;3
656600;;SUBMISSION;VELVETFRUIT_EXTRACT;XIREC;5252.0;8
658100;;SUBMISSION;VEV_4000;XIREC;1258.0;3
658300;;;VELVETFRUIT_EXTRACT;XIREC;5249.0;3
659500;;SUBMISSION;VEV_5400;XIREC;13.0;5
659500;SUBMISSION;;VEV_5400;XIREC;14.0;5
659500;;;HYDROGEL_PACK;XIREC;10046.0;5
659800;;;VELVETFRUIT_EXTRACT;XIREC;5256.0;6
661900;;;HYDROGEL_PACK;XIREC;10024.0;6
662600;;SUBMISSION;VELVETFRUIT_EXTRACT;XIREC;5250.0;6
663000;;;HYDROGEL_PACK;XIREC;10025.0;2
663200;;SUBMISSION;VEV_5400;XIREC;12.0;5
663200;SUBMISSION;;VEV_5400;XIREC;13.0;5
666500;;;VEV_5200;XIREC;91.0;2
666500;;;VEV_5300;XIREC;42.0;2
666500;;;VEV_5400;XIREC;12.0;2
666500;;;VEV_5500;XIREC;4.0;2
666500;;;VEV_6000;XIREC;0.0;2
666500;;;VEV_6500;XIREC;0.0;2
667800;;SUBMISSION;VELVETFRUIT_EXTRACT;XIREC;5261.0;5
667900;;SUBMISSION;VEV_5400;XIREC;14.0;9
668000;SUBMISSION;;VEV_5400;XIREC;15.0;9
669000;;SUBMISSION;VEV_5400;XIREC;14.0;28
669100;;SUBMISSION;VEV_5400;XIREC;14.0;21
669200;;SUBMISSION;VEV_5400;XIREC;14.0;19
669300;;SUBMISSION;VEV_5400;XIREC;14.0;21
669400;;SUBMISSION;VEV_5400;XIREC;14.0;5
669500;;SUBMISSION;VEV_5400;XIREC;14.0;26
669600;;SUBMISSION;VEV_5400;XIREC;14.0;23
669700;;SUBMISSION;VEV_5400;XIREC;14.0;27
669800;;SUBMISSION;VEV_5400;XIREC;14.0;19
669900;;SUBMISSION;VEV_4000;XIREC;1270.0;3
669900;;SUBMISSION;VEV_5400;XIREC;14.0;21
670000;;SUBMISSION;VEV_5400;XIREC;14.0;28
670100;;SUBMISSION;VEV_5400;XIREC;14.0;27
670200;;SUBMISSION;VEV_5400;XIREC;14.0;16
672600;;SUBMISSION;VELVETFRUIT_EXTRACT;XIREC;5270.0;3
672800;;SUBMISSION;VELVETFRUIT_EXTRACT;XIREC;5270.0;10
672800;;SUBMISSION;VEV_5500;XIREC;6.0;20
672900;;SUBMISSION;VEV_5500;XIREC;6.0;20
673000;;SUBMISSION;VEV_5500;XIREC;6.0;27
673000;;;VELVETFRUIT_EXTRACT;XIREC;5270.0;5
673100;;SUBMISSION;VEV_5500;XIREC;6.0;16
673200;;SUBMISSION;VEV_5500;XIREC;6.0;18
673300;;SUBMISSION;VEV_5500;XIREC;6.0;20
673400;;SUBMISSION;VEV_5500;XIREC;6.0;17
673500;;SUBMISSION;VEV_5500;XIREC;6.0;24
673600;;SUBMISSION;VELVETFRUIT_EXTRACT;XIREC;5274.0;6
673600;;SUBMISSION;VEV_5500;XIREC;6.0;26
674000;;SUBMISSION;VEV_5500;XIREC;6.0;17
674000;;;HYDROGEL_PACK;XIREC;10015.0;2
674100;;SUBMISSION;VEV_5500;XIREC;6.0;23
674200;;SUBMISSION;VEV_5500;XIREC;6.0;27
674300;;SUBMISSION;VEV_5500;XIREC;6.0;10
674400;;;HYDROGEL_PACK;XIREC;10012.0;4
674800;;SUBMISSION;VEV_5500;XIREC;6.0;21
675300;;;HYDROGEL_PACK;XIREC;10017.0;2
675600;;SUBMISSION;VELVETFRUIT_EXTRACT;XIREC;5271.0;7
675600;;;HYDROGEL_PACK;XIREC;10018.0;3
675800;SUBMISSION;;VEV_5500;XIREC;6.0;23
675900;SUBMISSION;;VEV_5500;XIREC;6.0;23
676000;SUBMISSION;;VEV_5500;XIREC;6.0;22
676600;;SUBMISSION;VEV_4000;XIREC;1274.0;2
676600;SUBMISSION;;VEV_5500;XIREC;6.0;19
676700;SUBMISSION;;VEV_5500;XIREC;6.0;22
676800;SUBMISSION;;VEV_5500;XIREC;6.0;17
676900;SUBMISSION;;VEV_5500;XIREC;6.0;29
677000;SUBMISSION;;VEV_5500;XIREC;6.0;25
677200;SUBMISSION;;VEV_5500;XIREC;6.0;23
677300;SUBMISSION;;VEV_5500;XIREC;6.0;18
677400;SUBMISSION;;VEV_5500;XIREC;6.0;18
677500;SUBMISSION;;VEV_5500;XIREC;6.0;20
677600;SUBMISSION;;VEV_5500;XIREC;6.0;25
677700;SUBMISSION;;VEV_5500;XIREC;6.0;2
678500;;SUBMISSION;VEV_5500;XIREC;6.0;15
678600;;SUBMISSION;VEV_5500;XIREC;6.0;27
678700;;SUBMISSION;VEV_5500;XIREC;6.0;17
678700;;;HYDROGEL_PACK;XIREC;10013.0;6
678800;;SUBMISSION;VEV_5500;XIREC;6.0;19
678900;;SUBMISSION;VEV_5500;XIREC;6.0;21
679000;;SUBMISSION;VELVETFRUIT_EXTRACT;XIREC;5272.0;5
679000;;SUBMISSION;VEV_5500;XIREC;6.0;18
679100;;SUBMISSION;VEV_5500;XIREC;6.0;24
679200;;SUBMISSION;VEV_5500;XIREC;6.0;21
679300;;SUBMISSION;VEV_5500;XIREC;6.0;23
679400;;SUBMISSION;VELVETFRUIT_EXTRACT;XIREC;5274.0;17
679400;;SUBMISSION;VELVETFRUIT_EXTRACT;XIREC;5273.0;47
679400;;SUBMISSION;VEV_5500;XIREC;6.0;22
679500;;SUBMISSION;VELVETFRUIT_EXTRACT;XIREC;5274.0;24
679500;;SUBMISSION;VELVETFRUIT_EXTRACT;XIREC;5273.0;31
679500;;SUBMISSION;VEV_5500;XIREC;6.0;19
679600;;SUBMISSION;VELVETFRUIT_EXTRACT;XIREC;5274.0;20
679600;;SUBMISSION;VELVETFRUIT_EXTRACT;XIREC;5273.0;31
679600;;SUBMISSION;VEV_5500;XIREC;6.0;26
679700;;SUBMISSION;VELVETFRUIT_EXTRACT;XIREC;5274.0;67
679700;;SUBMISSION;VEV_5500;XIREC;6.0;17
679800;;SUBMISSION;VELVETFRUIT_EXTRACT;XIREC;5274.0;25
679800;;SUBMISSION;VELVETFRUIT_EXTRACT;XIREC;5273.0;3
681000;;;HYDROGEL_PACK;XIREC;10010.0;5
681300;;SUBMISSION;VEV_5200;XIREC;107.0;2
681300;;SUBMISSION;VEV_5300;XIREC;52.0;2
682800;;;VELVETFRUIT_EXTRACT;XIREC;5283.0;6
683900;;;VELVETFRUIT_EXTRACT;XIREC;5283.0;3
684500;;;VELVETFRUIT_EXTRACT;XIREC;5273.0;7
686100;SUBMISSION;;HYDROGEL_PACK;XIREC;9997.0;6
686400;;;VELVETFRUIT_EXTRACT;XIREC;5274.0;8
686700;;SUBMISSION;HYDROGEL_PACK;XIREC;10015.0;5
687700;;;VELVETFRUIT_EXTRACT;XIREC;5269.0;7
687700;;;VELVETFRUIT_EXTRACT;XIREC;5271.0;5
688500;;;VELVETFRUIT_EXTRACT;XIREC;5272.0;3
688600;;;VEV_5400;XIREC;16.0;2
688600;;;VEV_5500;XIREC;6.0;2
688600;;;VEV_6000;XIREC;0.0;2
688600;;;VEV_6500;XIREC;0.0;2
689700;;;HYDROGEL_PACK;XIREC;9997.0;5
690500;SUBMISSION;;VEV_4000;XIREC;1268.0;1
690600;;;VELVETFRUIT_EXTRACT;XIREC;5275.0;5
690800;SUBMISSION;;HYDROGEL_PACK;XIREC;9991.0;5
691100;;;VEV_5400;XIREC;15.0;5
691100;;;VEV_5500;XIREC;6.0;5
691100;;;VEV_6000;XIREC;0.0;5
691100;;;VEV_6500;XIREC;0.0;5
691200;;;VELVETFRUIT_EXTRACT;XIREC;5271.0;7
691600;SUBMISSION;;HYDROGEL_PACK;XIREC;9991.0;5
692000;;SUBMISSION;VEV_4000;XIREC;1277.0;1
692100;;;VELVETFRUIT_EXTRACT;XIREC;5272.0;8
692300;SUBMISSION;;VEV_5500;XIREC;6.0;7
692300;SUBMISSION;;VEV_5500;XIREC;7.0;20
692400;;SUBMISSION;VEV_5500;XIREC;6.0;23
692500;;SUBMISSION;VEV_5500;XIREC;6.0;23
692500;;;VELVETFRUIT_EXTRACT;XIREC;5268.0;6
693900;;;VELVETFRUIT_EXTRACT;XIREC;5271.0;3
694100;SUBMISSION;;VEV_5500;XIREC;6.0;20
694200;SUBMISSION;;VEV_5500;XIREC;6.0;25
694400;;;VELVETFRUIT_EXTRACT;XIREC;5271.0;3
694500;;SUBMISSION;HYDROGEL_PACK;XIREC;10015.0;4
694500;SUBMISSION;;VEV_5500;XIREC;6.0;21
694600;SUBMISSION;;VEV_5500;XIREC;6.0;19
694700;SUBMISSION;;VEV_5500;XIREC;6.0;23
694800;SUBMISSION;;VEV_5500;XIREC;6.0;30
694900;SUBMISSION;;VEV_5500;XIREC;6.0;30
695000;SUBMISSION;;VEV_5500;XIREC;6.0;20
695100;SUBMISSION;;VEV_5500;XIREC;6.0;30
695200;SUBMISSION;;VEV_5500;XIREC;6.0;20
695300;SUBMISSION;;VEV_5500;XIREC;6.0;18
695400;SUBMISSION;;VEV_5500;XIREC;6.0;8
695400;SUBMISSION;;VEV_5500;XIREC;7.0;16
695500;SUBMISSION;;VEV_5500;XIREC;6.0;8
695800;;;VEV_5500;XIREC;5.0;5
695800;;;VEV_6000;XIREC;0.0;5
695800;;;VEV_6500;XIREC;0.0;5
696000;;SUBMISSION;HYDROGEL_PACK;XIREC;10015.0;2
696600;;SUBMISSION;VEV_5500;XIREC;6.0;7
696900;;SUBMISSION;VEV_5500;XIREC;6.0;24
697000;;SUBMISSION;HYDROGEL_PACK;XIREC;10016.0;4
697000;;SUBMISSION;VEV_5500;XIREC;6.0;9
697100;;SUBMISSION;VEV_5500;XIREC;6.0;24
697200;;SUBMISSION;VEV_5500;XIREC;6.0;20
697300;;SUBMISSION;VEV_5500;XIREC;6.0;20
697400;;SUBMISSION;HYDROGEL_PACK;XIREC;10017.0;1
697400;;SUBMISSION;VEV_5500;XIREC;6.0;21
697400;;;HYDROGEL_PACK;XIREC;10018.0;1
697500;;SUBMISSION;VEV_5500;XIREC;6.0;20
697600;;SUBMISSION;VEV_5500;XIREC;6.0;17
697700;;SUBMISSION;VEV_5500;XIREC;6.0;26
697800;;SUBMISSION;VEV_5500;XIREC;6.0;20
697900;;SUBMISSION;VEV_5500;XIREC;6.0;24
698000;;SUBMISSION;VEV_5500;XIREC;6.0;20
698100;;SUBMISSION;VEV_5500;XIREC;6.0;19
698800;;;HYDROGEL_PACK;XIREC;9999.0;2
699800;SUBMISSION;;VEV_4000;XIREC;1265.0;3
700200;SUBMISSION;;VEV_5500;XIREC;6.0;28
700300;SUBMISSION;;VEV_5500;XIREC;6.0;25
700400;SUBMISSION;;VEV_5500;XIREC;6.0;20
700500;SUBMISSION;;VEV_5500;XIREC;6.0;24
700500;;;VELVETFRUIT_EXTRACT;XIREC;5264.0;10
700600;SUBMISSION;;VEV_5500;XIREC;6.0;23
700700;SUBMISSION;;VEV_5500;XIREC;6.0;20
700800;SUBMISSION;;VEV_5500;XIREC;6.0;19
700900;SUBMISSION;;VEV_5500;XIREC;6.0;29
701000;SUBMISSION;;VEV_5500;XIREC;6.0;24
701000;;;VELVETFRUIT_EXTRACT;XIREC;5263.0;4
701100;SUBMISSION;;VEV_5500;XIREC;6.0;19
701200;SUBMISSION;;VEV_5500;XIREC;6.0;22
701300;SUBMISSION;;VEV_5500;XIREC;6.0;18
701600;SUBMISSION;;VEV_5300;XIREC;46.0;2
701600;SUBMISSION;;VEV_5400;XIREC;15.0;23
701700;SUBMISSION;;VEV_5400;XIREC;14.0;16
701800;SUBMISSION;;VEV_5200;XIREC;96.0;2
701800;SUBMISSION;;VEV_5400;XIREC;14.0;27
701900;SUBMISSION;;VEV_5400;XIREC;15.0;24
702000;SUBMISSION;;VEV_5400;XIREC;15.0;15
702100;SUBMISSION;;VEV_5400;XIREC;15.0;20
702100;;;VELVETFRUIT_EXTRACT;XIREC;5265.0;5
702200;SUBMISSION;;VEV_5400;XIREC;15.0;20
702200;;;VELVETFRUIT_EXTRACT;XIREC;5260.0;3
702300;SUBMISSION;;VEV_5400;XIREC;15.0;22
702400;SUBMISSION;;VEV_5400;XIREC;15.0;22
703500;SUBMISSION;;VEV_5400;XIREC;15.0;26
703600;SUBMISSION;;VEV_5400;XIREC;15.0;27
703700;SUBMISSION;;VEV_5400;XIREC;14.0;24
703800;SUBMISSION;;VEV_5400;XIREC;15.0;15
704600;;;VELVETFRUIT_EXTRACT;XIREC;5265.0;8
705100;;;VELVETFRUIT_EXTRACT;XIREC;5267.0;7
705700;;;VELVETFRUIT_EXTRACT;XIREC;5261.0;4
705900;;;HYDROGEL_PACK;XIREC;10032.0;6
707900;;;HYDROGEL_PACK;XIREC;10021.0;6
711200;SUBMISSION;;VEV_4000;XIREC;1253.0;3
711900;;;VEV_5300;XIREC;43.0;3
711900;;;VEV_5400;XIREC;13.0;3
711900;;;VEV_5500;XIREC;5.0;3
711900;;;VEV_6000;XIREC;0.0;3
711900;;;VEV_6500;XIREC;0.0;3
713000;;;VELVETFRUIT_EXTRACT;XIREC;5255.0;8
714100;SUBMISSION;;VELVETFRUIT_EXTRACT;XIREC;5248.0;8
714600;SUBMISSION;;VELVETFRUIT_EXTRACT;XIREC;5250.0;72
714700;SUBMISSION;;VELVETFRUIT_EXTRACT;XIREC;5249.0;21
714700;SUBMISSION;;VELVETFRUIT_EXTRACT;XIREC;5250.0;42
714800;SUBMISSION;;VELVETFRUIT_EXTRACT;XIREC;5248.0;61
714900;SUBMISSION;;VELVETFRUIT_EXTRACT;XIREC;5246.0;21
714900;SUBMISSION;;VELVETFRUIT_EXTRACT;XIREC;5247.0;42
715000;SUBMISSION;;VELVETFRUIT_EXTRACT;XIREC;5249.0;25
715000;SUBMISSION;;VELVETFRUIT_EXTRACT;XIREC;5250.0;42
715100;SUBMISSION;;VELVETFRUIT_EXTRACT;XIREC;5249.0;65
715200;SUBMISSION;;VELVETFRUIT_EXTRACT;XIREC;5249.0;1
715300;;;VELVETFRUIT_EXTRACT;XIREC;5244.0;8
715500;;;HYDROGEL_PACK;XIREC;10036.0;6
716900;;;HYDROGEL_PACK;XIREC;10028.0;3
717300;;;VELVETFRUIT_EXTRACT;XIREC;5244.0;12
719000;;;HYDROGEL_PACK;XIREC;10033.0;5
720500;;;VELVETFRUIT_EXTRACT;XIREC;5237.0;11
721200;;;VELVETFRUIT_EXTRACT;XIREC;5239.0;3
722300;;;VELVETFRUIT_EXTRACT;XIREC;5242.0;4
726100;;;VELVETFRUIT_EXTRACT;XIREC;5231.0;5
726600;;;VEV_5400;XIREC;8.0;2
726600;;;VEV_5500;XIREC;3.0;2
726600;;;VEV_6000;XIREC;0.0;2
726600;;;VEV_6500;XIREC;0.0;2
727700;;;HYDROGEL_PACK;XIREC;10040.0;6
727900;SUBMISSION;;VEV_4000;XIREC;1227.0;2
730300;;;VELVETFRUIT_EXTRACT;XIREC;5223.0;5
733200;;;VEV_5400;XIREC;8.0;4
733200;;;VEV_5500;XIREC;3.0;4
733200;;;VEV_6000;XIREC;0.0;4
733200;;;VEV_6500;XIREC;0.0;4
734200;;;HYDROGEL_PACK;XIREC;10029.0;5
735100;;;VELVETFRUIT_EXTRACT;XIREC;5227.0;3
736100;;SUBMISSION;VEV_4000;XIREC;1234.0;1
736200;SUBMISSION;;HYDROGEL_PACK;XIREC;10005.0;6
737300;;SUBMISSION;HYDROGEL_PACK;XIREC;10013.0;6
737500;;;VELVETFRUIT_EXTRACT;XIREC;5226.0;3
737600;;;VELVETFRUIT_EXTRACT;XIREC;5221.0;5
738000;;;VELVETFRUIT_EXTRACT;XIREC;5220.0;8
738500;;;VELVETFRUIT_EXTRACT;XIREC;5216.0;4
738800;;;VELVETFRUIT_EXTRACT;XIREC;5215.0;3
739000;SUBMISSION;;HYDROGEL_PACK;XIREC;9997.0;4
739600;;SUBMISSION;VEV_4000;XIREC;1222.0;3
739900;;;VELVETFRUIT_EXTRACT;XIREC;5217.0;4
740000;SUBMISSION;;HYDROGEL_PACK;XIREC;10002.0;4
740300;;;VELVETFRUIT_EXTRACT;XIREC;5216.0;7
742000;;;VELVETFRUIT_EXTRACT;XIREC;5213.0;8
743500;SUBMISSION;;HYDROGEL_PACK;XIREC;10004.0;5
744200;;;VELVETFRUIT_EXTRACT;XIREC;5208.0;8
746900;;SUBMISSION;VEV_4000;XIREC;1216.0;1
747700;SUBMISSION;;HYDROGEL_PACK;XIREC;9989.0;3
748100;SUBMISSION;;HYDROGEL_PACK;XIREC;10001.0;15
748400;SUBMISSION;;HYDROGEL_PACK;XIREC;10002.0;11
748500;SUBMISSION;;HYDROGEL_PACK;XIREC;10002.0;11
748500;;;VEV_5300;XIREC;28.0;2
748500;;;VEV_5500;XIREC;2.0;2
748500;;;VEV_6000;XIREC;0.0;2
748500;;;VEV_6500;XIREC;0.0;2
748600;SUBMISSION;;HYDROGEL_PACK;XIREC;10002.0;15
748700;SUBMISSION;;HYDROGEL_PACK;XIREC;10001.0;10
748800;SUBMISSION;;HYDROGEL_PACK;XIREC;10001.0;12
748900;SUBMISSION;;HYDROGEL_PACK;XIREC;10002.0;10
749400;;SUBMISSION;HYDROGEL_PACK;XIREC;10015.0;5
750200;;;HYDROGEL_PACK;XIREC;10006.0;3
751300;;;VELVETFRUIT_EXTRACT;XIREC;5211.0;5
752100;;SUBMISSION;HYDROGEL_PACK;XIREC;10011.0;6
752300;;SUBMISSION;VEV_4000;XIREC;1225.0;2
752500;SUBMISSION;;HYDROGEL_PACK;XIREC;9998.0;5
753400;;;HYDROGEL_PACK;XIREC;10008.0;4
754900;;SUBMISSION;VEV_5300;XIREC;31.0;5
754900;SUBMISSION;;VEV_5300;XIREC;32.0;5
755000;SUBMISSION;;HYDROGEL_PACK;XIREC;10003.0;4
755100;;SUBMISSION;VEV_5300;XIREC;31.0;5
755100;SUBMISSION;;VEV_5300;XIREC;32.0;5
755300;;SUBMISSION;VEV_5300;XIREC;31.0;5
755300;SUBMISSION;;VEV_5300;XIREC;32.0;5
756000;;;VELVETFRUIT_EXTRACT;XIREC;5225.0;7
757200;;SUBMISSION;VEV_4000;XIREC;1225.0;2
757900;;SUBMISSION;VEV_5300;XIREC;29.0;5
757900;SUBMISSION;;VEV_5300;XIREC;30.0;5
758100;;;VELVETFRUIT_EXTRACT;XIREC;5213.0;8
759500;;;HYDROGEL_PACK;XIREC;10016.0;2
760800;;SUBMISSION;HYDROGEL_PACK;XIREC;10027.0;12
760800;;SUBMISSION;HYDROGEL_PACK;XIREC;10024.0;27
760900;;SUBMISSION;HYDROGEL_PACK;XIREC;10029.0;12
760900;;SUBMISSION;HYDROGEL_PACK;XIREC;10026.0;30
761000;;SUBMISSION;HYDROGEL_PACK;XIREC;10030.0;15
761000;;SUBMISSION;HYDROGEL_PACK;XIREC;10027.0;2
761800;;;VELVETFRUIT_EXTRACT;XIREC;5224.0;7
762200;;SUBMISSION;VEV_4000;XIREC;1231.0;2
762600;;;VELVETFRUIT_EXTRACT;XIREC;5225.0;6
762800;;;VELVETFRUIT_EXTRACT;XIREC;5231.0;6
763500;;;VEV_5400;XIREC;7.0;5
763500;;;VEV_5500;XIREC;2.0;5
763500;;;VEV_6000;XIREC;0.0;5
763500;;;VEV_6500;XIREC;0.0;5
764000;;;VEV_5300;XIREC;32.0;3
764000;;;VEV_5400;XIREC;8.0;3
764000;;;VEV_5500;XIREC;2.0;3
764000;;;VEV_6000;XIREC;0.0;3
764000;;;VEV_6500;XIREC;0.0;3
765300;;SUBMISSION;VEV_5500;XIREC;3.0;5
765300;SUBMISSION;;VEV_5500;XIREC;4.0;5
766000;;;VELVETFRUIT_EXTRACT;XIREC;5228.0;4
766500;;;HYDROGEL_PACK;XIREC;10039.0;4
767200;;SUBMISSION;VEV_5300;XIREC;32.0;5
767200;SUBMISSION;;VEV_5300;XIREC;33.0;5
767700;;;HYDROGEL_PACK;XIREC;10043.0;6
769500;;SUBMISSION;VEV_5400;XIREC;9.0;5
769500;SUBMISSION;;VEV_5400;XIREC;10.0;5
771300;;;HYDROGEL_PACK;XIREC;10051.0;4
771600;;;VELVETFRUIT_EXTRACT;XIREC;5230.0;12
771800;;;VELVETFRUIT_EXTRACT;XIREC;5237.0;6
773800;;;VELVETFRUIT_EXTRACT;XIREC;5234.0;8
774200;;SUBMISSION;VEV_4000;XIREC;1239.0;2
774200;;SUBMISSION;VEV_5300;XIREC;34.0;4
774200;SUBMISSION;;VEV_5300;XIREC;35.0;4
774800;;SUBMISSION;VEV_5300;XIREC;34.0;5
774800;SUBMISSION;;VEV_5300;XIREC;35.0;5
775000;;SUBMISSION;VEV_5400;XIREC;9.0;5
775000;SUBMISSION;;VEV_5400;XIREC;10.0;5
775300;;;HYDROGEL_PACK;XIREC;10028.0;4
775500;;SUBMISSION;VELVETFRUIT_EXTRACT;XIREC;5241.0;7
777200;SUBMISSION;;VELVETFRUIT_EXTRACT;XIREC;5238.0;7
777200;;;VELVETFRUIT_EXTRACT;XIREC;5238.0;10
779200;;;VEV_5300;XIREC;37.0;4
779200;;;VEV_5400;XIREC;10.0;4
779200;;;VEV_5500;XIREC;3.0;4
779200;;;VEV_6000;XIREC;0.0;4
779200;;;VEV_6500;XIREC;0.0;4
779700;;SUBMISSION;VELVETFRUIT_EXTRACT;XIREC;5242.0;4
780000;;;HYDROGEL_PACK;XIREC;10035.0;3
781100;;SUBMISSION;VELVETFRUIT_EXTRACT;XIREC;5241.0;7
781500;SUBMISSION;;VELVETFRUIT_EXTRACT;XIREC;5236.0;7
781600;SUBMISSION;;VELVETFRUIT_EXTRACT;XIREC;5238.0;4
781900;;;VELVETFRUIT_EXTRACT;XIREC;5235.0;5
783400;;;VELVETFRUIT_EXTRACT;XIREC;5238.0;6
784000;;;HYDROGEL_PACK;XIREC;10014.0;6
786300;;SUBMISSION;VEV_5300;XIREC;38.0;5
786300;SUBMISSION;;VEV_5300;XIREC;39.0;5
787000;;SUBMISSION;VELVETFRUIT_EXTRACT;XIREC;5250.0;6
787400;;;HYDROGEL_PACK;XIREC;10012.0;5
790200;SUBMISSION;;HYDROGEL_PACK;XIREC;10008.0;12
790300;SUBMISSION;;HYDROGEL_PACK;XIREC;10007.0;14
790400;SUBMISSION;;HYDROGEL_PACK;XIREC;10005.0;10
790400;SUBMISSION;;HYDROGEL_PACK;XIREC;10007.0;26
790500;SUBMISSION;;HYDROGEL_PACK;XIREC;10007.0;13
790600;SUBMISSION;;HYDROGEL_PACK;XIREC;10005.0;14
790600;SUBMISSION;;HYDROGEL_PACK;XIREC;10008.0;30
790700;SUBMISSION;;HYDROGEL_PACK;XIREC;10008.0;10
790800;SUBMISSION;;HYDROGEL_PACK;XIREC;10008.0;14
790900;;SUBMISSION;VEV_5400;XIREC;10.0;5
790900;SUBMISSION;;VEV_5400;XIREC;11.0;5
791700;SUBMISSION;;HYDROGEL_PACK;XIREC;10007.0;11
791700;;;VELVETFRUIT_EXTRACT;XIREC;5243.0;6
791800;SUBMISSION;;HYDROGEL_PACK;XIREC;10006.0;13
791900;SUBMISSION;;HYDROGEL_PACK;XIREC;10006.0;12
792000;SUBMISSION;;HYDROGEL_PACK;XIREC;10003.0;11
792000;SUBMISSION;;HYDROGEL_PACK;XIREC;10006.0;22
792100;SUBMISSION;;HYDROGEL_PACK;XIREC;10003.0;14
792100;SUBMISSION;;HYDROGEL_PACK;XIREC;10006.0;24
792200;SUBMISSION;;HYDROGEL_PACK;XIREC;10003.0;14
792200;SUBMISSION;;HYDROGEL_PACK;XIREC;10006.0;25
792300;SUBMISSION;;HYDROGEL_PACK;XIREC;10003.0;13
792300;SUBMISSION;;HYDROGEL_PACK;XIREC;10005.0;24
792400;SUBMISSION;;HYDROGEL_PACK;XIREC;10002.0;13
792400;SUBMISSION;;HYDROGEL_PACK;XIREC;10005.0;22
792500;SUBMISSION;;HYDROGEL_PACK;XIREC;10001.0;15
792500;SUBMISSION;;HYDROGEL_PACK;XIREC;10004.0;20
792600;SUBMISSION;;HYDROGEL_PACK;XIREC;10004.0;4
793900;;SUBMISSION;VELVETFRUIT_EXTRACT;XIREC;5242.0;5
793900;;;VEV_5400;XIREC;10.0;2
793900;;;VEV_5500;XIREC;3.0;2
793900;;;VEV_6000;XIREC;0.0;2
793900;;;VEV_6500;XIREC;0.0;2
795100;SUBMISSION;;VELVETFRUIT_EXTRACT;XIREC;5239.0;11
795400;;;HYDROGEL_PACK;XIREC;9978.0;6
796100;;SUBMISSION;VELVETFRUIT_EXTRACT;XIREC;5244.0;5
796600;;SUBMISSION;VELVETFRUIT_EXTRACT;XIREC;5243.0;7
796800;SUBMISSION;;VEV_4000;XIREC;1233.0;1
796800;;SUBMISSION;VEV_5300;XIREC;36.0;5
796800;SUBMISSION;;VEV_5300;XIREC;37.0;5
798800;SUBMISSION;;VELVETFRUIT_EXTRACT;XIREC;5241.0;12
798800;;;VELVETFRUIT_EXTRACT;XIREC;5241.0;12
798900;;SUBMISSION;VELVETFRUIT_EXTRACT;XIREC;5244.0;8
800000;;SUBMISSION;VEV_4000;XIREC;1255.0;1
800400;;SUBMISSION;VEV_5500;XIREC;4.0;5
800400;SUBMISSION;;VEV_5500;XIREC;5.0;5
802600;;;VELVETFRUIT_EXTRACT;XIREC;5252.0;7
802700;;;HYDROGEL_PACK;XIREC;10014.0;4
803000;;SUBMISSION;VELVETFRUIT_EXTRACT;XIREC;5256.0;3
804500;;SUBMISSION;HYDROGEL_PACK;XIREC;10019.0;5
805000;;SUBMISSION;VELVETFRUIT_EXTRACT;XIREC;5258.0;3
805600;SUBMISSION;;VEV_4000;XIREC;1251.0;2
807300;;SUBMISSION;VELVETFRUIT_EXTRACT;XIREC;5262.0;6
808200;SUBMISSION;;VEV_4000;XIREC;1258.0;2
808800;;;VEV_5300;XIREC;44.0;4
808800;;;VEV_5400;XIREC;12.0;4
808800;;;VEV_5500;XIREC;4.0;4
808800;;;VEV_6000;XIREC;0.0;4
808800;;;VEV_6500;XIREC;0.0;4
809100;SUBMISSION;;VEV_4000;XIREC;1253.0;3
809500;SUBMISSION;;HYDROGEL_PACK;XIREC;10000.0;5
810000;;SUBMISSION;VELVETFRUIT_EXTRACT;XIREC;5255.0;5
810800;;;VELVETFRUIT_EXTRACT;XIREC;5250.0;5
812300;;;VELVETFRUIT_EXTRACT;XIREC;5245.0;8
812600;;SUBMISSION;VELVETFRUIT_EXTRACT;XIREC;5250.0;5
812700;;;HYDROGEL_PACK;XIREC;10005.0;3
813500;SUBMISSION;;VELVETFRUIT_EXTRACT;XIREC;5241.0;4
815900;;SUBMISSION;VELVETFRUIT_EXTRACT;XIREC;5245.0;3
816100;;SUBMISSION;HYDROGEL_PACK;XIREC;10021.0;11
816100;;SUBMISSION;HYDROGEL_PACK;XIREC;10018.0;26
816300;;SUBMISSION;HYDROGEL_PACK;XIREC;10024.0;15
816300;;SUBMISSION;HYDROGEL_PACK;XIREC;10021.0;22
816400;;SUBMISSION;HYDROGEL_PACK;XIREC;10025.0;12
816400;;SUBMISSION;HYDROGEL_PACK;XIREC;10023.0;21
816500;;SUBMISSION;HYDROGEL_PACK;XIREC;10026.0;12
816500;;SUBMISSION;HYDROGEL_PACK;XIREC;10023.0;29
816600;;SUBMISSION;HYDROGEL_PACK;XIREC;10027.0;14
816600;;SUBMISSION;HYDROGEL_PACK;XIREC;10024.0;20
816700;;SUBMISSION;HYDROGEL_PACK;XIREC;10025.0;11
816700;;SUBMISSION;HYDROGEL_PACK;XIREC;10023.0;23
816800;;SUBMISSION;VEV_4000;XIREC;1248.0;3
817300;;SUBMISSION;HYDROGEL_PACK;XIREC;10024.0;12
