timestamp,buyer,seller,symbol,currency,price,quantity
0,,SUBMISSION,VELVETFRUIT_EXTRACT,XIREC,5293.0,35
100,,SUBMISSION,VELVETFRUIT_EXTRACT,XIREC,5294.0,16
100,,SUBMISSION,VELVETFRUIT_EXTRACT,XIREC,5293.0,19
200,,SUBMISSION,VELVETFRUIT_EXTRACT,XIREC,5294.0,20
200,,SUBMISSION,VELVETFRUIT_EXTRACT,XIREC,5293.0,15
300,,SUBMISSION,VELVETFRUIT_EXTRACT,XIREC,5294.0,23
300,,SUBMISSION,VELVETFRUIT_EXTRACT,XIREC,5293.0,12
400,,SUBMISSION,VELVETFRUIT_EXTRACT,XIREC,5293.0,10
400,,SUBMISSION,VEV_5000,XIREC,293.0,11
400,,SUBMISSION,VEV_5000,XIREC,292.0,13
400,,SUBMISSION,VEV_5100,XIREC,199.0,1
500,,SUBMISSION,VEV_5000,XIREC,293.0,8
500,,SUBMISSION,VEV_5000,XIREC,292.0,18
500,,SUBMISSION,VEV_5100,XIREC,198.0,9
600,,SUBMISSION,VEV_5000,XIREC,293.0,7
600,,SUBMISSION,VEV_5000,XIREC,292.0,13
600,,SUBMISSION,VEV_5100,XIREC,199.0,7
600,,SUBMISSION,VEV_5100,XIREC,198.0,8
700,,SUBMISSION,VEV_5000,XIREC,294.0,8
700,,SUBMISSION,VEV_5000,XIREC,293.0,12
700,,SUBMISSION,VEV_5100,XIREC,199.0,15
800,,SUBMISSION,VEV_5000,XIREC,295.0,6
800,,SUBMISSION,VEV_5000,XIREC,294.0,22
800,,SUBMISSION,VEV_5100,XIREC,201.0,6
800,,SUBMISSION,VEV_5100,XIREC,200.0,1
900,,SUBMISSION,VEV_5000,XIREC,294.0,22
900,,SUBMISSION,VEV_5100,XIREC,200.0,13
1000,,SUBMISSION,VEV_5000,XIREC,295.0,9
1000,,SUBMISSION,VEV_5000,XIREC,294.0,23
1000,,SUBMISSION,VEV_5100,XIREC,200.0,3
1100,,SUBMISSION,VEV_5000,XIREC,296.0,10
1100,,SUBMISSION,VEV_5000,XIREC,295.0,15
1100,,SUBMISSION,VEV_5100,XIREC,201.0,10
1200,,SUBMISSION,VEV_5000,XIREC,296.0,10
1200,,SUBMISSION,VEV_5000,XIREC,295.0,23
1200,,SUBMISSION,VEV_5100,XIREC,201.0,2
1300,,SUBMISSION,VEV_5100,XIREC,202.0,8
1300,,SUBMISSION,VEV_5100,XIREC,201.0,15
1300,,SUBMISSION,VEV_5200,XIREC,120.0,12
1400,,SUBMISSION,VEV_5100,XIREC,201.0,31
1400,,SUBMISSION,VEV_5200,XIREC,119.0,4
1500,,SUBMISSION,VEV_5100,XIREC,201.0,25
1500,,SUBMISSION,VEV_5200,XIREC,119.0,10
1600,,SUBMISSION,VEV_5100,XIREC,201.0,11
1600,,SUBMISSION,VEV_5100,XIREC,201.0,1
1600,,SUBMISSION,VEV_5100,XIREC,200.0,10
1600,,SUBMISSION,VEV_5200,XIREC,119.0,13
1700,,SUBMISSION,VEV_5200,XIREC,120.0,10
1700,,SUBMISSION,VEV_5200,XIREC,119.0,12
1700,,SUBMISSION,VEV_5300,XIREC,58.0,13
1700,Mark 14,Mark 38,VEV_4000,XIREC,1287.0,2
1800,,SUBMISSION,VEV_5200,XIREC,120.0,26
1800,,SUBMISSION,VEV_5300,XIREC,59.0,9
1900,,SUBMISSION,VEV_5200,XIREC,120.0,26
1900,,SUBMISSION,VEV_5300,XIREC,59.0,9
2000,,SUBMISSION,VEV_5200,XIREC,119.0,2
2000,,SUBMISSION,VEV_5200,XIREC,119.0,2
2000,,SUBMISSION,VEV_5300,XIREC,58.0,8
2000,,SUBMISSION,VEV_5300,XIREC,57.0,18
2100,,SUBMISSION,VEV_5300,XIREC,58.0,28
2200,,SUBMISSION,VEV_5300,XIREC,58.0,5
3100,,SUBMISSION,VELVETFRUIT_EXTRACT,XIREC,5291.0,20
3100,,SUBMISSION,VELVETFRUIT_EXTRACT,XIREC,5290.0,4
3100,,SUBMISSION,VEV_5000,XIREC,291.0,7
3100,,SUBMISSION,VEV_5200,XIREC,116.0,5
3100,,SUBMISSION,VEV_5300,XIREC,56.0,5
4100,,SUBMISSION,VEV_4000,XIREC,1294.0,5
4100,,SUBMISSION,VEV_4500,XIREC,794.0,5
4400,Mark 38,SUBMISSION,HYDROGEL_PACK,XIREC,10027.0,6
4500,Mark 14,Mark 38,HYDROGEL_PACK,XIREC,10010.0,3
4700,,SUBMISSION,VEV_4000,XIREC,1296.0,4
4700,,SUBMISSION,VEV_4500,XIREC,796.0,4
5300,,SUBMISSION,HYDROGEL_PACK,XIREC,10016.0,2
5400,,SUBMISSION,HYDROGEL_PACK,XIREC,10017.0,3
5800,,SUBMISSION,VEV_4000,XIREC,1296.0,5
5800,,SUBMISSION,VEV_4500,XIREC,796.0,5
6300,,SUBMISSION,VELVETFRUIT_EXTRACT,XIREC,5294.0,8
6600,,SUBMISSION,VELVETFRUIT_EXTRACT,XIREC,5295.0,5
7600,,SUBMISSION,VEV_4000,XIREC,1296.0,5
7600,,SUBMISSION,VEV_4500,XIREC,796.0,5
8100,Mark 14,Mark 38,HYDROGEL_PACK,XIREC,10008.0,5
8700,Mark 38,Mark 14,VEV_4000,XIREC,1310.0,2
10400,SUBMISSION,,VEV_5000,XIREC,297.0,6
10400,SUBMISSION,,VEV_5100,XIREC,201.0,6
10600,Mark 55,SUBMISSION,VELVETFRUIT_EXTRACT,XIREC,5295.0,3
14200,Mark 55,SUBMISSION,VELVETFRUIT_EXTRACT,XIREC,5292.0,3
14200,Mark 55,Mark 01,VELVETFRUIT_EXTRACT,XIREC,5293.0,2
14800,SUBMISSION,,VEV_5000,XIREC,296.0,9
14800,SUBMISSION,,VEV_5100,XIREC,200.0,9
15000,,SUBMISSION,VEV_5100,XIREC,194.0,2
15000,,SUBMISSION,VEV_5100,XIREC,194.0,2
15100,,SUBMISSION,VEV_5000,XIREC,287.0,2
17100,Mark 01,Mark 55,VELVETFRUIT_EXTRACT,XIREC,5283.0,5
17600,,SUBMISSION,VEV_4000,XIREC,1283.0,2
17600,,SUBMISSION,VEV_4500,XIREC,783.0,2
18600,Mark 01,Mark 55,VELVETFRUIT_EXTRACT,XIREC,5275.0,3
18700,Mark 14,Mark 38,HYDROGEL_PACK,XIREC,10004.0,2
19200,Mark 38,SUBMISSION,HYDROGEL_PACK,XIREC,10019.0,4
19500,Mark 38,SUBMISSION,HYDROGEL_PACK,XIREC,10018.0,2
20100,Mark 55,SUBMISSION,VELVETFRUIT_EXTRACT,XIREC,5278.0,2
20100,Mark 55,Mark 14,VELVETFRUIT_EXTRACT,XIREC,5279.0,3
20900,,SUBMISSION,HYDROGEL_PACK,XIREC,10010.0,1
21000,,SUBMISSION,HYDROGEL_PACK,XIREC,10010.0,1
21100,,SUBMISSION,HYDROGEL_PACK,XIREC,10011.0,3
21200,,SUBMISSION,HYDROGEL_PACK,XIREC,10011.0,3
21300,,SUBMISSION,HYDROGEL_PACK,XIREC,10010.0,1
21400,,SUBMISSION,HYDROGEL_PACK,XIREC,10010.0,1
21400,SUBMISSION,,VEV_5000,XIREC,279.0,7
21500,,SUBMISSION,HYDROGEL_PACK,XIREC,10013.0,6
21600,,SUBMISSION,HYDROGEL_PACK,XIREC,10014.0,7
21700,,SUBMISSION,HYDROGEL_PACK,XIREC,10014.0,7
21800,,SUBMISSION,HYDROGEL_PACK,XIREC,10017.0,12
21800,,SUBMISSION,VEV_5000,XIREC,276.0,1
21800,,SUBMISSION,VEV_5000,XIREC,276.0,1
21900,,SUBMISSION,HYDROGEL_PACK,XIREC,10018.0,10
21900,,SUBMISSION,HYDROGEL_PACK,XIREC,10015.0,3
22000,,SUBMISSION,HYDROGEL_PACK,XIREC,10018.0,10
22000,,SUBMISSION,HYDROGEL_PACK,XIREC,10015.0,3
22100,,SUBMISSION,HYDROGEL_PACK,XIREC,10018.0,13
22200,,SUBMISSION,HYDROGEL_PACK,XIREC,10018.0,13
22300,,SUBMISSION,HYDROGEL_PACK,XIREC,10021.0,10
22300,Mark 38,SUBMISSION,HYDROGEL_PACK,XIREC,10036.0,4
22500,,SUBMISSION,HYDROGEL_PACK,XIREC,10025.0,3
22500,Mark 38,SUBMISSION,HYDROGEL_PACK,XIREC,10040.0,6
22800,Mark 38,Mark 14,VEV_4000,XIREC,1283.0,3
23200,,SUBMISSION,HYDROGEL_PACK,XIREC,10030.0,2
23900,Mark 14,Mark 38,HYDROGEL_PACK,XIREC,10022.0,2
24500,Mark 14,Mark 38,HYDROGEL_PACK,XIREC,10026.0,5
25600,Mark 14,Mark 38,HYDROGEL_PACK,XIREC,10026.0,3
28000,Mark 55,SUBMISSION,VELVETFRUIT_EXTRACT,XIREC,5274.0,1
28000,Mark 55,Mark 01,VELVETFRUIT_EXTRACT,XIREC,5275.0,4
28400,Mark 38,SUBMISSION,HYDROGEL_PACK,XIREC,10036.0,3
28500,Mark 14,Mark 55,VELVETFRUIT_EXTRACT,XIREC,5271.0,7
31300,Mark 14,Mark 38,HYDROGEL_PACK,XIREC,10032.0,3
31400,Mark 67,SUBMISSION,VELVETFRUIT_EXTRACT,XIREC,5263.0,1
31400,Mark 67,Mark 22,VELVETFRUIT_EXTRACT,XIREC,5264.0,6
32700,Mark 14,Mark 55,VELVETFRUIT_EXTRACT,XIREC,5265.0,5
32900,SUBMISSION,,VEV_5000,XIREC,270.0,3
32900,Mark 01,Mark 22,VEV_5300,XIREC,45.0,3
32900,Mark 01,Mark 22,VEV_5400,XIREC,14.0,3
32900,Mark 01,Mark 22,VEV_5500,XIREC,4.0,3
32900,Mark 01,Mark 22,VEV_6000,XIREC,0.0,3
32900,Mark 01,Mark 22,VEV_6500,XIREC,0.0,3
33400,Mark 14,Mark 55,VELVETFRUIT_EXTRACT,XIREC,5268.0,3
33600,SUBMISSION,,VEV_5000,XIREC,272.0,2
33600,Mark 01,Mark 22,VEV_5300,XIREC,46.0,2
33600,Mark 14,Mark 22,VEV_5400,XIREC,15.0,2
33600,Mark 01,Mark 22,VEV_5500,XIREC,4.0,2
33600,Mark 01,Mark 22,VEV_6000,XIREC,0.0,2
33600,Mark 01,Mark 22,VEV_6500,XIREC,0.0,2
33900,Mark 14,Mark 38,HYDROGEL_PACK,XIREC,10028.0,3
34200,Mark 38,SUBMISSION,HYDROGEL_PACK,XIREC,10038.0,6
35100,Mark 14,Mark 38,HYDROGEL_PACK,XIREC,10024.0,2
35500,Mark 14,Mark 38,HYDROGEL_PACK,XIREC,10024.0,5
37000,SUBMISSION,,VEV_5000,XIREC,273.0,5
37000,Mark 01,Mark 22,VEV_5400,XIREC,15.0,5
37000,Mark 01,Mark 22,VEV_5500,XIREC,4.0,5
37000,Mark 01,Mark 22,VEV_6000,XIREC,0.0,5
37000,Mark 01,Mark 22,VEV_6500,XIREC,0.0,5
37100,Mark 14,Mark 38,HYDROGEL_PACK,XIREC,10015.0,3
38000,,SUBMISSION,VEV_5000,XIREC,267.0,7
38000,,SUBMISSION,VEV_5000,XIREC,267.0,2
38000,,SUBMISSION,VEV_5000,XIREC,266.0,5
38400,Mark 14,Mark 38,HYDROGEL_PACK,XIREC,10016.0,4
38600,Mark 14,Mark 38,HYDROGEL_PACK,XIREC,10014.0,5
39100,Mark 01,Mark 55,VELVETFRUIT_EXTRACT,XIREC,5258.0,5
39500,Mark 14,Mark 55,VELVETFRUIT_EXTRACT,XIREC,5257.0,4
39800,Mark 55,SUBMISSION,VELVETFRUIT_EXTRACT,XIREC,5261.0,1
39800,Mark 55,Mark 14,VELVETFRUIT_EXTRACT,XIREC,5262.0,2
40200,SUBMISSION,,VEV_5000,XIREC,261.0,3
40200,Mark 01,Mark 22,VEV_5300,XIREC,41.0,3
40200,Mark 14,Mark 22,VEV_5400,XIREC,13.0,3
40200,Mark 01,Mark 22,VEV_6000,XIREC,0.0,3
40200,Mark 01,Mark 22,VEV_6500,XIREC,0.0,3
41900,SUBMISSION,,VELVETFRUIT_EXTRACT,XIREC,5251.0,25
43200,Mark 55,Mark 14,VELVETFRUIT_EXTRACT,XIREC,5249.0,6
43600,SUBMISSION,Mark 38,VEV_4000,XIREC,1241.0,1
45600,Mark 01,Mark 22,VEV_5400,XIREC,11.0,4
45600,Mark 01,Mark 22,VEV_5500,XIREC,3.0,4
45600,Mark 01,Mark 22,VEV_6000,XIREC,0.0,4
45600,Mark 01,Mark 22,VEV_6500,XIREC,0.0,4
47200,Mark 01,Mark 22,VEV_5400,XIREC,11.0,3
47200,Mark 01,Mark 22,VEV_5500,XIREC,3.0,3
47200,Mark 01,Mark 22,VEV_6000,XIREC,0.0,3
47200,Mark 01,Mark 22,VEV_6500,XIREC,0.0,3
48200,SUBMISSION,Mark 55,VELVETFRUIT_EXTRACT,XIREC,5248.0,7
49700,Mark 14,Mark 55,VELVETFRUIT_EXTRACT,XIREC,5250.0,7
50000,Mark 55,SUBMISSION,VELVETFRUIT_EXTRACT,XIREC,5255.0,4
50700,Mark 14,Mark 38,HYDROGEL_PACK,XIREC,10032.0,5
52300,Mark 14,Mark 38,HYDROGEL_PACK,XIREC,10034.0,6
54400,Mark 01,Mark 22,VEV_5400,XIREC,11.0,2
54400,Mark 01,Mark 22,VEV_5500,XIREC,3.0,2
54400,Mark 01,Mark 22,VEV_6000,XIREC,0.0,2
54400,Mark 01,Mark 22,VEV_6500,XIREC,0.0,2
55100,SUBMISSION,Mark 55,VELVETFRUIT_EXTRACT,XIREC,5248.0,4
56200,Mark 14,Mark 38,HYDROGEL_PACK,XIREC,10037.0,6
56400,Mark 01,Mark 55,VELVETFRUIT_EXTRACT,XIREC,5250.0,5
58300,Mark 67,SUBMISSION,VELVETFRUIT_EXTRACT,XIREC,5256.0,6
59500,SUBMISSION,,VEV_5000,XIREC,260.0,24
60600,SUBMISSION,Mark 38,VEV_4000,XIREC,1240.0,2
61300,Mark 38,SUBMISSION,HYDROGEL_PACK,XIREC,10065.0,6
61400,SUBMISSION,,VELVETFRUIT_EXTRACT,XIREC,5247.0,8
62400,SUBMISSION,Mark 55,VELVETFRUIT_EXTRACT,XIREC,5247.0,5
64800,Mark 22,Mark 38,HYDROGEL_PACK,XIREC,10055.0,2
66300,,SUBMISSION,VEV_5000,XIREC,260.0,3
66400,,SUBMISSION,VEV_5000,XIREC,260.0,4
66800,SUBMISSION,,VEV_5000,XIREC,265.0,25
66900,,SUBMISSION,VEV_5000,XIREC,259.0,1
67000,,SUBMISSION,VEV_4000,XIREC,1259.0,1
67100,,SUBMISSION,VEV_5000,XIREC,259.0,1
67200,,SUBMISSION,VEV_5000,XIREC,259.0,2
67300,,SUBMISSION,VEV_5000,XIREC,260.0,5
67400,,SUBMISSION,VEV_5000,XIREC,259.0,3
67600,Mark 55,SUBMISSION,VELVETFRUIT_EXTRACT,XIREC,5260.0,7
68000,Mark 55,SUBMISSION,VELVETFRUIT_EXTRACT,XIREC,5260.0,5
68700,SUBMISSION,,VEV_5000,XIREC,261.0,12
69000,Mark 14,Mark 38,HYDROGEL_PACK,XIREC,10036.0,4
69200,,SUBMISSION,VEV_5000,XIREC,258.0,1
69400,Mark 14,Mark 55,VELVETFRUIT_EXTRACT,XIREC,5255.0,8
69900,SUBMISSION,,VEV_5000,XIREC,259.0,5
69900,Mark 01,Mark 22,VEV_5400,XIREC,12.0,5
69900,Mark 01,Mark 22,VEV_5500,XIREC,3.0,5
69900,Mark 01,Mark 22,VEV_6000,XIREC,0.0,5
69900,Mark 01,Mark 22,VEV_6500,XIREC,0.0,5
70100,SUBMISSION,,VEV_5000,XIREC,257.0,5
70100,Mark 01,Mark 22,VEV_5400,XIREC,12.0,5
70100,Mark 01,Mark 22,VEV_5500,XIREC,3.0,5
70100,Mark 01,Mark 22,VEV_6000,XIREC,0.0,5
70100,Mark 01,Mark 22,VEV_6500,XIREC,0.0,5
70200,Mark 38,Mark 14,VEV_4000,XIREC,1267.0,1
70300,SUBMISSION,,VEV_5000,XIREC,259.0,4
70300,Mark 01,Mark 22,VEV_5400,XIREC,12.0,4
70300,Mark 01,Mark 22,VEV_5500,XIREC,3.0,4
70300,Mark 01,Mark 22,VEV_6000,XIREC,0.0,4
70300,Mark 01,Mark 22,VEV_6500,XIREC,0.0,4
71400,,SUBMISSION,VEV_5000,XIREC,258.0,4
71500,,SUBMISSION,VEV_5000,XIREC,259.0,6
71500,,SUBMISSION,VEV_5000,XIREC,258.0,1
71600,,SUBMISSION,VEV_5000,XIREC,260.0,6
71600,,SUBMISSION,VEV_5000,XIREC,259.0,1
71700,,SUBMISSION,VEV_5000,XIREC,261.0,8
71700,,SUBMISSION,VEV_5000,XIREC,260.0,2
71800,,SUBMISSION,VEV_5000,XIREC,262.0,6
71800,,SUBMISSION,VEV_5000,XIREC,261.0,7
71900,,SUBMISSION,VEV_5000,XIREC,265.0,6
71900,,SUBMISSION,VEV_5000,XIREC,265.0,4
71900,,SUBMISSION,VEV_5000,XIREC,264.0,2
74300,SUBMISSION,,VEV_5000,XIREC,261.0,3
74300,Mark 01,Mark 22,VEV_5300,XIREC,41.0,3
74300,Mark 01,Mark 22,VEV_5400,XIREC,12.0,3
74300,Mark 01,Mark 22,VEV_6000,XIREC,0.0,3
74300,Mark 01,Mark 22,VEV_6500,XIREC,0.0,3
74900,Mark 14,Mark 55,VELVETFRUIT_EXTRACT,XIREC,5257.0,8
76100,SUBMISSION,Mark 38,VEV_4000,XIREC,1248.0,2
77100,Mark 14,Mark 55,VELVETFRUIT_EXTRACT,XIREC,5255.0,5
77300,,SUBMISSION,VELVETFRUIT_EXTRACT,XIREC,5255.0,7
77300,Mark 55,Mark 49,VELVETFRUIT_EXTRACT,XIREC,5256.0,8
77300,Mark 67,Mark 49,VELVETFRUIT_EXTRACT,XIREC,5256.0,6
77600,Mark 67,SUBMISSION,VELVETFRUIT_EXTRACT,XIREC,5254.0,5
77600,Mark 67,Mark 22,VELVETFRUIT_EXTRACT,XIREC,5255.0,2
78900,Mark 14,Mark 55,VELVETFRUIT_EXTRACT,XIREC,5256.0,6
79100,SUBMISSION,,VEV_5000,XIREC,265.0,25
79200,,SUBMISSION,VEV_5000,XIREC,259.0,2
79300,,SUBMISSION,VEV_4000,XIREC,1260.0,5
79300,,SUBMISSION,VEV_4500,XIREC,760.0,3
79400,,SUBMISSION,VEV_5000,XIREC,260.0,10
79500,,SUBMISSION,VEV_5000,XIREC,260.0,5
79500,,SUBMISSION,VEV_5000,XIREC,260.0,5
79900,Mark 38,SUBMISSION,HYDROGEL_PACK,XIREC,10049.0,6
80000,Mark 01,Mark 55,VELVETFRUIT_EXTRACT,XIREC,5257.0,8
82100,SUBMISSION,,VEV_5000,XIREC,266.0,6
82300,,SUBMISSION,VEV_5000,XIREC,260.0,1
82400,,SUBMISSION,VEV_5000,XIREC,261.0,1
83200,SUBMISSION,,VEV_5000,XIREC,265.0,25
83400,,SUBMISSION,VEV_5000,XIREC,257.0,3
83500,Mark 38,SUBMISSION,HYDROGEL_PACK,XIREC,10054.0,5
83500,,SUBMISSION,VEV_5000,XIREC,257.0,2
83600,,SUBMISSION,VEV_4000,XIREC,1257.0,2
83800,,SUBMISSION,VEV_5000,XIREC,258.0,3
84100,Mark 01,Mark 55,VELVETFRUIT_EXTRACT,XIREC,5254.0,3
84900,Mark 14,Mark 38,HYDROGEL_PACK,XIREC,10040.0,5
85000,Mark 55,Mark 22,VELVETFRUIT_EXTRACT,XIREC,5248.0,6
86100,SUBMISSION,Mark 55,VELVETFRUIT_EXTRACT,XIREC,5245.0,6
87100,Mark 14,Mark 38,HYDROGEL_PACK,XIREC,10034.0,4
87300,SUBMISSION,,VEV_5000,XIREC,249.0,3
87300,Mark 01,Mark 22,VEV_5400,XIREC,10.0,3
87300,Mark 01,Mark 22,VEV_5500,XIREC,3.0,3
87300,Mark 01,Mark 22,VEV_6000,XIREC,0.0,3
87300,Mark 01,Mark 22,VEV_6500,XIREC,0.0,3
87400,SUBMISSION,Mark 55,VELVETFRUIT_EXTRACT,XIREC,5246.0,6
88200,Mark 38,Mark 14,VEV_4000,XIREC,1257.0,3
88300,SUBMISSION,Mark 55,VELVETFRUIT_EXTRACT,XIREC,5246.0,6
89600,Mark 38,Mark 14,VEV_4000,XIREC,1257.0,2
89800,Mark 38,SUBMISSION,HYDROGEL_PACK,XIREC,10044.0,4
91700,Mark 01,Mark 55,VELVETFRUIT_EXTRACT,XIREC,5250.0,6
92100,,SUBMISSION,VEV_5000,XIREC,256.0,2
92200,,SUBMISSION,VEV_5000,XIREC,256.0,2
92200,SUBMISSION,,VEV_5000,XIREC,258.0,3
92200,Mark 01,Mark 22,VEV_5300,XIREC,40.0,3
92200,Mark 01,Mark 22,VEV_5400,XIREC,12.0,3
92200,Mark 01,Mark 22,VEV_5500,XIREC,3.0,3
92200,Mark 01,Mark 22,VEV_6000,XIREC,0.0,3
92200,Mark 01,Mark 22,VEV_6500,XIREC,0.0,3
92300,,SUBMISSION,VEV_5000,XIREC,256.0,5
92400,,SUBMISSION,VEV_5000,XIREC,258.0,10
92500,,SUBMISSION,VEV_5000,XIREC,258.0,3
92500,,SUBMISSION,VEV_5000,XIREC,258.0,3
92700,Mark 55,SUBMISSION,VELVETFRUIT_EXTRACT,XIREC,5260.0,5
93300,SUBMISSION,,VEV_5000,XIREC,263.0,6
93700,Mark 55,SUBMISSION,VELVETFRUIT_EXTRACT,XIREC,5258.0,4
95200,Mark 38,SUBMISSION,HYDROGEL_PACK,XIREC,10042.0,5
95400,,SUBMISSION,VEV_5000,XIREC,258.0,1
95400,,SUBMISSION,VEV_5000,XIREC,258.0,1
95500,,SUBMISSION,VEV_5000,XIREC,258.0,1
95700,Mark 55,SUBMISSION,VELVETFRUIT_EXTRACT,XIREC,5258.0,6
95700,Mark 55,Mark 14,VELVETFRUIT_EXTRACT,XIREC,5259.0,2
96600,Mark 01,Mark 55,VELVETFRUIT_EXTRACT,XIREC,5253.0,4
98400,Mark 55,SUBMISSION,VELVETFRUIT_EXTRACT,XIREC,5257.0,4
98400,Mark 55,Mark 14,VELVETFRUIT_EXTRACT,XIREC,5258.0,4
98900,SUBMISSION,,VEV_5000,XIREC,256.0,3
98900,Mark 14,Mark 22,VEV_5200,XIREC,88.0,3
98900,Mark 01,Mark 22,VEV_5300,XIREC,39.0,3
98900,Mark 01,Mark 22,VEV_5400,XIREC,11.0,3
98900,Mark 01,Mark 22,VEV_5500,XIREC,3.0,3
98900,Mark 01,Mark 22,VEV_6000,XIREC,0.0,3
98900,Mark 01,Mark 22,VEV_6500,XIREC,0.0,3
99400,,SUBMISSION,VELVETFRUIT_EXTRACT,XIREC,5252.0,4
99400,Mark 67,Mark 49,VELVETFRUIT_EXTRACT,XIREC,5253.0,12
99800,SUBMISSION,,VEV_5000,XIREC,261.0,25
100500,Mark 14,Mark 38,HYDROGEL_PACK,XIREC,10010.0,6
101300,Mark 55,SUBMISSION,VELVETFRUIT_EXTRACT,XIREC,5257.0,3
101300,Mark 55,Mark 01,VELVETFRUIT_EXTRACT,XIREC,5258.0,1
101400,,SUBMISSION,VEV_5000,XIREC,256.0,3
101500,,SUBMISSION,VEV_5000,XIREC,255.0,3
101900,Mark 01,Mark 55,VELVETFRUIT_EXTRACT,XIREC,5250.0,3
102200,,SUBMISSION,VEV_5000,XIREC,255.0,1
102200,Mark 01,Mark 55,VELVETFRUIT_EXTRACT,XIREC,5253.0,4
102300,,SUBMISSION,VEV_5000,XIREC,255.0,4
102400,,SUBMISSION,VEV_5000,XIREC,254.0,1
102500,,SUBMISSION,VEV_5000,XIREC,254.0,1
103700,SUBMISSION,,VELVETFRUIT_EXTRACT,XIREC,5251.0,8
103700,Mark 67,SUBMISSION,VELVETFRUIT_EXTRACT,XIREC,5250.0,3
103700,Mark 67,Mark 49,VELVETFRUIT_EXTRACT,XIREC,5251.0,5
103800,Mark 14,Mark 55,VELVETFRUIT_EXTRACT,XIREC,5251.0,8
104600,Mark 38,Mark 14,VEV_4000,XIREC,1261.0,1
106800,SUBMISSION,Mark 38,VEV_4000,XIREC,1240.0,2
107700,,SUBMISSION,VEV_5000,XIREC,256.0,8
107700,,SUBMISSION,VEV_5000,XIREC,255.0,1
107800,,SUBMISSION,VEV_5000,XIREC,256.0,7
107800,,SUBMISSION,VEV_5000,XIREC,256.0,3
107800,,SUBMISSION,VEV_5000,XIREC,255.0,1
108400,Mark 14,Mark 38,HYDROGEL_PACK,XIREC,10026.0,5
108800,SUBMISSION,Mark 38,VEV_4000,XIREC,1245.0,3
109400,Mark 14,Mark 55,VELVETFRUIT_EXTRACT,XIREC,5252.0,8
109500,Mark 14,Mark 38,HYDROGEL_PACK,XIREC,10013.0,6
110200,SUBMISSION,,VEV_5000,XIREC,256.0,7
110200,SUBMISSION,,VEV_5100,XIREC,164.0,19
110200,Mark 14,Mark 38,HYDROGEL_PACK,XIREC,10019.0,5
111400,SUBMISSION,Mark 55,VELVETFRUIT_EXTRACT,XIREC,5246.0,4
111600,SUBMISSION,Mark 22,VELVETFRUIT_EXTRACT,XIREC,5246.0,6
112100,SUBMISSION,,VELVETFRUIT_EXTRACT,XIREC,5246.0,1
112200,SUBMISSION,,VELVETFRUIT_EXTRACT,XIREC,5245.0,5
112300,SUBMISSION,,VELVETFRUIT_EXTRACT,XIREC,5245.0,5
112400,Mark 38,SUBMISSION,HYDROGEL_PACK,XIREC,10037.0,4
112400,SUBMISSION,,VELVETFRUIT_EXTRACT,XIREC,5244.0,8
112500,SUBMISSION,,VELVETFRUIT_EXTRACT,XIREC,5243.0,12
112600,SUBMISSION,,VELVETFRUIT_EXTRACT,XIREC,5243.0,14
112700,SUBMISSION,,VELVETFRUIT_EXTRACT,XIREC,5242.0,15
112800,SUBMISSION,,VELVETFRUIT_EXTRACT,XIREC,5242.0,12
112900,SUBMISSION,,VELVETFRUIT_EXTRACT,XIREC,5241.0,19
113000,SUBMISSION,,VELVETFRUIT_EXTRACT,XIREC,5241.0,19
113100,SUBMISSION,,VELVETFRUIT_EXTRACT,XIREC,5237.0,10
113100,SUBMISSION,,VELVETFRUIT_EXTRACT,XIREC,5240.0,18
113200,SUBMISSION,,VELVETFRUIT_EXTRACT,XIREC,5239.0,18
113200,SUBMISSION,,VELVETFRUIT_EXTRACT,XIREC,5240.0,8
113300,SUBMISSION,,VELVETFRUIT_EXTRACT,XIREC,5239.0,21
113300,SUBMISSION,,VELVETFRUIT_EXTRACT,XIREC,5240.0,4
113400,SUBMISSION,,VELVETFRUIT_EXTRACT,XIREC,5238.0,29
113500,SUBMISSION,,VELVETFRUIT_EXTRACT,XIREC,5237.0,21
113500,SUBMISSION,,VELVETFRUIT_EXTRACT,XIREC,5238.0,11
113600,SUBMISSION,,VELVETFRUIT_EXTRACT,XIREC,5238.0,19
113600,SUBMISSION,,VELVETFRUIT_EXTRACT,XIREC,5239.0,9
113700,SUBMISSION,,VELVETFRUIT_EXTRACT,XIREC,5239.0,17
113700,SUBMISSION,,VELVETFRUIT_EXTRACT,XIREC,5240.0,7
113800,SUBMISSION,,VELVETFRUIT_EXTRACT,XIREC,5240.0,3
113800,SUBMISSION,,VEV_5000,XIREC,243.0,6
113800,SUBMISSION,,VEV_5000,XIREC,244.0,12
113900,SUBMISSION,,VEV_5000,XIREC,243.0,9
113900,SUBMISSION,,VEV_5000,XIREC,244.0,12
114000,SUBMISSION,,VEV_5000,XIREC,245.0,17
114100,SUBMISSION,,VEV_5000,XIREC,245.0,9
114100,SUBMISSION,,VEV_5000,XIREC,246.0,5
114200,SUBMISSION,,VEV_5000,XIREC,246.0,10
114300,SUBMISSION,,VEV_5000,XIREC,247.0,7
114400,SUBMISSION,,VEV_5000,XIREC,247.0,9
114500,SUBMISSION,,VEV_5000,XIREC,246.0,12
114600,SUBMISSION,,VEV_5000,XIREC,245.0,12
114600,SUBMISSION,,VEV_5000,XIREC,246.0,2
114700,SUBMISSION,,VEV_5000,XIREC,246.0,10
114800,SUBMISSION,,VEV_5000,XIREC,244.0,6
114800,SUBMISSION,,VEV_5000,XIREC,245.0,11
114900,SUBMISSION,,VEV_5000,XIREC,245.0,17
114900,,SUBMISSION,VEV_5000,XIREC,239.0,4
115000,SUBMISSION,,VEV_5000,XIREC,246.0,19
115000,,SUBMISSION,VEV_5000,XIREC,240.0,11
115000,Mark 67,Mark 22,VELVETFRUIT_EXTRACT,XIREC,5239.0,9
115100,SUBMISSION,,VELVETFRUIT_EXTRACT,XIREC,5241.0,6
115100,SUBMISSION,,VEV_5000,XIREC,245.0,19
115100,,SUBMISSION,VEV_5000,XIREC,239.0,12
115200,SUBMISSION,,VELVETFRUIT_EXTRACT,XIREC,5241.0,2
115200,SUBMISSION,,VEV_5000,XIREC,244.0,10
115200,SUBMISSION,,VEV_5000,XIREC,245.0,14
115300,SUBMISSION,,VEV_5000,XIREC,244.0,26
115400,SUBMISSION,,VEV_5000,XIREC,244.0,6
115400,SUBMISSION,,VEV_5000,XIREC,245.0,18
115500,SUBMISSION,,VELVETFRUIT_EXTRACT,XIREC,5240.0,2
115500,SUBMISSION,,VEV_5000,XIREC,243.0,6
115500,SUBMISSION,,VEV_5000,XIREC,244.0,12
115500,SUBMISSION,,VEV_5100,XIREC,152.0,8
115600,SUBMISSION,,VEV_5000,XIREC,244.0,6
115600,SUBMISSION,,VEV_5000,XIREC,245.0,14
115600,SUBMISSION,,VEV_5100,XIREC,153.0,4
115700,SUBMISSION,,VEV_5000,XIREC,243.0,24
115800,SUBMISSION,,VEV_5000,XIREC,243.0,7
115800,SUBMISSION,,VEV_5000,XIREC,244.0,21
115900,SUBMISSION,,VEV_5000,XIREC,246.0,6
115900,SUBMISSION,,VEV_5000,XIREC,247.0,11
116000,SUBMISSION,,VEV_5000,XIREC,246.0,21
116000,,SUBMISSION,VEV_5000,XIREC,240.0,6
116100,SUBMISSION,,VEV_5000,XIREC,246.0,19
116200,SUBMISSION,,VEV_5000,XIREC,246.0,6
116200,SUBMISSION,,VEV_5000,XIREC,247.0,11
116300,SUBMISSION,,VEV_5000,XIREC,247.0,8
116300,,SUBMISSION,VEV_5000,XIREC,241.0,6
116300,SUBMISSION,,VEV_5100,XIREC,155.0,9
116400,SUBMISSION,,VEV_5000,XIREC,246.0,6
116400,SUBMISSION,,VEV_5000,XIREC,246.0,4
116400,SUBMISSION,,VEV_5000,XIREC,247.0,2
116400,SUBMISSION,,VEV_5100,XIREC,154.0,5
116500,SUBMISSION,,VEV_5100,XIREC,155.0,16
116600,SUBMISSION,,VEV_5100,XIREC,155.0,17
116700,SUBMISSION,,VEV_5100,XIREC,154.0,6
116700,SUBMISSION,,VEV_5100,XIREC,155.0,11
116800,SUBMISSION,,VEV_5100,XIREC,154.0,21
116900,SUBMISSION,,VEV_5100,XIREC,154.0,21
116900,,SUBMISSION,VEV_5100,XIREC,150.0,1
117000,SUBMISSION,,VEV_5100,XIREC,154.0,21
117100,SUBMISSION,,VEV_5100,XIREC,153.0,22
117200,SUBMISSION,,VELVETFRUIT_EXTRACT,XIREC,5239.0,4
117200,SUBMISSION,,VEV_5000,XIREC,243.0,4
117200,,SUBMISSION,VEV_5000,XIREC,237.0,7
117200,SUBMISSION,,VEV_5100,XIREC,151.0,7
117200,SUBMISSION,,VEV_5100,XIREC,152.0,15
117300,SUBMISSION,,VELVETFRUIT_EXTRACT,XIREC,5238.0,7
117300,SUBMISSION,,VEV_5000,XIREC,241.0,10
117300,SUBMISSION,,VEV_5000,XIREC,241.0,2
117300,SUBMISSION,,VEV_5000,XIREC,242.0,8
117300,SUBMISSION,,VEV_5100,XIREC,150.0,8
117300,,SUBMISSION,VEV_5100,XIREC,146.0,12
117400,SUBMISSION,,VELVETFRUIT_EXTRACT,XIREC,5231.0,9
117400,SUBMISSION,,VELVETFRUIT_EXTRACT,XIREC,5235.0,2
117400,SUBMISSION,Mark 49,VELVETFRUIT_EXTRACT,XIREC,5231.0,9
117400,,SUBMISSION,VEV_5000,XIREC,233.0,9
117400,SUBMISSION,,VEV_5100,XIREC,148.0,24
117400,,SUBMISSION,VEV_5100,XIREC,144.0,9
117500,,SUBMISSION,VEV_5000,XIREC,234.0,6
117500,SUBMISSION,,VEV_5100,XIREC,149.0,27
117500,,SUBMISSION,VEV_5100,XIREC,145.0,6
117600,SUBMISSION,,VEV_5100,XIREC,149.0,24
117700,SUBMISSION,,VEV_5100,XIREC,150.0,24
117800,,SUBMISSION,VEV_5000,XIREC,237.0,11
117800,SUBMISSION,,VEV_5100,XIREC,151.0,11
117800,SUBMISSION,,VEV_5100,XIREC,152.0,10
117800,Mark 38,Mark 14,VEV_4000,XIREC,1247.0,1
117900,SUBMISSION,,VEV_5000,XIREC,242.0,7
117900,SUBMISSION,,VEV_5100,XIREC,151.0,16
117900,,SUBMISSION,VEV_5100,XIREC,147.0,12
118000,SUBMISSION,,VEV_5100,XIREC,151.0,19
118000,,SUBMISSION,VEV_5100,XIREC,147.0,6
118100,SUBMISSION,,VELVETFRUIT_EXTRACT,XIREC,5235.0,9
118100,SUBMISSION,,VEV_5000,XIREC,242.0,3
118100,,SUBMISSION,VEV_5000,XIREC,236.0,25
118100,SUBMISSION,,VEV_5100,XIREC,151.0,8
118100,,SUBMISSION,VEV_5100,XIREC,147.0,11
118200,SUBMISSION,,VEV_5000,XIREC,243.0,11
118200,SUBMISSION,,VEV_5000,XIREC,244.0,6
118300,SUBMISSION,,VEV_5000,XIREC,242.0,4
118300,SUBMISSION,,VEV_5000,XIREC,242.0,4
118300,SUBMISSION,,VEV_5100,XIREC,151.0,8
118500,Mark 38,SUBMISSION,HYDROGEL_PACK,XIREC,10042.0,5
118700,SUBMISSION,,VEV_4000,XIREC,1236.0,4
118700,SUBMISSION,,VEV_4500,XIREC,736.0,4
118700,SUBMISSION,,VEV_5100,XIREC,148.0,2
118700,SUBMISSION,,VEV_5100,XIREC,148.0,2
118700,,SUBMISSION,VEV_5100,XIREC,147.0,7
118700,Mark 01,Mark 22,VEV_5400,XIREC,9.0,4
118700,Mark 01,Mark 22,VEV_5500,XIREC,2.0,4
118700,Mark 01,Mark 22,VEV_6000,XIREC,0.0,4
118700,Mark 01,Mark 22,VEV_6500,XIREC,0.0,4
119000,Mark 14,Mark 38,HYDROGEL_PACK,XIREC,10028.0,6
119200,SUBMISSION,,VEV_5100,XIREC,152.0,1
119300,SUBMISSION,,VEV_5100,XIREC,151.0,2
119300,,SUBMISSION,VEV_5100,XIREC,147.0,8
119400,SUBMISSION,,VEV_5100,XIREC,151.0,7
119500,SUBMISSION,,VEV_5100,XIREC,150.0,2
119600,,SUBMISSION,VEV_5100,XIREC,147.0,7
119700,SUBMISSION,,VEV_5100,XIREC,152.0,3
119700,SUBMISSION,,VEV_5100,XIREC,152.0,3
119700,Mark 55,Mark 01,VELVETFRUIT_EXTRACT,XIREC,5241.0,6
119900,Mark 14,Mark 38,HYDROGEL_PACK,XIREC,10022.0,2
121500,Mark 38,SUBMISSION,HYDROGEL_PACK,XIREC,10029.0,4
121800,,SUBMISSION,VEV_5000,XIREC,244.0,11
121800,,SUBMISSION,VEV_5100,XIREC,153.0,20
121800,Mark 67,Mark 22,VELVETFRUIT_EXTRACT,XIREC,5243.0,8
122400,SUBMISSION,Mark 55,VELVETFRUIT_EXTRACT,XIREC,5242.0,5
122600,Mark 14,Mark 38,HYDROGEL_PACK,XIREC,10012.0,4
122900,SUBMISSION,,VEV_5000,XIREC,249.0,8
122900,SUBMISSION,,VEV_5100,XIREC,156.0,11
122900,SUBMISSION,,VEV_5100,XIREC,157.0,4
123100,Mark 38,Mark 14,VEV_4000,XIREC,1255.0,3
123700,SUBMISSION,,VEV_5000,XIREC,248.0,1
123700,SUBMISSION,,VEV_5000,XIREC,248.0,1
123700,SUBMISSION,,VEV_5100,XIREC,156.0,6
123700,SUBMISSION,,VEV_5100,XIREC,156.0,1
123700,SUBMISSION,,VEV_5100,XIREC,157.0,5
123700,Mark 14,Mark 38,HYDROGEL_PACK,XIREC,10010.0,2
124700,Mark 55,Mark 14,VELVETFRUIT_EXTRACT,XIREC,5242.0,4
125300,Mark 38,SUBMISSION,HYDROGEL_PACK,XIREC,10028.0,4
125700,Mark 38,Mark 14,VEV_4000,XIREC,1249.0,1
126600,SUBMISSION,,VEV_4000,XIREC,1239.0,5
126600,SUBMISSION,,VEV_4500,XIREC,739.0,5
126600,Mark 14,Mark 38,HYDROGEL_PACK,XIREC,10020.0,6
126600,Mark 01,Mark 22,VEV_5400,XIREC,9.0,5
126600,Mark 01,Mark 22,VEV_5500,XIREC,2.0,5
126600,Mark 01,Mark 22,VEV_6000,XIREC,0.0,5
126600,Mark 01,Mark 22,VEV_6500,XIREC,0.0,5
127100,Mark 55,Mark 14,VELVETFRUIT_EXTRACT,XIREC,5242.0,7
128200,Mark 38,SUBMISSION,HYDROGEL_PACK,XIREC,10028.0,2
128700,SUBMISSION,,VEV_4000,XIREC,1237.0,3
128700,SUBMISSION,,VEV_4500,XIREC,737.0,3
128700,,SUBMISSION,VEV_5100,XIREC,148.0,7
128700,Mark 01,Mark 22,VEV_5200,XIREC,77.0,3
128700,Mark 14,Mark 22,VEV_5300,XIREC,33.0,3
128700,Mark 01,Mark 22,VEV_5400,XIREC,9.0,3
128700,Mark 01,Mark 22,VEV_5500,XIREC,2.0,3
128700,Mark 01,Mark 22,VEV_6000,XIREC,0.0,3
128700,Mark 01,Mark 22,VEV_6500,XIREC,0.0,3
129000,Mark 55,Mark 01,VELVETFRUIT_EXTRACT,XIREC,5240.0,8
129800,SUBMISSION,Mark 38,VEV_4000,XIREC,1234.0,1
129800,,SUBMISSION,VEV_5000,XIREC,243.0,25
129800,,SUBMISSION,VEV_5100,XIREC,153.0,20
130000,SUBMISSION,,VEV_5000,XIREC,248.0,3
130000,Mark 14,Mark 38,HYDROGEL_PACK,XIREC,10014.0,4
130700,Mark 38,SUBMISSION,HYDROGEL_PACK,XIREC,10025.0,2
130800,,SUBMISSION,VEV_5000,XIREC,247.0,22
130800,,SUBMISSION,VEV_5100,XIREC,157.0,6
130800,Mark 67,Mark 22,VELVETFRUIT_EXTRACT,XIREC,5247.0,9
131500,Mark 38,SUBMISSION,HYDROGEL_PACK,XIREC,10019.0,2
131500,Mark 38,Mark 14,HYDROGEL_PACK,XIREC,10020.0,3
132100,Mark 01,Mark 22,VEV_5400,XIREC,10.0,4
132100,Mark 01,Mark 22,VEV_5500,XIREC,3.0,4
132100,Mark 01,Mark 22,VEV_6000,XIREC,0.0,4
132100,Mark 01,Mark 22,VEV_6500,XIREC,0.0,4
132500,Mark 55,SUBMISSION,VELVETFRUIT_EXTRACT,XIREC,5252.0,3
133000,,SUBMISSION,VEV_5000,XIREC,252.0,10
133400,,SUBMISSION,VELVETFRUIT_EXTRACT,XIREC,5253.0,3
133500,,SUBMISSION,VELVETFRUIT_EXTRACT,XIREC,5253.0,3
133600,,SUBMISSION,VELVETFRUIT_EXTRACT,XIREC,5253.0,3
133700,,SUBMISSION,VELVETFRUIT_EXTRACT,XIREC,5253.0,3
133900,,SUBMISSION,VELVETFRUIT_EXTRACT,XIREC,5255.0,5
135900,Mark 55,SUBMISSION,VELVETFRUIT_EXTRACT,XIREC,5254.0,6
136100,Mark 14,Mark 38,HYDROGEL_PACK,XIREC,10018.0,6
136200,,SUBMISSION,VEV_5000,XIREC,251.0,25
136500,,SUBMISSION,VEV_5000,XIREC,253.0,10
137700,Mark 01,Mark 22,VEV_5300,XIREC,36.0,4
137700,Mark 01,Mark 22,VEV_5400,XIREC,10.0,4
137700,Mark 01,Mark 22,VEV_5500,XIREC,3.0,4
137700,Mark 01,Mark 22,VEV_6000,XIREC,0.0,4
137700,Mark 01,Mark 22,VEV_6500,XIREC,0.0,4
138200,Mark 38,SUBMISSION,HYDROGEL_PACK,XIREC,10022.0,2
138200,Mark 38,Mark 14,HYDROGEL_PACK,XIREC,10023.0,2
139300,SUBMISSION,,VEV_5000,XIREC,249.0,2
139400,SUBMISSION,,VEV_5000,XIREC,249.0,2
139400,Mark 38,Mark 14,VEV_4000,XIREC,1254.0,1
139500,SUBMISSION,,VEV_5000,XIREC,249.0,4
139600,SUBMISSION,,VEV_5000,XIREC,249.0,2
139700,SUBMISSION,,VEV_5000,XIREC,249.0,2
140400,SUBMISSION,,VEV_5000,XIREC,248.0,8
140400,SUBMISSION,,VEV_5000,XIREC,249.0,4
140400,,SUBMISSION,VEV_5000,XIREC,243.0,8
140400,,SUBMISSION,VEV_5100,XIREC,152.0,20
140500,SUBMISSION,,VEV_5000,XIREC,248.0,6
140600,SUBMISSION,,VEV_5000,XIREC,246.0,14
140700,SUBMISSION,,VEV_5000,XIREC,246.0,12
140700,SUBMISSION,,VEV_5000,XIREC,247.0,2
140700,Mark 38,Mark 14,VEV_4000,XIREC,1251.0,2
140800,SUBMISSION,,VEV_5000,XIREC,245.0,8
140800,SUBMISSION,,VEV_5000,XIREC,246.0,9
140900,SUBMISSION,,VEV_5000,XIREC,244.0,11
140900,SUBMISSION,,VEV_5000,XIREC,245.0,16
140900,,SUBMISSION,VEV_5000,XIREC,238.0,25
140900,,SUBMISSION,VEV_5100,XIREC,149.0,11
141000,SUBMISSION,,VEV_5000,XIREC,243.0,10
141000,SUBMISSION,,VEV_5000,XIREC,244.0,14
141100,SUBMISSION,,VEV_5100,XIREC,152.0,24
141200,SUBMISSION,,VEV_5100,XIREC,153.0,20
141300,SUBMISSION,,VEV_5100,XIREC,153.0,13
141600,,SUBMISSION,VEV_5000,XIREC,238.0,20
141600,SUBMISSION,,VEV_5100,XIREC,153.0,2
141600,,SUBMISSION,VEV_5100,XIREC,149.0,7
141700,SUBMISSION,,VEV_5000,XIREC,244.0,6
141700,SUBMISSION,,VEV_5000,XIREC,245.0,12
141700,SUBMISSION,,VEV_5100,XIREC,153.0,2
141800,SUBMISSION,,VEV_5100,XIREC,153.0,2
141900,SUBMISSION,Mark 55,VELVETFRUIT_EXTRACT,XIREC,5237.0,6
142700,Mark 38,SUBMISSION,HYDROGEL_PACK,XIREC,10014.0,1
142700,SUBMISSION,,VEV_4000,XIREC,1239.0,5
142700,SUBMISSION,,VEV_4500,XIREC,739.0,5
142700,,SUBMISSION,VEV_5100,XIREC,150.0,6
142700,Mark 38,Mark 14,HYDROGEL_PACK,XIREC,10015.0,5
142700,Mark 01,Mark 22,VEV_5400,XIREC,9.0,5
142700,Mark 01,Mark 22,VEV_5500,XIREC,2.0,5
142700,Mark 01,Mark 22,VEV_6000,XIREC,0.0,5
142700,Mark 01,Mark 22,VEV_6500,XIREC,0.0,5
142800,SUBMISSION,,VEV_5100,XIREC,156.0,2
143400,,SUBMISSION,VEV_5000,XIREC,243.0,11
143400,,SUBMISSION,VEV_5100,XIREC,152.0,20
143500,SUBMISSION,,VEV_5100,XIREC,157.0,1
143600,SUBMISSION,Mark 55,VELVETFRUIT_EXTRACT,XIREC,5244.0,4
143900,SUBMISSION,,VEV_5100,XIREC,157.0,1
144000,SUBMISSION,,VEV_5100,XIREC,157.0,1
144100,SUBMISSION,,VEV_5100,XIREC,155.0,9
144200,SUBMISSION,,VEV_5100,XIREC,156.0,5
144300,SUBMISSION,,VEV_5100,XIREC,155.0,3
144300,SUBMISSION,,VEV_5100,XIREC,155.0,3
144500,Mark 55,Mark 01,VELVETFRUIT_EXTRACT,XIREC,5247.0,7
144800,SUBMISSION,,VEV_4000,XIREC,1242.0,3
144800,SUBMISSION,,VEV_4500,XIREC,742.0,3
144800,Mark 01,Mark 22,VEV_5400,XIREC,10.0,3
144800,Mark 01,Mark 22,VEV_5500,XIREC,2.0,3
144800,Mark 01,Mark 22,VEV_6000,XIREC,0.0,3
144800,Mark 01,Mark 22,VEV_6500,XIREC,0.0,3
145100,SUBMISSION,Mark 55,VELVETFRUIT_EXTRACT,XIREC,5244.0,5
145500,Mark 14,Mark 38,VEV_4000,XIREC,1235.0,2
146300,,SUBMISSION,VEV_5000,XIREC,245.0,2
148500,SUBMISSION,Mark 38,HYDROGEL_PACK,XIREC,10000.0,3
148800,Mark 14,Mark 38,VEV_4000,XIREC,1234.0,2
149200,,SUBMISSION,VEV_5000,XIREC,243.0,9
149200,,SUBMISSION,VEV_5100,XIREC,153.0,9
149400,SUBMISSION,,VEV_5000,XIREC,248.0,10
149400,,SUBMISSION,VEV_5000,XIREC,242.0,11
149400,SUBMISSION,,VEV_5100,XIREC,156.0,1
149500,SUBMISSION,,VEV_5000,XIREC,247.0,12
149500,SUBMISSION,,VEV_5100,XIREC,155.0,1
149600,,SUBMISSION,VEV_5000,XIREC,243.0,2
149600,SUBMISSION,,VEV_5100,XIREC,155.0,6
150200,,SUBMISSION,VEV_5000,XIREC,246.0,4
150300,SUBMISSION,,HYDROGEL_PACK,XIREC,10004.0,11
150300,SUBMISSION,Mark 38,HYDROGEL_PACK,XIREC,9989.0,3
150700,SUBMISSION,Mark 38,HYDROGEL_PACK,XIREC,9991.0,3
151200,SUBMISSION,,VEV_5000,XIREC,247.0,5
151200,SUBMISSION,,VEV_5000,XIREC,247.0,5
151400,Mark 38,SUBMISSION,HYDROGEL_PACK,XIREC,10014.0,6
151500,SUBMISSION,,VEV_5100,XIREC,154.0,1
151500,SUBMISSION,,VEV_5100,XIREC,154.0,1
151600,,SUBMISSION,VEV_5000,XIREC,244.0,5
151600,Mark 55,Mark 01,VELVETFRUIT_EXTRACT,XIREC,5245.0,7
151700,SUBMISSION,,VEV_5000,XIREC,246.0,4
151700,SUBMISSION,,VEV_5000,XIREC,246.0,4
152300,Mark 38,SUBMISSION,HYDROGEL_PACK,XIREC,10018.0,4
152700,SUBMISSION,,VEV_5200,XIREC,82.0,4
153500,SUBMISSION,Mark 55,VELVETFRUIT_EXTRACT,XIREC,5241.0,7
153500,,SUBMISSION,VEV_5000,XIREC,242.0,10
153500,,SUBMISSION,VEV_5100,XIREC,152.0,10
153600,SUBMISSION,,VEV_5000,XIREC,247.0,2
153600,SUBMISSION,,VEV_5000,XIREC,247.0,2
153600,SUBMISSION,,VEV_5100,XIREC,155.0,7
153700,Mark 14,Mark 38,HYDROGEL_PACK,XIREC,10012.0,3
153900,SUBMISSION,,VEV_5100,XIREC,155.0,1
155200,SUBMISSION,,VEV_5000,XIREC,246.0,5
155200,SUBMISSION,,VEV_5000,XIREC,246.0,5
155200,,SUBMISSION,VEV_5000,XIREC,241.0,11
155200,SUBMISSION,,VEV_5100,XIREC,155.0,3
155200,,SUBMISSION,VEV_5100,XIREC,150.0,20
155300,SUBMISSION,,VEV_5000,XIREC,245.0,6
155300,SUBMISSION,,VEV_5100,XIREC,153.0,14
155400,SUBMISSION,,VEV_4000,XIREC,1239.0,2
155400,SUBMISSION,,VEV_4500,XIREC,739.0,2
155400,Mark 38,SUBMISSION,VEV_5000,XIREC,241.0,2
155400,SUBMISSION,,VEV_5100,XIREC,151.0,2
155400,SUBMISSION,,VEV_5100,XIREC,154.0,5
155400,,SUBMISSION,VEV_5100,XIREC,150.0,7
155400,Mark 38,SUBMISSION,VEV_5100,XIREC,150.0,2
155400,Mark 38,Mark 22,VEV_4000,XIREC,1239.0,2
155400,Mark 38,Mark 22,VEV_4500,XIREC,739.0,2
155400,Mark 38,Mark 22,VEV_5200,XIREC,79.0,2
155400,Mark 01,Mark 22,VEV_5300,XIREC,33.0,2
155400,Mark 01,Mark 22,VEV_5400,XIREC,9.0,2
155400,Mark 01,Mark 22,VEV_5500,XIREC,2.0,2
155400,Mark 01,Mark 22,VEV_6000,XIREC,0.0,2
155400,Mark 01,Mark 22,VEV_6500,XIREC,0.0,2
155500,SUBMISSION,,VEV_5000,XIREC,244.0,3
155500,SUBMISSION,,VEV_5000,XIREC,244.0,3
155500,SUBMISSION,,VEV_5100,XIREC,153.0,9
155600,,SUBMISSION,VEV_5000,XIREC,239.0,10
155700,SUBMISSION,,VEV_5000,XIREC,245.0,5
156100,SUBMISSION,,VEV_5000,XIREC,244.0,4
156100,,SUBMISSION,VEV_5000,XIREC,238.0,7
156100,SUBMISSION,,VEV_5100,XIREC,152.0,1
156200,SUBMISSION,,VEV_5000,XIREC,242.0,6
156200,SUBMISSION,,VEV_5000,XIREC,243.0,10
156200,SUBMISSION,,VEV_5100,XIREC,151.0,1
156300,SUBMISSION,,VEV_5100,XIREC,150.0,2
156500,,SUBMISSION,VEV_5000,XIREC,236.0,7
156600,SUBMISSION,,VEV_5000,XIREC,241.0,2
156600,SUBMISSION,,VEV_5000,XIREC,241.0,2
156700,SUBMISSION,,VEV_5000,XIREC,239.0,1
156700,SUBMISSION,,VEV_5000,XIREC,239.0,1
156700,SUBMISSION,,VEV_5100,XIREC,148.0,1
156700,SUBMISSION,,VEV_5100,XIREC,148.0,1
156900,,SUBMISSION,VEV_5100,XIREC,144.0,6
157000,SUBMISSION,,VEV_5100,XIREC,148.0,5
157000,SUBMISSION,,VEV_5100,XIREC,148.0,1
157000,SUBMISSION,,VEV_5100,XIREC,149.0,4
157200,,SUBMISSION,VEV_5000,XIREC,234.0,12
157200,,SUBMISSION,VEV_5100,XIREC,144.0,20
157300,SUBMISSION,,VEV_5000,XIREC,239.0,6
157300,SUBMISSION,,VEV_5000,XIREC,240.0,11
157300,SUBMISSION,,VEV_5100,XIREC,148.0,6
157300,SUBMISSION,,VEV_5100,XIREC,149.0,12
157400,,SUBMISSION,VEV_5100,XIREC,145.0,9
157500,Mark 38,SUBMISSION,HYDROGEL_PACK,XIREC,10032.0,4
157500,SUBMISSION,,VEV_5100,XIREC,149.0,4
157500,Mark 38,Mark 14,HYDROGEL_PACK,XIREC,10033.0,2
157600,SUBMISSION,,VEV_5100,XIREC,148.0,2
157800,,SUBMISSION,VEV_5100,XIREC,146.0,8
157900,SUBMISSION,,VEV_5100,XIREC,149.0,7
157900,,SUBMISSION,VEV_5100,XIREC,145.0,9
158000,SUBMISSION,,VEV_5100,XIREC,149.0,8
158000,,SUBMISSION,VEV_5100,XIREC,145.0,20
158000,Mark 55,Mark 01,VELVETFRUIT_EXTRACT,XIREC,5237.0,8
158100,SUBMISSION,,VEV_5100,XIREC,150.0,19
158200,SUBMISSION,,VEV_5100,XIREC,149.0,1
158200,SUBMISSION,,VEV_5100,XIREC,149.0,1
158400,SUBMISSION,,VEV_5100,XIREC,145.0,2
158400,SUBMISSION,,VEV_5100,XIREC,145.0,2
158500,,SUBMISSION,VEV_5100,XIREC,142.0,6
158600,SUBMISSION,,VEV_5100,XIREC,147.0,3
158700,SUBMISSION,,VEV_5100,XIREC,146.0,1
158700,SUBMISSION,,VEV_5100,XIREC,146.0,1
158700,,SUBMISSION,VEV_5100,XIREC,142.0,20
158800,SUBMISSION,,VEV_5100,XIREC,148.0,18
158800,,SUBMISSION,VEV_5100,XIREC,144.0,8
158900,SUBMISSION,,VEV_5100,XIREC,148.0,6
158900,SUBMISSION,,VEV_5100,XIREC,148.0,2
158900,SUBMISSION,,VEV_5100,XIREC,149.0,4
159000,,SUBMISSION,VEV_5100,XIREC,145.0,12
159100,SUBMISSION,,VEV_5100,XIREC,147.0,9
159100,,SUBMISSION,VEV_5100,XIREC,143.0,20
159200,SUBMISSION,,VELVETFRUIT_EXTRACT,XIREC,5232.0,7
159200,,SUBMISSION,VEV_5000,XIREC,234.0,11
159200,SUBMISSION,,VEV_5100,XIREC,148.0,11
159200,SUBMISSION,,VEV_5100,XIREC,149.0,15
159200,,SUBMISSION,VEV_5100,XIREC,144.0,20
159300,SUBMISSION,,VEV_5100,XIREC,150.0,9
159600,SUBMISSION,,VEV_5000,XIREC,239.0,1
159600,SUBMISSION,,VEV_5000,XIREC,239.0,1
159600,SUBMISSION,,VEV_5100,XIREC,148.0,2
159600,SUBMISSION,,VEV_5100,XIREC,148.0,2
160000,,SUBMISSION,VEV_5100,XIREC,145.0,8
160000,Mark 55,Mark 14,VELVETFRUIT_EXTRACT,XIREC,5236.0,8
160100,Mark 38,SUBMISSION,HYDROGEL_PACK,XIREC,10043.0,3
160100,SUBMISSION,,VEV_5100,XIREC,150.0,3
160100,Mark 38,Mark 14,HYDROGEL_PACK,XIREC,10044.0,1
161200,,SUBMISSION,VEV_5000,XIREC,236.0,9
161200,SUBMISSION,,VEV_5100,XIREC,150.0,2
161200,SUBMISSION,,VEV_5100,XIREC,150.0,2
161200,,SUBMISSION,VEV_5100,XIREC,147.0,9
161300,SUBMISSION,,VEV_5000,XIREC,242.0,3
161300,SUBMISSION,,VEV_5100,XIREC,150.0,5
161300,SUBMISSION,,VEV_5100,XIREC,150.0,3
161300,SUBMISSION,,VEV_5100,XIREC,151.0,2
161600,SUBMISSION,,VEV_5000,XIREC,241.0,1
161600,SUBMISSION,,VEV_5000,XIREC,241.0,1
163500,,SUBMISSION,VEV_5000,XIREC,242.0,6
163600,,SUBMISSION,VEV_5000,XIREC,243.0,5
163700,SUBMISSION,,VEV_5000,XIREC,245.0,16
164100,SUBMISSION,,VEV_5000,XIREC,244.0,2
164100,SUBMISSION,,VEV_5000,XIREC,244.0,2
165300,Mark 38,SUBMISSION,VEV_4000,XIREC,1250.0,3
165600,SUBMISSION,Mark 55,VELVETFRUIT_EXTRACT,XIREC,5238.0,4
165600,Mark 01,Mark 55,VELVETFRUIT_EXTRACT,XIREC,5237.0,2
166000,SUBMISSION,,VEV_4000,XIREC,1239.0,5
166000,SUBMISSION,,VEV_4500,XIREC,739.0,5
166000,,SUBMISSION,VEV_5100,XIREC,150.0,6
166000,Mark 01,Mark 22,VEV_5400,XIREC,9.0,5
166000,Mark 01,Mark 22,VEV_5500,XIREC,2.0,5
166000,Mark 01,Mark 22,VEV_6000,XIREC,0.0,5
166000,Mark 01,Mark 22,VEV_6500,XIREC,0.0,5
166100,,SUBMISSION,VEV_5000,XIREC,241.0,8
166100,SUBMISSION,,VEV_5100,XIREC,154.0,4
166100,SUBMISSION,,VEV_5100,XIREC,154.0,4
166400,SUBMISSION,,VEV_5000,XIREC,244.0,3
166400,SUBMISSION,,VEV_5000,XIREC,244.0,3
166600,,SUBMISSION,VEV_5000,XIREC,240.0,9
166600,,SUBMISSION,VEV_5100,XIREC,150.0,9
166700,SUBMISSION,,VEV_5100,XIREC,155.0,2
166700,SUBMISSION,,VEV_5100,XIREC,155.0,2
167100,SUBMISSION,,VEV_5000,XIREC,246.0,4
167900,Mark 14,Mark 38,VEV_4000,XIREC,1232.0,1
169400,SUBMISSION,,VELVETFRUIT_EXTRACT,XIREC,5240.0,3
169400,,SUBMISSION,VEV_5000,XIREC,241.0,9
169400,,SUBMISSION,VEV_5100,XIREC,151.0,9
169500,SUBMISSION,,VEV_5100,XIREC,154.0,2
169500,SUBMISSION,,VEV_5100,XIREC,154.0,2
169800,SUBMISSION,,VELVETFRUIT_EXTRACT,XIREC,5241.0,1
169800,,SUBMISSION,VEV_5000,XIREC,242.0,12
170900,Mark 55,Mark 01,VELVETFRUIT_EXTRACT,XIREC,5249.0,5
172200,SUBMISSION,,VELVETFRUIT_EXTRACT,XIREC,5246.0,1
172200,,SUBMISSION,VEV_5000,XIREC,247.0,8
172300,,SUBMISSION,VELVETFRUIT_EXTRACT,XIREC,5247.0,15
172300,Mark 01,Mark 22,VEV_5500,XIREC,3.0,2
172300,Mark 01,Mark 22,VEV_6000,XIREC,0.0,2
172300,Mark 01,Mark 22,VEV_6500,XIREC,0.0,2
173600,,SUBMISSION,VEV_5000,XIREC,247.0,22
173700,,SUBMISSION,VEV_5000,XIREC,248.0,11
173800,Mark 38,SUBMISSION,HYDROGEL_PACK,XIREC,10036.0,2
173800,Mark 38,Mark 14,HYDROGEL_PACK,XIREC,10037.0,3
174100,Mark 38,SUBMISSION,HYDROGEL_PACK,XIREC,10039.0,1
174100,Mark 38,Mark 14,HYDROGEL_PACK,XIREC,10040.0,1
174800,Mark 55,SUBMISSION,VELVETFRUIT_EXTRACT,XIREC,5252.0,5
175100,Mark 38,SUBMISSION,VEV_4000,XIREC,1258.0,3
175300,Mark 55,SUBMISSION,VELVETFRUIT_EXTRACT,XIREC,5250.0,7
175900,,SUBMISSION,VEV_5000,XIREC,248.0,7
176400,,SUBMISSION,VEV_5000,XIREC,248.0,6
176700,Mark 14,Mark 38,VEV_4000,XIREC,1238.0,1
177200,,SUBMISSION,VEV_5000,XIREC,247.0,7
177200,Mark 14,Mark 38,HYDROGEL_PACK,XIREC,10030.0,2
177900,,SUBMISSION,VEV_5000,XIREC,246.0,11
178000,SUBMISSION,,VEV_5000,XIREC,250.0,2
178000,,SUBMISSION,VEV_5000,XIREC,244.0,25
178000,,SUBMISSION,VEV_5100,XIREC,154.0,11
180300,Mark 38,SUBMISSION,VEV_4000,XIREC,1257.0,3
180800,Mark 14,Mark 38,HYDROGEL_PACK,XIREC,10018.0,5
180900,,SUBMISSION,VEV_5000,XIREC,245.0,7
181200,Mark 14,Mark 38,VEV_4000,XIREC,1235.0,2
182100,Mark 38,SUBMISSION,HYDROGEL_PACK,XIREC,10018.0,1
182100,Mark 38,Mark 14,HYDROGEL_PACK,XIREC,10019.0,5
182100,Mark 14,Mark 38,VEV_4000,XIREC,1237.0,3
182500,Mark 14,Mark 38,HYDROGEL_PACK,XIREC,10007.0,6
182600,SUBMISSION,Mark 55,VELVETFRUIT_EXTRACT,XIREC,5246.0,5
182600,Mark 14,Mark 55,VELVETFRUIT_EXTRACT,XIREC,5245.0,1
183100,Mark 14,Mark 38,VEV_4000,XIREC,1237.0,3
183400,Mark 38,SUBMISSION,HYDROGEL_PACK,XIREC,10030.0,1
183400,Mark 38,Mark 14,HYDROGEL_PACK,XIREC,10031.0,3
183900,,SUBMISSION,VEV_5000,XIREC,249.0,3
186200,SUBMISSION,Mark 55,VELVETFRUIT_EXTRACT,XIREC,5243.0,6
186200,Mark 01,Mark 55,VELVETFRUIT_EXTRACT,XIREC,5242.0,2
189100,SUBMISSION,Mark 38,HYDROGEL_PACK,XIREC,9993.0,4
190700,SUBMISSION,Mark 55,VELVETFRUIT_EXTRACT,XIREC,5248.0,3
190800,SUBMISSION,,HYDROGEL_PACK,XIREC,9999.0,10
191300,Mark 38,Mark 14,VEV_4000,XIREC,1259.0,1
191900,Mark 14,Mark 38,VEV_4000,XIREC,1236.0,1
192600,SUBMISSION,Mark 55,VELVETFRUIT_EXTRACT,XIREC,5248.0,3
192600,Mark 01,Mark 55,VELVETFRUIT_EXTRACT,XIREC,5247.0,3
194600,SUBMISSION,,VELVETFRUIT_EXTRACT,XIREC,5243.0,4
194600,SUBMISSION,,VEV_5000,XIREC,250.0,13
194600,,SUBMISSION,VEV_5000,XIREC,244.0,8
194600,,SUBMISSION,VEV_5100,XIREC,153.0,20
194700,Mark 14,Mark 38,HYDROGEL_PACK,XIREC,10006.0,3
195500,SUBMISSION,,VEV_5000,XIREC,251.0,6
195500,,SUBMISSION,VEV_5000,XIREC,245.0,25
195500,,SUBMISSION,VEV_5100,XIREC,154.0,20
195800,Mark 55,SUBMISSION,VELVETFRUIT_EXTRACT,XIREC,5250.0,7
196100,SUBMISSION,,VEV_5000,XIREC,252.0,1
196100,,SUBMISSION,VEV_5000,XIREC,246.0,25
196300,SUBMISSION,,VEV_5000,XIREC,252.0,2
196300,,SUBMISSION,VEV_5000,XIREC,246.0,10
196600,SUBMISSION,,VEV_5000,XIREC,250.0,4
196600,Mark 14,Mark 38,VEV_4000,XIREC,1234.0,1
196700,SUBMISSION,,VEV_5000,XIREC,250.0,4
196800,SUBMISSION,,VEV_5000,XIREC,251.0,4
197100,SUBMISSION,,VEV_5000,XIREC,249.0,7
197100,SUBMISSION,,VEV_5000,XIREC,250.0,2
197200,SUBMISSION,,VEV_5000,XIREC,248.0,10
197200,SUBMISSION,,VEV_5000,XIREC,249.0,2
197300,SUBMISSION,,VEV_5000,XIREC,250.0,4
197400,SUBMISSION,,VEV_5000,XIREC,250.0,4
197500,SUBMISSION,,VEV_5000,XIREC,250.0,4
197500,Mark 55,Mark 14,VELVETFRUIT_EXTRACT,XIREC,5247.0,3
197600,SUBMISSION,,VEV_5000,XIREC,250.0,5
197700,SUBMISSION,,VEV_5000,XIREC,250.0,5
197900,SUBMISSION,,VEV_5000,XIREC,249.0,11
198000,SUBMISSION,,VEV_5000,XIREC,249.0,11
198100,SUBMISSION,,VEV_5000,XIREC,247.0,20
198100,,SUBMISSION,VEV_5000,XIREC,241.0,8
198100,SUBMISSION,,VEV_5100,XIREC,155.0,8
198100,,SUBMISSION,VEV_5100,XIREC,151.0,8
198200,SUBMISSION,,VEV_5000,XIREC,247.0,12
198200,SUBMISSION,,VEV_5000,XIREC,248.0,9
198300,SUBMISSION,,VEV_5000,XIREC,246.0,11
198300,SUBMISSION,,VEV_5000,XIREC,247.0,15
198400,SUBMISSION,,VEV_5000,XIREC,247.0,9
198400,SUBMISSION,,VEV_5000,XIREC,248.0,11
198500,SUBMISSION,,VEV_5000,XIREC,246.0,10
198500,SUBMISSION,,VEV_5100,XIREC,154.0,10
198600,SUBMISSION,,VEV_5000,XIREC,245.0,8
198600,SUBMISSION,,VEV_5000,XIREC,246.0,8
198600,SUBMISSION,,VEV_5100,XIREC,153.0,8
198600,SUBMISSION,,VEV_5100,XIREC,154.0,6
198700,,SUBMISSION,VEV_5000,XIREC,237.0,25
198700,SUBMISSION,,VEV_5100,XIREC,152.0,35
198700,,SUBMISSION,VEV_5100,XIREC,148.0,11
198800,Mark 38,SUBMISSION,HYDROGEL_PACK,XIREC,10028.0,4
198800,SUBMISSION,,VEV_5000,XIREC,243.0,21
198800,SUBMISSION,,VEV_5100,XIREC,151.0,6
198800,SUBMISSION,,VEV_5100,XIREC,152.0,9
198800,Mark 38,Mark 14,HYDROGEL_PACK,XIREC,10029.0,1
199000,SUBMISSION,Mark 55,VELVETFRUIT_EXTRACT,XIREC,5237.0,3
199000,,SUBMISSION,VEV_5100,XIREC,149.0,6
199400,,SUBMISSION,VEV_5100,XIREC,149.0,6
199500,SUBMISSION,,VEV_5100,XIREC,152.0,8
199500,,SUBMISSION,VEV_5100,XIREC,148.0,20
199600,SUBMISSION,,VEV_5100,XIREC,151.0,9
199600,SUBMISSION,,VEV_5100,XIREC,152.0,20
200100,Mark 38,SUBMISSION,HYDROGEL_PACK,XIREC,10027.0,3
200400,,SUBMISSION,VEV_5100,XIREC,148.0,9
200700,,SUBMISSION,VEV_5100,XIREC,147.0,20
200800,SUBMISSION,,VEV_5100,XIREC,150.0,20
200800,,SUBMISSION,VEV_5100,XIREC,146.0,10
200900,,SUBMISSION,VEV_5000,XIREC,236.0,12
200900,SUBMISSION,,VEV_5100,XIREC,150.0,10
200900,SUBMISSION,,VEV_5100,XIREC,150.0,2
200900,SUBMISSION,,VEV_5100,XIREC,151.0,8
200900,,SUBMISSION,VEV_5100,XIREC,146.0,20
201000,SUBMISSION,,VEV_5000,XIREC,242.0,8
201000,SUBMISSION,,VEV_5000,XIREC,243.0,11
201000,SUBMISSION,,VEV_5100,XIREC,151.0,10
201000,,SUBMISSION,VEV_5100,XIREC,147.0,20
201100,SUBMISSION,,VEV_5100,XIREC,151.0,9
201100,SUBMISSION,,VEV_5100,XIREC,152.0,18
201600,SUBMISSION,Mark 55,VELVETFRUIT_EXTRACT,XIREC,5240.0,4
202200,SUBMISSION,Mark 38,HYDROGEL_PACK,XIREC,9996.0,5
202300,,SUBMISSION,VEV_5100,XIREC,149.0,8
202500,,SUBMISSION,VEV_5100,XIREC,147.0,6
202500,Mark 38,Mark 14,VEV_4000,XIREC,1247.0,1
202600,SUBMISSION,,VEV_5100,XIREC,151.0,6
202600,,SUBMISSION,VEV_5100,XIREC,147.0,9
202700,SUBMISSION,,VEV_5100,XIREC,151.0,9
202700,,SUBMISSION,VEV_5100,XIREC,147.0,9
202800,SUBMISSION,,VEV_5100,XIREC,151.0,9
202800,,SUBMISSION,VEV_5100,XIREC,147.0,9
202900,,SUBMISSION,VEV_5000,XIREC,236.0,12
202900,SUBMISSION,,VEV_5100,XIREC,150.0,10
202900,SUBMISSION,,VEV_5100,XIREC,150.0,2
202900,SUBMISSION,,VEV_5100,XIREC,151.0,8
202900,,SUBMISSION,VEV_5100,XIREC,146.0,20
203000,SUBMISSION,,VEV_5100,XIREC,151.0,7
203000,SUBMISSION,,VEV_5100,XIREC,151.0,1
203000,SUBMISSION,,VEV_5100,XIREC,152.0,6
203100,SUBMISSION,,VEV_5000,XIREC,243.0,1
203100,,SUBMISSION,VEV_5000,XIREC,237.0,10
203100,,SUBMISSION,VEV_5100,XIREC,147.0,20
203200,SUBMISSION,,VEV_5000,XIREC,242.0,11
203200,SUBMISSION,,VEV_5100,XIREC,150.0,7
203200,SUBMISSION,,VEV_5100,XIREC,151.0,15
203300,SUBMISSION,Mark 38,HYDROGEL_PACK,XIREC,10001.0,4
203300,SUBMISSION,,VEV_5000,XIREC,240.0,2
203300,SUBMISSION,,VEV_5000,XIREC,240.0,2
203300,,SUBMISSION,VEV_5100,XIREC,145.0,20
203400,,SUBMISSION,VEV_5000,XIREC,234.0,12
203400,SUBMISSION,,VEV_5100,XIREC,149.0,14
203400,,SUBMISSION,VEV_5100,XIREC,145.0,12
203500,SUBMISSION,,VEV_5000,XIREC,240.0,10
203500,SUBMISSION,,VEV_5100,XIREC,149.0,12
203500,,SUBMISSION,VEV_5100,XIREC,145.0,9
203500,Mark 14,Mark 38,HYDROGEL_PACK,XIREC,10003.0,3
203600,SUBMISSION,,VEV_5100,XIREC,149.0,6
203600,SUBMISSION,,VEV_5100,XIREC,150.0,9
203800,Mark 38,Mark 14,VEV_4000,XIREC,1245.0,1
203900,SUBMISSION,,VELVETFRUIT_EXTRACT,XIREC,5233.0,3
203900,,SUBMISSION,VEV_5000,XIREC,234.0,25
203900,,SUBMISSION,VEV_5100,XIREC,145.0,6
204000,SUBMISSION,,VEV_5000,XIREC,241.0,24
204000,,SUBMISSION,VEV_5000,XIREC,235.0,9
204100,SUBMISSION,,VEV_5000,XIREC,241.0,7
204100,SUBMISSION,,VEV_5000,XIREC,241.0,3
204100,SUBMISSION,,VEV_5000,XIREC,242.0,4
204800,SUBMISSION,Mark 38,HYDROGEL_PACK,XIREC,9994.0,4
205100,SUBMISSION,Mark 38,HYDROGEL_PACK,XIREC,9987.0,5
205400,Mark 38,SUBMISSION,HYDROGEL_PACK,XIREC,10004.0,4
206300,SUBMISSION,Mark 38,HYDROGEL_PACK,XIREC,9982.0,6
206400,SUBMISSION,,HYDROGEL_PACK,XIREC,9991.0,2
206700,,SUBMISSION,VEV_5100,XIREC,146.0,10
206800,SUBMISSION,,HYDROGEL_PACK,XIREC,9993.0,5
206800,SUBMISSION,,VEV_5100,XIREC,148.0,6
206800,SUBMISSION,,VEV_5100,XIREC,149.0,9
206900,SUBMISSION,,HYDROGEL_PACK,XIREC,9993.0,5
206900,,SUBMISSION,VEV_5000,XIREC,235.0,9
207000,SUBMISSION,,HYDROGEL_PACK,XIREC,9996.0,1
207100,,SUBMISSION,VEV_5100,XIREC,146.0,6
207200,SUBMISSION,,HYDROGEL_PACK,XIREC,9995.0,2
207300,SUBMISSION,,HYDROGEL_PACK,XIREC,9993.0,6
207400,SUBMISSION,,HYDROGEL_PACK,XIREC,9994.0,4
207400,SUBMISSION,,VEV_5000,XIREC,240.0,1
207400,SUBMISSION,,VEV_5000,XIREC,240.0,1
207500,SUBMISSION,,HYDROGEL_PACK,XIREC,9992.0,7
207500,,SUBMISSION,VEV_5000,XIREC,235.0,10
207500,Mark 55,Mark 14,VELVETFRUIT_EXTRACT,XIREC,5237.0,8
207600,SUBMISSION,,HYDROGEL_PACK,XIREC,9991.0,9
207600,SUBMISSION,,VEV_5000,XIREC,240.0,10
207600,SUBMISSION,,VEV_5000,XIREC,240.0,1
207600,SUBMISSION,,VEV_5000,XIREC,241.0,9
207600,Mark 55,Mark 14,VELVETFRUIT_EXTRACT,XIREC,5237.0,5
207700,SUBMISSION,,HYDROGEL_PACK,XIREC,9992.0,7
207800,SUBMISSION,,HYDROGEL_PACK,XIREC,9991.0,9
207900,SUBMISSION,,HYDROGEL_PACK,XIREC,9991.0,9
208000,SUBMISSION,,HYDROGEL_PACK,XIREC,9983.0,4
208000,SUBMISSION,,HYDROGEL_PACK,XIREC,9991.0,10
208000,SUBMISSION,,HYDROGEL_PACK,XIREC,9994.0,1
208100,SUBMISSION,,HYDROGEL_PACK,XIREC,9991.0,9
208200,SUBMISSION,,HYDROGEL_PACK,XIREC,9987.0,15
208300,SUBMISSION,,HYDROGEL_PACK,XIREC,9987.0,11
208300,SUBMISSION,,HYDROGEL_PACK,XIREC,9989.0,4
208400,SUBMISSION,,HYDROGEL_PACK,XIREC,9988.0,13
208400,Mark 55,Mark 14,VELVETFRUIT_EXTRACT,XIREC,5239.0,5
208500,SUBMISSION,,HYDROGEL_PACK,XIREC,9988.0,11
208500,SUBMISSION,,HYDROGEL_PACK,XIREC,9990.0,2
208600,SUBMISSION,,HYDROGEL_PACK,XIREC,9989.0,12
208700,SUBMISSION,,HYDROGEL_PACK,XIREC,9990.0,10
208800,SUBMISSION,,HYDROGEL_PACK,XIREC,9986.0,13
208800,SUBMISSION,,HYDROGEL_PACK,XIREC,9988.0,4
208900,SUBMISSION,,HYDROGEL_PACK,XIREC,9987.0,13
208900,SUBMISSION,,HYDROGEL_PACK,XIREC,9989.0,2
209000,SUBMISSION,,HYDROGEL_PACK,XIREC,9987.0,12
209000,SUBMISSION,,HYDROGEL_PACK,XIREC,9989.0,3
209100,SUBMISSION,,HYDROGEL_PACK,XIREC,9987.0,10
209100,SUBMISSION,,HYDROGEL_PACK,XIREC,9989.0,5
209200,SUBMISSION,,HYDROGEL_PACK,XIREC,9988.0,11
209200,SUBMISSION,,HYDROGEL_PACK,XIREC,9990.0,2
209200,SUBMISSION,Mark 38,HYDROGEL_PACK,XIREC,9973.0,5
209300,SUBMISSION,,HYDROGEL_PACK,XIREC,9992.0,7
211000,,SUBMISSION,VEV_5000,XIREC,235.0,8
211100,,SUBMISSION,VEV_5000,XIREC,235.0,12
211200,SUBMISSION,,VEV_5000,XIREC,240.0,8
211200,,SUBMISSION,VEV_5100,XIREC,145.0,12
211300,SUBMISSION,,VEV_5100,XIREC,150.0,8
211800,,SUBMISSION,VEV_5000,XIREC,235.0,6
211800,SUBMISSION,,VEV_5100,XIREC,149.0,1
211800,SUBMISSION,,VEV_5100,XIREC,149.0,1
211900,SUBMISSION,,VEV_5000,XIREC,239.0,6
211900,SUBMISSION,,VEV_5000,XIREC,239.0,5
211900,SUBMISSION,,VEV_5000,XIREC,240.0,1
212300,,SUBMISSION,VEV_5000,XIREC,236.0,7
212500,SUBMISSION,,VEV_5000,XIREC,238.0,2
212500,SUBMISSION,,VEV_5000,XIREC,238.0,2
212500,SUBMISSION,,VEV_5100,XIREC,147.0,1
212500,SUBMISSION,,VEV_5100,XIREC,147.0,1
212600,,SUBMISSION,VEV_5000,XIREC,233.0,9
212600,,SUBMISSION,VEV_5100,XIREC,144.0,9
212700,SUBMISSION,,VEV_5000,XIREC,239.0,6
212700,SUBMISSION,,VEV_5100,XIREC,148.0,7
212700,,SUBMISSION,VEV_5100,XIREC,144.0,12
212800,SUBMISSION,,VEV_5000,XIREC,238.0,1
212800,SUBMISSION,,VEV_5000,XIREC,238.0,1
212800,SUBMISSION,,VEV_5100,XIREC,147.0,13
212900,SUBMISSION,,VEV_5000,XIREC,238.0,1
212900,,SUBMISSION,VEV_5000,XIREC,232.0,10
212900,SUBMISSION,,VEV_5100,XIREC,147.0,1
212900,,SUBMISSION,VEV_5100,XIREC,143.0,10
213000,SUBMISSION,,VEV_5000,XIREC,239.0,8
213000,,SUBMISSION,VEV_5000,XIREC,233.0,10
213000,SUBMISSION,,VEV_5100,XIREC,148.0,8
213000,,SUBMISSION,VEV_5100,XIREC,144.0,10
213100,SUBMISSION,,VEV_5000,XIREC,239.0,6
213100,SUBMISSION,,VEV_5000,XIREC,240.0,8
213100,SUBMISSION,,VEV_5100,XIREC,148.0,9
213200,SUBMISSION,,VEV_5100,XIREC,148.0,1
213300,,SUBMISSION,VEV_5000,XIREC,234.0,12
213400,SUBMISSION,Mark 38,HYDROGEL_PACK,XIREC,9995.0,3
213400,SUBMISSION,,VEV_5000,XIREC,240.0,5
213400,,SUBMISSION,VEV_5000,XIREC,234.0,6
213500,SUBMISSION,,VEV_5000,XIREC,239.0,6
213500,SUBMISSION,,VEV_5000,XIREC,239.0,1
213500,SUBMISSION,,VEV_5000,XIREC,240.0,5
213700,,SUBMISSION,VEV_5000,XIREC,234.0,12
213800,SUBMISSION,,VEV_5000,XIREC,240.0,6
213800,,SUBMISSION,VEV_5000,XIREC,234.0,9
213900,SUBMISSION,,VEV_5000,XIREC,240.0,7
213900,SUBMISSION,,VEV_5000,XIREC,240.0,2
213900,SUBMISSION,,VEV_5000,XIREC,241.0,5
214000,SUBMISSION,Mark 55,VELVETFRUIT_EXTRACT,XIREC,5234.0,2
214000,Mark 14,Mark 55,VELVETFRUIT_EXTRACT,XIREC,5233.0,3
214200,,SUBMISSION,VEV_5000,XIREC,234.0,8
214300,SUBMISSION,,VEV_5000,XIREC,238.0,3
214300,SUBMISSION,,VEV_5000,XIREC,238.0,3
214500,,SUBMISSION,VEV_5000,XIREC,234.0,10
214600,SUBMISSION,,VEV_5000,XIREC,238.0,7
214600,SUBMISSION,,VEV_5000,XIREC,239.0,7
215100,SUBMISSION,,VELVETFRUIT_EXTRACT,XIREC,5231.0,2
215100,,SUBMISSION,VEV_5000,XIREC,232.0,22
215100,,SUBMISSION,VEV_5100,XIREC,143.0,20
215100,Mark 67,Mark 49,VELVETFRUIT_EXTRACT,XIREC,5231.0,14
215200,SUBMISSION,,VEV_5000,XIREC,238.0,10
215200,SUBMISSION,,VEV_5000,XIREC,239.0,14
215200,SUBMISSION,,VEV_5100,XIREC,147.0,14
215300,SUBMISSION,,VEV_5000,XIREC,236.0,3
215300,SUBMISSION,,VEV_5000,XIREC,236.0,3
215300,SUBMISSION,,VEV_5100,XIREC,146.0,12
215300,,SUBMISSION,VEV_5100,XIREC,142.0,8
215400,SUBMISSION,,VEV_5100,XIREC,146.0,8
215500,,SUBMISSION,VEV_5000,XIREC,231.0,8
215500,,SUBMISSION,VEV_5100,XIREC,142.0,20
215600,SUBMISSION,,VEV_5000,XIREC,238.0,1
215600,SUBMISSION,,VEV_5000,XIREC,238.0,1
215600,SUBMISSION,,VEV_5100,XIREC,147.0,11
215600,SUBMISSION,,VEV_5100,XIREC,148.0,18
215700,SUBMISSION,,VEV_5000,XIREC,237.0,1
215700,SUBMISSION,,VEV_5000,XIREC,237.0,1
215700,Mark 55,Mark 14,VELVETFRUIT_EXTRACT,XIREC,5234.0,3
216400,,SUBMISSION,VEV_5000,XIREC,230.0,9
216400,,SUBMISSION,VEV_5100,XIREC,141.0,20
216500,,SUBMISSION,HYDROGEL_PACK,XIREC,10006.0,1
216500,SUBMISSION,,VEV_5000,XIREC,236.0,1
216500,,SUBMISSION,VEV_5000,XIREC,230.0,11
216500,SUBMISSION,,VEV_5100,XIREC,145.0,6
216500,,SUBMISSION,VEV_5100,XIREC,141.0,20
216600,SUBMISSION,,VEV_5000,XIREC,235.0,13
216600,,SUBMISSION,VEV_5000,XIREC,229.0,25
216600,SUBMISSION,,VEV_5100,XIREC,144.0,11
216600,SUBMISSION,,VEV_5100,XIREC,145.0,8
216600,,SUBMISSION,VEV_5100,XIREC,140.0,20
216700,SUBMISSION,,VEV_5000,XIREC,233.0,10
216700,SUBMISSION,,VEV_5000,XIREC,234.0,21
216700,SUBMISSION,,VEV_5100,XIREC,143.0,3
216700,,SUBMISSION,VEV_5100,XIREC,139.0,20
216800,,SUBMISSION,VEV_5000,XIREC,229.0,6
216800,SUBMISSION,,VEV_5100,XIREC,144.0,18
216800,,SUBMISSION,VEV_5100,XIREC,140.0,18
216900,SUBMISSION,,VEV_5100,XIREC,144.0,10
216900,SUBMISSION,,VEV_5100,XIREC,145.0,20
217000,,SUBMISSION,HYDROGEL_PACK,XIREC,10010.0,9
217000,SUBMISSION,,VEV_5000,XIREC,233.0,2
217000,SUBMISSION,,VEV_5100,XIREC,142.0,7
217000,SUBMISSION,,VEV_5100,XIREC,143.0,10
217000,,SUBMISSION,VEV_5100,XIREC,139.0,7
217100,,SUBMISSION,HYDROGEL_PACK,XIREC,10013.0,6
217100,Mark 38,SUBMISSION,HYDROGEL_PACK,XIREC,10019.0,3
217100,,SUBMISSION,VEV_5100,XIREC,139.0,20
217200,,SUBMISSION,HYDROGEL_PACK,XIREC,10011.0,10
217200,SUBMISSION,,VEV_5100,XIREC,143.0,9
217200,SUBMISSION,,VEV_5100,XIREC,144.0,17
217300,,SUBMISSION,HYDROGEL_PACK,XIREC,10012.0,11
217300,,SUBMISSION,HYDROGEL_PACK,XIREC,10010.0,1
217300,SUBMISSION,,VELVETFRUIT_EXTRACT,XIREC,5226.0,1
217300,SUBMISSION,,VEV_5000,XIREC,233.0,1
217300,SUBMISSION,,VEV_5000,XIREC,233.0,1
217300,,SUBMISSION,VEV_5000,XIREC,228.0,11
217300,,SUBMISSION,VEV_5100,XIREC,139.0,20
217400,,SUBMISSION,HYDROGEL_PACK,XIREC,10014.0,11
217400,,SUBMISSION,HYDROGEL_PACK,XIREC,10011.0,5
217400,SUBMISSION,,VEV_5000,XIREC,234.0,7
217400,SUBMISSION,,VEV_5100,XIREC,143.0,11
217400,SUBMISSION,,VEV_5100,XIREC,144.0,13
217400,,SUBMISSION,VEV_5100,XIREC,140.0,11
217500,,SUBMISSION,HYDROGEL_PACK,XIREC,10015.0,15
217500,,SUBMISSION,HYDROGEL_PACK,XIREC,10012.0,3
217500,,SUBMISSION,VEV_5100,XIREC,140.0,20
217600,,SUBMISSION,HYDROGEL_PACK,XIREC,10016.0,13
217600,,SUBMISSION,HYDROGEL_PACK,XIREC,10013.0,7
217600,SUBMISSION,,VEV_5100,XIREC,144.0,19
217600,,SUBMISSION,VEV_5100,XIREC,140.0,11
217700,,SUBMISSION,HYDROGEL_PACK,XIREC,10019.0,15
217700,,SUBMISSION,HYDROGEL_PACK,XIREC,10016.0,10
217700,SUBMISSION,,VEV_5000,XIREC,232.0,1
217700,SUBMISSION,,VEV_5000,XIREC,232.0,1
217700,SUBMISSION,,VEV_5100,XIREC,142.0,12
217800,,SUBMISSION,HYDROGEL_PACK,XIREC,10020.0,14
217800,,SUBMISSION,HYDROGEL_PACK,XIREC,10018.0,13
217900,,SUBMISSION,HYDROGEL_PACK,XIREC,10019.0,13
217900,,SUBMISSION,HYDROGEL_PACK,XIREC,10017.0,12
218000,,SUBMISSION,HYDROGEL_PACK,XIREC,10018.0,11
218000,,SUBMISSION,HYDROGEL_PACK,XIREC,10016.0,12
218100,,SUBMISSION,HYDROGEL_PACK,XIREC,10016.0,14
218200,Mark 55,Mark 01,VELVETFRUIT_EXTRACT,XIREC,5233.0,8
218300,SUBMISSION,,VEV_4000,XIREC,1228.0,5
218300,SUBMISSION,,VEV_4500,XIREC,728.0,5
218300,Mark 01,Mark 22,VEV_5300,XIREC,29.0,5
218300,Mark 01,Mark 22,VEV_5400,XIREC,8.0,5
218300,Mark 01,Mark 22,VEV_5500,XIREC,2.0,5
218300,Mark 01,Mark 22,VEV_6000,XIREC,0.0,5
218300,Mark 01,Mark 22,VEV_6500,XIREC,0.0,5
219200,,SUBMISSION,HYDROGEL_PACK,XIREC,10018.0,4
220600,Mark 14,Mark 38,HYDROGEL_PACK,XIREC,10013.0,5
220800,SUBMISSION,,VEV_4000,XIREC,1233.0,4
220800,SUBMISSION,,VEV_4500,XIREC,733.0,4
220800,,SUBMISSION,VEV_5100,XIREC,144.0,22
220800,Mark 01,Mark 22,VEV_5300,XIREC,31.0,4
220800,Mark 01,Mark 22,VEV_5400,XIREC,8.0,4
220800,Mark 01,Mark 22,VEV_5500,XIREC,2.0,4
220800,Mark 01,Mark 22,VEV_6000,XIREC,0.0,4
220800,Mark 01,Mark 22,VEV_6500,XIREC,0.0,4
220900,SUBMISSION,,VEV_5100,XIREC,148.0,15
221500,,SUBMISSION,HYDROGEL_PACK,XIREC,10020.0,4
221900,Mark 38,SUBMISSION,HYDROGEL_PACK,XIREC,10035.0,5
221900,SUBMISSION,,VEV_5100,XIREC,145.0,3
222300,Mark 38,SUBMISSION,HYDROGEL_PACK,XIREC,10034.0,2
222400,SUBMISSION,,VEV_4000,XIREC,1227.0,2
222400,SUBMISSION,,VEV_4500,XIREC,727.0,2
222400,SUBMISSION,,VEV_5100,XIREC,141.0,1
222400,SUBMISSION,,VEV_5100,XIREC,141.0,1
222400,SUBMISSION,,VEV_5100,XIREC,143.0,1
222400,Mark 01,Mark 22,VEV_5200,XIREC,71.0,2
222400,Mark 01,Mark 22,VEV_5300,XIREC,29.0,2
222400,Mark 01,Mark 22,VEV_5400,XIREC,8.0,2
222400,Mark 01,Mark 22,VEV_5500,XIREC,2.0,2
222400,Mark 01,Mark 22,VEV_6000,XIREC,0.0,2
222400,Mark 01,Mark 22,VEV_6500,XIREC,0.0,2
224400,Mark 55,Mark 14,VELVETFRUIT_EXTRACT,XIREC,5231.0,4
225000,Mark 55,Mark 14,VELVETFRUIT_EXTRACT,XIREC,5232.0,7
226700,SUBMISSION,,HYDROGEL_PACK,XIREC,9997.0,3
226800,SUBMISSION,,HYDROGEL_PACK,XIREC,9996.0,4
226900,SUBMISSION,,HYDROGEL_PACK,XIREC,9997.0,3
227000,SUBMISSION,,HYDROGEL_PACK,XIREC,9997.0,3
227100,SUBMISSION,,HYDROGEL_PACK,XIREC,9995.0,6
227100,,SUBMISSION,VEV_5000,XIREC,239.0,11
227200,SUBMISSION,,HYDROGEL_PACK,XIREC,9994.0,8
227300,SUBMISSION,,HYDROGEL_PACK,XIREC,9993.0,10
227400,SUBMISSION,,HYDROGEL_PACK,XIREC,9997.0,3
227500,SUBMISSION,,HYDROGEL_PACK,XIREC,9997.0,3
227600,SUBMISSION,,HYDROGEL_PACK,XIREC,9995.0,6
227700,SUBMISSION,,HYDROGEL_PACK,XIREC,9993.0,10
227900,SUBMISSION,,HYDROGEL_PACK,XIREC,9994.0,8
227900,SUBMISSION,,VEV_5000,XIREC,243.0,5
227900,SUBMISSION,,VEV_5000,XIREC,243.0,3
227900,SUBMISSION,,VEV_5000,XIREC,244.0,2
228000,SUBMISSION,,HYDROGEL_PACK,XIREC,9993.0,10
228100,SUBMISSION,,HYDROGEL_PACK,XIREC,9987.0,13
228100,SUBMISSION,,HYDROGEL_PACK,XIREC,9990.0,8
228200,SUBMISSION,,HYDROGEL_PACK,XIREC,9988.0,11
228200,SUBMISSION,,HYDROGEL_PACK,XIREC,9991.0,8
228300,SUBMISSION,,HYDROGEL_PACK,XIREC,9988.0,15
228300,SUBMISSION,,HYDROGEL_PACK,XIREC,9990.0,4
228400,SUBMISSION,,HYDROGEL_PACK,XIREC,9993.0,10
228500,SUBMISSION,,HYDROGEL_PACK,XIREC,9994.0,8
228600,SUBMISSION,,HYDROGEL_PACK,XIREC,9997.0,3
228700,SUBMISSION,,HYDROGEL_PACK,XIREC,9995.0,6
228800,SUBMISSION,,HYDROGEL_PACK,XIREC,9994.0,8
228900,SUBMISSION,,HYDROGEL_PACK,XIREC,9994.0,8
229000,SUBMISSION,,HYDROGEL_PACK,XIREC,9995.0,6
229100,SUBMISSION,,HYDROGEL_PACK,XIREC,9996.0,5
229200,SUBMISSION,,HYDROGEL_PACK,XIREC,9995.0,6
229300,SUBMISSION,,HYDROGEL_PACK,XIREC,9995.0,6
229400,SUBMISSION,,HYDROGEL_PACK,XIREC,9994.0,7
229500,SUBMISSION,,HYDROGEL_PACK,XIREC,9994.0,2
229500,Mark 38,SUBMISSION,VEV_4000,XIREC,1251.0,2
229500,Mark 14,Mark 55,VELVETFRUIT_EXTRACT,XIREC,5239.0,4
229600,SUBMISSION,,HYDROGEL_PACK,XIREC,9992.0,12
229700,SUBMISSION,,HYDROGEL_PACK,XIREC,9989.0,11
229700,SUBMISSION,,HYDROGEL_PACK,XIREC,9991.0,7
229800,SUBMISSION,,HYDROGEL_PACK,XIREC,9985.0,12
229800,SUBMISSION,,HYDROGEL_PACK,XIREC,9988.0,13
229900,SUBMISSION,,HYDROGEL_PACK,XIREC,9985.0,2
230100,SUBMISSION,,HYDROGEL_PACK,XIREC,9983.0,5
230200,,SUBMISSION,VEV_5000,XIREC,246.0,2
230300,SUBMISSION,Mark 38,HYDROGEL_PACK,XIREC,9973.0,5
230900,Mark 38,Mark 14,HYDROGEL_PACK,XIREC,9984.0,6
231300,SUBMISSION,Mark 38,HYDROGEL_PACK,XIREC,9969.0,3
231300,Mark 01,Mark 55,VELVETFRUIT_EXTRACT,XIREC,5238.0,7
233100,Mark 14,Mark 38,VEV_4000,XIREC,1222.0,3
233900,SUBMISSION,Mark 55,VELVETFRUIT_EXTRACT,XIREC,5234.0,1
233900,Mark 14,Mark 55,VELVETFRUIT_EXTRACT,XIREC,5233.0,7
234500,Mark 55,Mark 14,VELVETFRUIT_EXTRACT,XIREC,5238.0,4
234700,Mark 38,SUBMISSION,VEV_4000,XIREC,1243.0,2
235900,SUBMISSION,Mark 38,HYDROGEL_PACK,XIREC,9993.0,3
236100,Mark 01,Mark 55,VELVETFRUIT_EXTRACT,XIREC,5228.0,8
236300,SUBMISSION,Mark 38,HYDROGEL_PACK,XIREC,9995.0,4
236700,,SUBMISSION,VEV_5000,XIREC,231.0,11
236700,,SUBMISSION,VEV_5100,XIREC,142.0,11
236800,SUBMISSION,,VEV_5000,XIREC,237.0,1
236800,SUBMISSION,,VEV_5100,XIREC,146.0,5
237000,,SUBMISSION,HYDROGEL_PACK,XIREC,10006.0,1
237100,,SUBMISSION,HYDROGEL_PACK,XIREC,10007.0,2
237400,SUBMISSION,,VEV_5000,XIREC,236.0,1
237400,SUBMISSION,,VEV_5100,XIREC,145.0,1
237500,,SUBMISSION,HYDROGEL_PACK,XIREC,10007.0,2
237500,SUBMISSION,,VEV_5000,XIREC,235.0,1
237500,SUBMISSION,,VEV_5000,XIREC,235.0,1
237600,,SUBMISSION,HYDROGEL_PACK,XIREC,10010.0,8
237600,SUBMISSION,,VEV_5100,XIREC,144.0,1
237700,,SUBMISSION,HYDROGEL_PACK,XIREC,10012.0,11
237800,,SUBMISSION,HYDROGEL_PACK,XIREC,10014.0,10
237800,,SUBMISSION,HYDROGEL_PACK,XIREC,10012.0,5
237800,SUBMISSION,,VEV_5000,XIREC,234.0,1
237900,,SUBMISSION,HYDROGEL_PACK,XIREC,10011.0,10
237900,SUBMISSION,,VEV_5000,XIREC,231.0,4
237900,SUBMISSION,,VEV_5000,XIREC,231.0,2
237900,SUBMISSION,,VEV_5000,XIREC,232.0,2
237900,SUBMISSION,,VEV_5100,XIREC,141.0,3
237900,,SUBMISSION,VEV_5100,XIREC,137.0,20
238000,,SUBMISSION,HYDROGEL_PACK,XIREC,10008.0,4
238000,SUBMISSION,,VEV_5100,XIREC,140.0,9
238000,SUBMISSION,,VEV_5100,XIREC,141.0,18
238000,,SUBMISSION,VEV_5100,XIREC,137.0,9
238100,,SUBMISSION,HYDROGEL_PACK,XIREC,10009.0,6
238100,SUBMISSION,,VEV_5100,XIREC,141.0,2
238100,,SUBMISSION,VEV_5100,XIREC,137.0,20
238200,,SUBMISSION,HYDROGEL_PACK,XIREC,10008.0,4
238200,SUBMISSION,,VEV_5100,XIREC,140.0,10
238200,SUBMISSION,,VEV_5100,XIREC,141.0,13
238200,,SUBMISSION,VEV_5100,XIREC,137.0,10
238300,SUBMISSION,,VEV_5100,XIREC,141.0,6
238300,,SUBMISSION,VEV_5100,XIREC,137.0,7
238400,SUBMISSION,,VEV_5100,XIREC,141.0,7
238500,,SUBMISSION,VEV_5100,XIREC,137.0,20
238600,,SUBMISSION,VEV_5000,XIREC,229.0,5
238600,SUBMISSION,,VEV_5100,XIREC,142.0,19
238600,,SUBMISSION,VEV_5100,XIREC,139.0,5
238700,SUBMISSION,,VEV_5100,XIREC,142.0,5
238700,,SUBMISSION,VEV_5100,XIREC,138.0,7
238800,SUBMISSION,,VEV_5000,XIREC,230.0,1
238800,SUBMISSION,,VEV_5100,XIREC,140.0,9
238800,,SUBMISSION,VEV_5100,XIREC,136.0,20
238900,SUBMISSION,,VEV_5100,XIREC,141.0,19
238900,,SUBMISSION,VEV_5100,XIREC,137.0,20
239000,SUBMISSION,,VEV_5100,XIREC,141.0,18
239600,,SUBMISSION,HYDROGEL_PACK,XIREC,10007.0,3
239700,,SUBMISSION,HYDROGEL_PACK,XIREC,10011.0,10
239800,,SUBMISSION,HYDROGEL_PACK,XIREC,10011.0,10
239900,,SUBMISSION,HYDROGEL_PACK,XIREC,10012.0,12
240000,,SUBMISSION,HYDROGEL_PACK,XIREC,10013.0,11
240000,,SUBMISSION,HYDROGEL_PACK,XIREC,10010.0,3
240000,,SUBMISSION,VEV_5000,XIREC,233.0,12
240000,,SUBMISSION,VEV_5100,XIREC,144.0,12
240100,,SUBMISSION,HYDROGEL_PACK,XIREC,10013.0,14
240100,SUBMISSION,,VEV_5100,XIREC,147.0,6
240100,SUBMISSION,,VEV_5100,XIREC,148.0,4
240100,Mark 14,Mark 38,HYDROGEL_PACK,XIREC,10013.0,2
240200,,SUBMISSION,HYDROGEL_PACK,XIREC,10013.0,10
240200,,SUBMISSION,HYDROGEL_PACK,XIREC,10010.0,4
240300,,SUBMISSION,HYDROGEL_PACK,XIREC,10009.0,6
240400,,SUBMISSION,HYDROGEL_PACK,XIREC,10010.0,8
240500,,SUBMISSION,HYDROGEL_PACK,XIREC,10012.0,12
240600,,SUBMISSION,HYDROGEL_PACK,XIREC,10012.0,12
240600,,SUBMISSION,VEV_5000,XIREC,235.0,25
240600,,SUBMISSION,VEV_5100,XIREC,146.0,11
240700,,SUBMISSION,HYDROGEL_PACK,XIREC,10010.0,8
240700,SUBMISSION,,VEV_5000,XIREC,242.0,5
240700,Mark 14,Mark 38,VEV_4000,XIREC,1225.0,3
240800,,SUBMISSION,HYDROGEL_PACK,XIREC,10010.0,8
240800,SUBMISSION,,VEV_5000,XIREC,241.0,5
240900,,SUBMISSION,HYDROGEL_PACK,XIREC,10013.0,14
240900,SUBMISSION,,VEV_5000,XIREC,239.0,8
240900,SUBMISSION,,VEV_5000,XIREC,240.0,1
241000,,SUBMISSION,HYDROGEL_PACK,XIREC,10011.0,10
241000,SUBMISSION,,VEV_5000,XIREC,238.0,4
241000,SUBMISSION,,VEV_5000,XIREC,238.0,3
241000,SUBMISSION,,VEV_5000,XIREC,239.0,1
241000,SUBMISSION,,VEV_5100,XIREC,147.0,1
241100,,SUBMISSION,HYDROGEL_PACK,XIREC,10010.0,8
241100,SUBMISSION,,VEV_5100,XIREC,146.0,7
241200,,SUBMISSION,HYDROGEL_PACK,XIREC,10012.0,13
241200,SUBMISSION,,VEV_5100,XIREC,147.0,1
241200,Mark 14,Mark 38,VEV_4000,XIREC,1222.0,1
241300,,SUBMISSION,HYDROGEL_PACK,XIREC,10010.0,8
241400,,SUBMISSION,HYDROGEL_PACK,XIREC,10009.0,6
241400,SUBMISSION,,VEV_5000,XIREC,237.0,2
241400,,SUBMISSION,VEV_5000,XIREC,231.0,25
241400,SUBMISSION,,VEV_5100,XIREC,146.0,2
241400,,SUBMISSION,VEV_5100,XIREC,142.0,20
241500,,SUBMISSION,HYDROGEL_PACK,XIREC,10011.0,9
241500,SUBMISSION,,VEV_5000,XIREC,238.0,12
241600,,SUBMISSION,HYDROGEL_PACK,XIREC,10013.0,5
241600,SUBMISSION,,VEV_5000,XIREC,238.0,9
241600,SUBMISSION,,VEV_5100,XIREC,147.0,2
241700,,SUBMISSION,HYDROGEL_PACK,XIREC,10016.0,7
241700,SUBMISSION,,VEV_5000,XIREC,237.0,1
241700,SUBMISSION,,VEV_5000,XIREC,237.0,1
241700,SUBMISSION,,VEV_5100,XIREC,146.0,8
241700,SUBMISSION,,VEV_5100,XIREC,147.0,2
241800,SUBMISSION,,VEV_5100,XIREC,146.0,6
241800,SUBMISSION,,VEV_5100,XIREC,146.0,3
241800,SUBMISSION,,VEV_5100,XIREC,147.0,3
241900,SUBMISSION,,VEV_5000,XIREC,235.0,1
241900,SUBMISSION,,VEV_5000,XIREC,235.0,1
243300,SUBMISSION,,VEV_5000,XIREC,241.0,7
243700,SUBMISSION,,VEV_4000,XIREC,1235.0,2
243700,SUBMISSION,,VEV_4500,XIREC,735.0,2
243700,,SUBMISSION,VEV_5100,XIREC,146.0,6
243700,Mark 01,Mark 22,VEV_5300,XIREC,31.0,2
243700,Mark 01,Mark 22,VEV_5400,XIREC,9.0,2
243700,Mark 01,Mark 22,VEV_5500,XIREC,2.0,2
243700,Mark 01,Mark 22,VEV_6000,XIREC,0.0,2
243700,Mark 01,Mark 22,VEV_6500,XIREC,0.0,2
243800,SUBMISSION,,VEV_5100,XIREC,150.0,6
243900,Mark 55,Mark 14,VELVETFRUIT_EXTRACT,XIREC,5239.0,3
244000,SUBMISSION,,VEV_5100,XIREC,149.0,1
244000,SUBMISSION,,VEV_5100,XIREC,149.0,1
244500,SUBMISSION,,VEV_5000,XIREC,240.0,2
244500,SUBMISSION,,VEV_5000,XIREC,240.0,2
245100,Mark 14,Mark 55,VELVETFRUIT_EXTRACT,XIREC,5229.0,8
245300,,SUBMISSION,HYDROGEL_PACK,XIREC,10018.0,4
245500,,SUBMISSION,HYDROGEL_PACK,XIREC,10019.0,2
245700,Mark 14,Mark 55,VELVETFRUIT_EXTRACT,XIREC,5232.0,3
245900,,SUBMISSION,HYDROGEL_PACK,XIREC,10023.0,8
247000,Mark 38,SUBMISSION,HYDROGEL_PACK,XIREC,10037.0,6
247900,,SUBMISSION,HYDROGEL_PACK,XIREC,10035.0,6
248100,Mark 55,Mark 14,VELVETFRUIT_EXTRACT,XIREC,5239.0,8
249800,,SUBMISSION,VEV_5000,XIREC,239.0,2
250200,SUBMISSION,,VEV_4000,XIREC,1237.0,5
250200,SUBMISSION,,VEV_4500,XIREC,737.0,5
250200,Mark 01,Mark 22,VEV_5400,XIREC,9.0,5
250200,Mark 01,Mark 22,VEV_5500,XIREC,2.0,5
250200,Mark 01,Mark 22,VEV_6000,XIREC,0.0,5
250200,Mark 01,Mark 22,VEV_6500,XIREC,0.0,5
251400,Mark 01,Mark 55,VELVETFRUIT_EXTRACT,XIREC,5235.0,4
252100,Mark 55,Mark 01,VELVETFRUIT_EXTRACT,XIREC,5241.0,3
252700,Mark 38,SUBMISSION,VEV_4000,XIREC,1249.0,1
253400,,SUBMISSION,VEV_5100,XIREC,152.0,10
253400,Mark 14,Mark 22,VEV_5200,XIREC,80.0,5
253400,Mark 01,Mark 22,VEV_5500,XIREC,2.0,5
253400,Mark 01,Mark 22,VEV_6000,XIREC,0.0,5
253400,Mark 01,Mark 22,VEV_6500,XIREC,0.0,5
253600,,SUBMISSION,VEV_5000,XIREC,242.0,25
254000,,SUBMISSION,VEV_5000,XIREC,242.0,25
254000,Mark 67,Mark 22,VELVETFRUIT_EXTRACT,XIREC,5242.0,7
254300,SUBMISSION,,VEV_5000,XIREC,246.0,10
254300,,SUBMISSION,VEV_5000,XIREC,240.0,25
254300,SUBMISSION,,VEV_5100,XIREC,154.0,9
254300,Mark 67,Mark 49,VELVETFRUIT_EXTRACT,XIREC,5239.0,15
254800,Mark 14,Mark 38,HYDROGEL_PACK,XIREC,10031.0,4
254900,Mark 22,Mark 38,HYDROGEL_PACK,XIREC,10036.0,3
255700,SUBMISSION,,VEV_5000,XIREC,244.0,17
255800,SUBMISSION,,VEV_5000,XIREC,244.0,10
255800,SUBMISSION,,VEV_5000,XIREC,245.0,6
255900,SUBMISSION,,VEV_5000,XIREC,244.0,21
255900,,SUBMISSION,VEV_5000,XIREC,238.0,10
255900,,SUBMISSION,VEV_5100,XIREC,148.0,10
256000,SUBMISSION,,VEV_5000,XIREC,243.0,9
256000,SUBMISSION,,VEV_5000,XIREC,244.0,9
256100,SUBMISSION,,VEV_5100,XIREC,152.0,5
256300,SUBMISSION,,VEV_5100,XIREC,151.0,1
256300,SUBMISSION,,VEV_5100,XIREC,151.0,1
256400,Mark 14,Mark 38,HYDROGEL_PACK,XIREC,10032.0,4
256600,SUBMISSION,,VEV_5100,XIREC,148.0,1
256700,SUBMISSION,,VEV_5100,XIREC,148.0,1
256700,SUBMISSION,,VEV_5100,XIREC,148.0,1
256900,SUBMISSION,,VEV_5000,XIREC,238.0,2
256900,SUBMISSION,,VEV_5000,XIREC,238.0,2
257100,SUBMISSION,,VEV_5100,XIREC,147.0,1
258200,Mark 14,Mark 38,HYDROGEL_PACK,XIREC,10010.0,3
259200,Mark 38,SUBMISSION,HYDROGEL_PACK,XIREC,10022.0,4
259900,SUBMISSION,Mark 38,HYDROGEL_PACK,XIREC,10001.0,2
259900,,SUBMISSION,VEV_5000,XIREC,233.0,10
259900,,SUBMISSION,VEV_5100,XIREC,143.0,20
260000,SUBMISSION,,VEV_5000,XIREC,237.0,9
260000,SUBMISSION,,VEV_5000,XIREC,237.0,3
260000,SUBMISSION,,VEV_5000,XIREC,238.0,6
260000,SUBMISSION,,VEV_5100,XIREC,146.0,11
260100,SUBMISSION,,VEV_5100,XIREC,147.0,8
260200,SUBMISSION,,VEV_5100,XIREC,147.0,1
260600,Mark 14,Mark 55,VELVETFRUIT_EXTRACT,XIREC,5228.0,6
261300,,SUBMISSION,VEV_5100,XIREC,139.0,20
261400,SUBMISSION,,VEV_5100,XIREC,144.0,16
261600,SUBMISSION,Mark 38,HYDROGEL_PACK,XIREC,9996.0,6
261700,Mark 55,Mark 01,VELVETFRUIT_EXTRACT,XIREC,5231.0,4
262100,Mark 38,SUBMISSION,HYDROGEL_PACK,XIREC,10010.0,6
262500,Mark 55,Mark 14,VELVETFRUIT_EXTRACT,XIREC,5231.0,5
263200,SUBMISSION,,VEV_5100,XIREC,142.0,1
263200,Mark 14,Mark 38,VEV_4000,XIREC,1216.0,3
263400,Mark 55,Mark 01,VELVETFRUIT_EXTRACT,XIREC,5231.0,3
263500,Mark 55,Mark 14,VELVETFRUIT_EXTRACT,XIREC,5230.0,5
264000,,SUBMISSION,VEV_5000,XIREC,232.0,12
264000,,SUBMISSION,VEV_5100,XIREC,142.0,20
264000,Mark 67,Mark 49,VELVETFRUIT_EXTRACT,XIREC,5230.0,9
264100,SUBMISSION,,VEV_5100,XIREC,148.0,18
265900,SUBMISSION,Mark 38,HYDROGEL_PACK,XIREC,9983.0,6
266300,SUBMISSION,,VEV_5000,XIREC,242.0,6
266300,SUBMISSION,,VEV_5100,XIREC,150.0,7
266300,Mark 38,Mark 14,HYDROGEL_PACK,XIREC,10001.0,6
266400,SUBMISSION,,VEV_5000,XIREC,241.0,2
268100,Mark 38,SUBMISSION,VEV_4000,XIREC,1246.0,3
268500,Mark 14,Mark 55,VELVETFRUIT_EXTRACT,XIREC,5236.0,3
268600,,SUBMISSION,VEV_5000,XIREC,238.0,9
268600,,SUBMISSION,VEV_5100,XIREC,148.0,9
268700,SUBMISSION,,VEV_5100,XIREC,152.0,3
268700,SUBMISSION,,VEV_5100,XIREC,152.0,3
268800,Mark 38,SUBMISSION,HYDROGEL_PACK,XIREC,10004.0,2
269000,SUBMISSION,,VEV_4000,XIREC,1237.0,2
269000,SUBMISSION,,VEV_4500,XIREC,737.0,2
269000,Mark 14,Mark 22,VEV_5200,XIREC,76.0,2
269000,Mark 14,Mark 22,VEV_5300,XIREC,32.0,2
269000,Mark 01,Mark 22,VEV_5400,XIREC,9.0,2
269000,Mark 01,Mark 22,VEV_5500,XIREC,2.0,2
269000,Mark 01,Mark 22,VEV_6000,XIREC,0.0,2
269000,Mark 01,Mark 22,VEV_6500,XIREC,0.0,2
269800,,SUBMISSION,VEV_5000,XIREC,240.0,7
270100,SUBMISSION,,VEV_5000,XIREC,244.0,6
270900,SUBMISSION,Mark 38,HYDROGEL_PACK,XIREC,9995.0,6
272300,Mark 01,Mark 55,VELVETFRUIT_EXTRACT,XIREC,5233.0,6
272500,,SUBMISSION,VEV_5000,XIREC,235.0,6
272500,,SUBMISSION,VEV_5100,XIREC,145.0,20
272600,SUBMISSION,,VEV_5100,XIREC,149.0,7
272700,SUBMISSION,,VEV_5100,XIREC,150.0,3
272700,SUBMISSION,,VEV_5100,XIREC,150.0,1
272900,SUBMISSION,,VEV_5100,XIREC,148.0,1
273100,,SUBMISSION,VEV_5000,XIREC,234.0,25
273100,SUBMISSION,,VEV_5100,XIREC,149.0,1
273100,,SUBMISSION,VEV_5100,XIREC,145.0,9
273200,SUBMISSION,,VEV_5000,XIREC,241.0,6
273300,SUBMISSION,,VEV_5000,XIREC,241.0,8
273400,SUBMISSION,,VEV_4000,XIREC,1236.0,4
273400,,SUBMISSION,VEV_5100,XIREC,147.0,7
273400,Mark 01,Mark 22,VEV_5500,XIREC,2.0,5
273400,Mark 01,Mark 22,VEV_6000,XIREC,0.0,5
273400,Mark 01,Mark 22,VEV_6500,XIREC,0.0,5
273500,SUBMISSION,,VEV_5000,XIREC,243.0,4
273600,SUBMISSION,,VEV_5100,XIREC,150.0,4
273700,SUBMISSION,,VEV_5100,XIREC,152.0,3
273800,SUBMISSION,,VEV_5000,XIREC,243.0,2
273800,,SUBMISSION,VEV_5000,XIREC,237.0,8
273800,SUBMISSION,,VEV_5100,XIREC,151.0,5
273800,,SUBMISSION,VEV_5100,XIREC,147.0,8
273900,SUBMISSION,,VEV_5000,XIREC,244.0,19
273900,SUBMISSION,,VEV_5100,XIREC,152.0,3
274300,,SUBMISSION,VEV_5000,XIREC,240.0,23
274400,SUBMISSION,,VEV_5000,XIREC,244.0,10
274400,SUBMISSION,,VEV_5000,XIREC,245.0,15
274400,,SUBMISSION,VEV_5000,XIREC,238.0,25
274500,SUBMISSION,,VEV_5000,XIREC,244.0,9
274500,SUBMISSION,,VEV_5000,XIREC,245.0,13
274800,SUBMISSION,,VEV_5000,XIREC,244.0,1
274800,SUBMISSION,,VEV_5000,XIREC,244.0,1
274800,SUBMISSION,,VEV_5100,XIREC,152.0,9
274800,SUBMISSION,,VEV_5100,XIREC,153.0,11
275600,SUBMISSION,,VEV_5000,XIREC,243.0,1
276100,,SUBMISSION,VEV_5000,XIREC,238.0,6
276100,,SUBMISSION,VEV_5100,XIREC,148.0,6
276600,SUBMISSION,Mark 38,HYDROGEL_PACK,XIREC,10001.0,6
277600,Mark 22,Mark 55,VELVETFRUIT_EXTRACT,XIREC,5241.0,5
277800,SUBMISSION,Mark 38,HYDROGEL_PACK,XIREC,9991.0,6
278600,,SUBMISSION,VEV_5000,XIREC,241.0,25
279300,SUBMISSION,,VEV_5000,XIREC,245.0,7
279300,SUBMISSION,,VEV_5000,XIREC,246.0,14
281100,Mark 14,Mark 55,VELVETFRUIT_EXTRACT,XIREC,5237.0,8
281800,Mark 14,Mark 55,VELVETFRUIT_EXTRACT,XIREC,5237.0,4
281900,Mark 38,SUBMISSION,HYDROGEL_PACK,XIREC,10019.0,2
282100,Mark 01,Mark 55,VELVETFRUIT_EXTRACT,XIREC,5235.0,7
283300,,SUBMISSION,VEV_5000,XIREC,238.0,25
283400,SUBMISSION,,VEV_5000,XIREC,245.0,1
283500,SUBMISSION,,VEV_5000,XIREC,246.0,3
283600,SUBMISSION,,VEV_5000,XIREC,245.0,6
283700,SUBMISSION,,VEV_5000,XIREC,243.0,5
283800,SUBMISSION,,VEV_5000,XIREC,246.0,2
283900,SUBMISSION,,VEV_5000,XIREC,245.0,4
283900,SUBMISSION,,VEV_5000,XIREC,245.0,1
283900,Mark 01,Mark 55,VELVETFRUIT_EXTRACT,XIREC,5237.0,6
284000,,SUBMISSION,VEV_5000,XIREC,239.0,12
284300,,SUBMISSION,HYDROGEL_PACK,XIREC,10021.0,10
284300,,SUBMISSION,VEV_5000,XIREC,242.0,24
284600,Mark 14,Mark 55,VELVETFRUIT_EXTRACT,XIREC,5241.0,7
285600,,SUBMISSION,HYDROGEL_PACK,XIREC,10023.0,2
285600,,SUBMISSION,VEV_5000,XIREC,245.0,25
285600,Mark 67,Mark 22,VELVETFRUIT_EXTRACT,XIREC,5245.0,7
285700,,SUBMISSION,HYDROGEL_PACK,XIREC,10024.0,2
285700,Mark 14,Mark 55,VELVETFRUIT_EXTRACT,XIREC,5243.0,5
285800,,SUBMISSION,HYDROGEL_PACK,XIREC,10025.0,2
285900,,SUBMISSION,HYDROGEL_PACK,XIREC,10026.0,2
285900,Mark 55,Mark 14,VELVETFRUIT_EXTRACT,XIREC,5247.0,8
287000,Mark 01,Mark 55,VELVETFRUIT_EXTRACT,XIREC,5241.0,7
288200,SUBMISSION,,VEV_5000,XIREC,246.0,1
288800,SUBMISSION,,VEV_5000,XIREC,244.0,5
288900,SUBMISSION,,VEV_5000,XIREC,245.0,3
289000,SUBMISSION,,VEV_5000,XIREC,242.0,10
289100,SUBMISSION,,VEV_5000,XIREC,242.0,6
289100,SUBMISSION,,VEV_5000,XIREC,243.0,4
289200,SUBMISSION,,VEV_5000,XIREC,243.0,8
289300,SUBMISSION,,VEV_5000,XIREC,243.0,9
289400,SUBMISSION,,VEV_4000,XIREC,1236.0,2
289400,SUBMISSION,,VEV_4500,XIREC,736.0,2
289400,SUBMISSION,,VEV_5000,XIREC,239.0,2
289400,SUBMISSION,,VEV_5000,XIREC,242.0,4
289400,Mark 01,Mark 22,VEV_5300,XIREC,31.0,2
289400,Mark 01,Mark 22,VEV_5400,XIREC,8.0,2
289400,Mark 01,Mark 22,VEV_5500,XIREC,2.0,2
289400,Mark 01,Mark 22,VEV_6000,XIREC,0.0,2
289400,Mark 01,Mark 22,VEV_6500,XIREC,0.0,2
289500,SUBMISSION,,VEV_5000,XIREC,242.0,12
289600,Mark 49,Mark 22,VELVETFRUIT_EXTRACT,XIREC,5234.0,6
289700,SUBMISSION,,VEV_5000,XIREC,239.0,6
290200,SUBMISSION,,VEV_5000,XIREC,237.0,1
290200,SUBMISSION,,VEV_5000,XIREC,237.0,1
290600,SUBMISSION,,VEV_5000,XIREC,235.0,3
290600,SUBMISSION,,VEV_5000,XIREC,235.0,3
290600,SUBMISSION,,VEV_5100,XIREC,144.0,1
290700,,SUBMISSION,VEV_5100,XIREC,141.0,8
290800,SUBMISSION,,VEV_5100,XIREC,145.0,7
290800,,SUBMISSION,VEV_5100,XIREC,141.0,6
290900,SUBMISSION,,VEV_4000,XIREC,1229.0,4
290900,SUBMISSION,,VEV_4500,XIREC,729.0,4
290900,SUBMISSION,,VEV_5100,XIREC,142.0,4
290900,SUBMISSION,,VEV_5100,XIREC,145.0,6
290900,,SUBMISSION,VEV_5100,XIREC,141.0,10
290900,Mark 01,Mark 22,VEV_5300,XIREC,29.0,4
290900,Mark 01,Mark 22,VEV_5400,XIREC,8.0,4
290900,Mark 01,Mark 22,VEV_5500,XIREC,1.0,4
290900,Mark 01,Mark 22,VEV_6000,XIREC,0.0,4
290900,Mark 01,Mark 22,VEV_6500,XIREC,0.0,4
291000,SUBMISSION,,VEV_5100,XIREC,145.0,6
291200,SUBMISSION,,VEV_5100,XIREC,143.0,1
291200,SUBMISSION,,VEV_5100,XIREC,143.0,1
291400,,SUBMISSION,VEV_5100,XIREC,141.0,20
291500,SUBMISSION,,VEV_5100,XIREC,144.0,19
291500,,SUBMISSION,VEV_5100,XIREC,140.0,10
291600,SUBMISSION,,VEV_5100,XIREC,145.0,9
291600,,SUBMISSION,VEV_5100,XIREC,141.0,20
291700,SUBMISSION,,VEV_5100,XIREC,145.0,20
291700,,SUBMISSION,VEV_5100,XIREC,141.0,20
291800,SUBMISSION,,VEV_5100,XIREC,144.0,21
291800,,SUBMISSION,VEV_5100,XIREC,140.0,20
291900,SUBMISSION,,VEV_5100,XIREC,143.0,21
291900,,SUBMISSION,VEV_5100,XIREC,139.0,20
292000,SUBMISSION,,VEV_5100,XIREC,143.0,19
292000,,SUBMISSION,VEV_5100,XIREC,139.0,20
292100,SUBMISSION,,VEV_5100,XIREC,142.0,21
292100,,SUBMISSION,VEV_5100,XIREC,138.0,20
292200,,SUBMISSION,VEV_5000,XIREC,227.0,7
292200,SUBMISSION,,VEV_5100,XIREC,142.0,21
292200,,SUBMISSION,VEV_5100,XIREC,138.0,20
292300,SUBMISSION,,VEV_5000,XIREC,233.0,7
292300,,SUBMISSION,VEV_5000,XIREC,227.0,25
292300,SUBMISSION,,VEV_5100,XIREC,142.0,8
292300,SUBMISSION,,VEV_5100,XIREC,143.0,16
292300,,SUBMISSION,VEV_5100,XIREC,138.0,20
292400,SUBMISSION,,VEV_5000,XIREC,234.0,8
292400,SUBMISSION,,VEV_5000,XIREC,235.0,16
292500,SUBMISSION,,VEV_5100,XIREC,143.0,14
292500,,SUBMISSION,VEV_5100,XIREC,139.0,20
292600,SUBMISSION,,VEV_5100,XIREC,143.0,20
292600,,SUBMISSION,VEV_5100,XIREC,139.0,10
292600,Mark 55,Mark 01,VELVETFRUIT_EXTRACT,XIREC,5230.0,7
292700,SUBMISSION,,VEV_5100,XIREC,143.0,10
292700,,SUBMISSION,VEV_5100,XIREC,139.0,20
292800,SUBMISSION,,VEV_5100,XIREC,144.0,9
292800,SUBMISSION,,VEV_5100,XIREC,145.0,13
293100,,SUBMISSION,VEV_5100,XIREC,139.0,7
293200,SUBMISSION,,VEV_5100,XIREC,142.0,6
293300,Mark 14,Mark 55,VELVETFRUIT_EXTRACT,XIREC,5225.0,3
293400,Mark 01,Mark 55,VELVETFRUIT_EXTRACT,XIREC,5223.0,6
293600,,SUBMISSION,VEV_5100,XIREC,138.0,7
293700,SUBMISSION,,VEV_5100,XIREC,141.0,7
294300,,SUBMISSION,VEV_5000,XIREC,227.0,25
294300,,SUBMISSION,VEV_5100,XIREC,139.0,10
294300,Mark 67,Mark 22,VELVETFRUIT_EXTRACT,XIREC,5226.0,10
294400,SUBMISSION,,VEV_5000,XIREC,234.0,12
294400,SUBMISSION,,VEV_5000,XIREC,235.0,15
294400,SUBMISSION,,VEV_5100,XIREC,143.0,2
294500,SUBMISSION,,VEV_5100,XIREC,142.0,7
294500,SUBMISSION,,VEV_5100,XIREC,143.0,9
294700,SUBMISSION,,VEV_5000,XIREC,232.0,1
294700,SUBMISSION,,VEV_5000,XIREC,232.0,1
294700,,SUBMISSION,VEV_5100,XIREC,138.0,9
294800,SUBMISSION,,VEV_5100,XIREC,141.0,4
294800,SUBMISSION,,VEV_5100,XIREC,141.0,4
294900,SUBMISSION,,VEV_5000,XIREC,230.0,2
294900,,SUBMISSION,VEV_5100,XIREC,136.0,20
295000,SUBMISSION,,VEV_5000,XIREC,229.0,1
295000,SUBMISSION,,VEV_5100,XIREC,138.0,7
295000,SUBMISSION,,VEV_5100,XIREC,139.0,12
295000,,SUBMISSION,VEV_5100,XIREC,135.0,7
295100,SUBMISSION,,VEV_5100,XIREC,138.0,6
295100,SUBMISSION,,VEV_5100,XIREC,139.0,6
295100,,SUBMISSION,VEV_5100,XIREC,135.0,6
295200,SUBMISSION,,VEV_5000,XIREC,228.0,1
295200,,SUBMISSION,VEV_5100,XIREC,134.0,20
295300,SUBMISSION,,VEV_5100,XIREC,138.0,20
295300,,SUBMISSION,VEV_5100,XIREC,134.0,20
295400,SUBMISSION,,VEV_5000,XIREC,227.0,1
295400,SUBMISSION,,VEV_5000,XIREC,227.0,1
295400,,SUBMISSION,VEV_5000,XIREC,222.0,10
295400,SUBMISSION,,VEV_5100,XIREC,137.0,10
295400,SUBMISSION,,VEV_5100,XIREC,138.0,21
295400,,SUBMISSION,VEV_5100,XIREC,133.0,20
295400,Mark 01,Mark 55,VELVETFRUIT_EXTRACT,XIREC,5218.0,3
295500,SUBMISSION,,VEV_5000,XIREC,226.0,3
295500,SUBMISSION,,VEV_5000,XIREC,226.0,3
295500,,SUBMISSION,VEV_5000,XIREC,221.0,6
295500,SUBMISSION,,VEV_5100,XIREC,136.0,6
295500,SUBMISSION,,VEV_5100,XIREC,137.0,7
295500,,SUBMISSION,VEV_5100,XIREC,133.0,6
295600,SUBMISSION,,VEV_5000,XIREC,225.0,4
295600,,SUBMISSION,VEV_5100,XIREC,132.0,11
295600,Mark 55,Mark 01,VELVETFRUIT_EXTRACT,XIREC,5221.0,8
295700,SUBMISSION,,VEV_5100,XIREC,136.0,11
295700,SUBMISSION,,VEV_5100,XIREC,136.0,1
295700,SUBMISSION,,VEV_5100,XIREC,137.0,10
295700,,SUBMISSION,VEV_5100,XIREC,133.0,12
295800,,SUBMISSION,VEV_5000,XIREC,222.0,7
295800,,SUBMISSION,VEV_5100,XIREC,134.0,7
295900,SUBMISSION,,VEV_5000,XIREC,229.0,3
295900,SUBMISSION,,VEV_5100,XIREC,139.0,5
295900,,SUBMISSION,VEV_5100,XIREC,135.0,20
296000,SUBMISSION,,VEV_5100,XIREC,139.0,20
296000,,SUBMISSION,VEV_5100,XIREC,135.0,20
296100,,SUBMISSION,VEV_5000,XIREC,224.0,6
296100,SUBMISSION,,VEV_5100,XIREC,139.0,19
296100,,SUBMISSION,VEV_5100,XIREC,135.0,19
296200,Mark 38,SUBMISSION,HYDROGEL_PACK,XIREC,10032.0,6
296200,SUBMISSION,,VEV_5000,XIREC,228.0,6
296200,SUBMISSION,,VEV_5000,XIREC,228.0,1
296200,SUBMISSION,,VEV_5000,XIREC,229.0,5
296200,SUBMISSION,,VEV_5100,XIREC,138.0,7
296200,SUBMISSION,,VEV_5100,XIREC,139.0,10
296300,SUBMISSION,,VEV_5100,XIREC,139.0,3
296400,,SUBMISSION,VEV_5100,XIREC,135.0,9
296500,Mark 38,SUBMISSION,VEV_4000,XIREC,1231.0,3
296500,SUBMISSION,,VEV_5100,XIREC,138.0,7
296500,SUBMISSION,,VEV_5100,XIREC,139.0,9
296600,,SUBMISSION,VEV_5000,XIREC,223.0,10
296600,,SUBMISSION,VEV_5100,XIREC,134.0,20
296700,SUBMISSION,,VEV_5000,XIREC,227.0,5
296700,SUBMISSION,,VEV_5000,XIREC,227.0,5
296700,SUBMISSION,,VEV_5100,XIREC,137.0,14
296700,,SUBMISSION,VEV_5100,XIREC,133.0,20
296800,SUBMISSION,,VEV_5100,XIREC,137.0,20
296800,,SUBMISSION,VEV_5100,XIREC,133.0,20
296900,SUBMISSION,,VEV_5100,XIREC,139.0,18
296900,,SUBMISSION,VEV_5100,XIREC,135.0,10
297000,SUBMISSION,,VEV_5100,XIREC,140.0,8
297000,SUBMISSION,,VEV_5100,XIREC,141.0,9
297100,,SUBMISSION,VEV_5100,XIREC,136.0,7
297700,,SUBMISSION,VEV_5000,XIREC,226.0,5
297700,,SUBMISSION,VEV_5100,XIREC,136.0,5
297800,SUBMISSION,,VEV_5100,XIREC,139.0,5
297800,,SUBMISSION,VEV_5100,XIREC,135.0,20
297900,SUBMISSION,,VEV_5100,XIREC,140.0,18
298000,SUBMISSION,,VEV_5100,XIREC,139.0,1
298100,,SUBMISSION,VEV_5000,XIREC,224.0,7
298100,SUBMISSION,,VEV_5100,XIREC,139.0,1
298100,,SUBMISSION,VEV_5100,XIREC,135.0,20
298100,Mark 55,Mark 14,VELVETFRUIT_EXTRACT,XIREC,5225.0,5
298200,SUBMISSION,,VEV_5000,XIREC,229.0,2
298200,SUBMISSION,,VEV_5100,XIREC,139.0,19
298300,SUBMISSION,,VEV_5000,XIREC,228.0,2
298300,SUBMISSION,,VEV_5100,XIREC,138.0,1
298300,,SUBMISSION,VEV_5100,XIREC,134.0,20
298400,SUBMISSION,,VEV_5000,XIREC,227.0,1
298400,SUBMISSION,,VEV_5100,XIREC,137.0,21
298400,,SUBMISSION,VEV_5100,XIREC,133.0,20
298500,SUBMISSION,,VEV_5100,XIREC,137.0,20
298500,,SUBMISSION,VEV_5100,XIREC,133.0,20
298600,SUBMISSION,,VEV_5100,XIREC,137.0,19
298700,,SUBMISSION,VEV_5100,XIREC,134.0,8
298800,SUBMISSION,,VEV_5000,XIREC,226.0,1
298800,SUBMISSION,,VEV_5000,XIREC,226.0,1
298800,,SUBMISSION,VEV_5000,XIREC,221.0,12
298800,SUBMISSION,,VEV_5100,XIREC,136.0,9
298800,SUBMISSION,,VEV_5100,XIREC,136.0,3
298800,SUBMISSION,,VEV_5100,XIREC,137.0,6
298800,,SUBMISSION,VEV_5100,XIREC,133.0,12
298800,Mark 01,Mark 55,VELVETFRUIT_EXTRACT,XIREC,5217.0,7
298900,SUBMISSION,,VEV_5000,XIREC,227.0,8
298900,SUBMISSION,,VEV_5000,XIREC,227.0,1
298900,SUBMISSION,,VEV_5000,XIREC,228.0,7
298900,,SUBMISSION,VEV_5000,XIREC,222.0,9
298900,SUBMISSION,,VEV_5100,XIREC,137.0,2
298900,SUBMISSION,,VEV_5100,XIREC,137.0,2
298900,,SUBMISSION,VEV_5100,XIREC,133.0,20
299000,SUBMISSION,,VEV_5100,XIREC,138.0,17
299100,SUBMISSION,,VEV_5000,XIREC,227.0,1
299100,SUBMISSION,,VEV_5000,XIREC,227.0,1
299100,,SUBMISSION,VEV_5000,XIREC,222.0,8
299100,SUBMISSION,,VEV_5100,XIREC,137.0,1
299100,SUBMISSION,,VEV_5100,XIREC,137.0,1
299100,,SUBMISSION,VEV_5100,XIREC,134.0,8
299200,SUBMISSION,,VEV_5000,XIREC,228.0,6
299200,SUBMISSION,,VEV_5000,XIREC,228.0,5
299200,SUBMISSION,,VEV_5000,XIREC,229.0,1
299200,SUBMISSION,,VEV_5100,XIREC,138.0,6
299300,,SUBMISSION,VEV_5000,XIREC,224.0,8
299400,,SUBMISSION,VEV_5000,XIREC,225.0,9
299500,SUBMISSION,,VEV_5000,XIREC,229.0,8
299500,SUBMISSION,,VEV_5000,XIREC,230.0,8
299800,,SUBMISSION,VEV_5000,XIREC,224.0,12
299800,,SUBMISSION,VEV_5100,XIREC,135.0,20
299900,SUBMISSION,,VEV_5000,XIREC,230.0,6
299900,,SUBMISSION,VEV_5000,XIREC,224.0,25
299900,SUBMISSION,,VEV_5100,XIREC,139.0,9
299900,SUBMISSION,,VEV_5100,XIREC,140.0,7
299900,,SUBMISSION,VEV_5100,XIREC,136.0,9
300000,SUBMISSION,,VEV_5000,XIREC,230.0,19
300100,SUBMISSION,,VEV_5000,XIREC,230.0,4
300100,SUBMISSION,,VEV_5100,XIREC,139.0,6
300100,SUBMISSION,,VEV_5100,XIREC,140.0,9
300200,SUBMISSION,,VEV_5000,XIREC,229.0,1
300200,SUBMISSION,,VEV_5000,XIREC,229.0,1
301100,,SUBMISSION,VEV_5000,XIREC,229.0,3
301100,,SUBMISSION,VEV_5100,XIREC,139.0,3
302200,SUBMISSION,,VEV_5000,XIREC,229.0,1
302500,SUBMISSION,,HYDROGEL_PACK,XIREC,9999.0,1
302500,,SUBMISSION,VEV_5000,XIREC,225.0,12
302500,,SUBMISSION,VEV_5100,XIREC,136.0,20
302600,SUBMISSION,,HYDROGEL_PACK,XIREC,9999.0,1
302600,SUBMISSION,,VEV_5000,XIREC,231.0,9
302600,SUBMISSION,,VEV_5100,XIREC,140.0,7
302700,SUBMISSION,,VEV_5100,XIREC,141.0,11
302800,SUBMISSION,,VEV_5000,XIREC,232.0,1
302800,,SUBMISSION,VEV_5000,XIREC,226.0,12
302800,,SUBMISSION,VEV_5100,XIREC,137.0,20
302800,Mark 55,Mark 49,VELVETFRUIT_EXTRACT,XIREC,5224.0,3
302900,SUBMISSION,,VEV_5000,XIREC,231.0,13
302900,SUBMISSION,,VEV_5100,XIREC,141.0,5
303000,SUBMISSION,,VEV_5100,XIREC,142.0,14
303100,SUBMISSION,,VEV_5100,XIREC,141.0,1
303200,SUBMISSION,,VEV_5100,XIREC,141.0,1
303300,SUBMISSION,,VEV_5000,XIREC,230.0,1
303300,SUBMISSION,,VEV_5000,XIREC,230.0,1
303500,SUBMISSION,,VEV_5100,XIREC,139.0,1
303800,SUBMISSION,,VEV_5000,XIREC,227.0,1
303800,SUBMISSION,,VEV_5000,XIREC,227.0,1
303800,SUBMISSION,,VEV_5100,XIREC,137.0,1
303800,SUBMISSION,,VEV_5100,XIREC,137.0,1
303800,,SUBMISSION,VEV_5100,XIREC,134.0,6
303900,SUBMISSION,,VEV_5100,XIREC,137.0,5
303900,Mark 14,Mark 38,VEV_4000,XIREC,1210.0,3
304300,SUBMISSION,,VEV_5000,XIREC,225.0,1
304300,SUBMISSION,,VEV_5000,XIREC,225.0,1
304300,SUBMISSION,,VEV_5100,XIREC,135.0,1
304300,SUBMISSION,,VEV_5100,XIREC,135.0,1
304500,,SUBMISSION,VEV_5000,XIREC,221.0,12
304500,,SUBMISSION,VEV_5100,XIREC,133.0,20
304600,SUBMISSION,,VEV_5000,XIREC,227.0,6
304600,SUBMISSION,,VEV_5000,XIREC,228.0,8
304600,SUBMISSION,,VEV_5100,XIREC,137.0,6
304600,SUBMISSION,,VEV_5100,XIREC,138.0,1
304700,SUBMISSION,,VEV_5100,XIREC,138.0,10
305500,Mark 55,Mark 14,VELVETFRUIT_EXTRACT,XIREC,5226.0,8
306100,SUBMISSION,Mark 38,HYDROGEL_PACK,XIREC,10000.0,4
306300,Mark 55,Mark 01,VELVETFRUIT_EXTRACT,XIREC,5226.0,6
306800,,SUBMISSION,VEV_5000,XIREC,223.0,10
306800,,SUBMISSION,VEV_5100,XIREC,134.0,20
306900,SUBMISSION,,VEV_5000,XIREC,227.0,3
306900,SUBMISSION,,VEV_5000,XIREC,227.0,3
306900,SUBMISSION,,VEV_5100,XIREC,137.0,8
306900,SUBMISSION,,VEV_5100,XIREC,138.0,5
307000,SUBMISSION,,VEV_5100,XIREC,138.0,6
307400,SUBMISSION,,VEV_5100,XIREC,136.0,1
307400,SUBMISSION,,VEV_5100,XIREC,136.0,1
307500,SUBMISSION,,HYDROGEL_PACK,XIREC,9999.0,2
307700,SUBMISSION,,HYDROGEL_PACK,XIREC,10000.0,1
307800,SUBMISSION,,HYDROGEL_PACK,XIREC,9998.0,6
307800,,SUBMISSION,VEV_5100,XIREC,132.0,20
307900,SUBMISSION,,HYDROGEL_PACK,XIREC,10000.0,1
307900,SUBMISSION,,VEV_5100,XIREC,137.0,18
308000,SUBMISSION,,HYDROGEL_PACK,XIREC,9993.0,6
308000,SUBMISSION,,HYDROGEL_PACK,XIREC,10001.0,2
308100,SUBMISSION,,VEV_5100,XIREC,136.0,1
308100,,SUBMISSION,VEV_5100,XIREC,132.0,20
308200,,SUBMISSION,VEV_5000,XIREC,221.0,20
308200,SUBMISSION,,VEV_5100,XIREC,137.0,20
308200,,SUBMISSION,VEV_5100,XIREC,133.0,20
308300,SUBMISSION,,VEV_5000,XIREC,227.0,16
308300,SUBMISSION,,VEV_5100,XIREC,137.0,2
308400,SUBMISSION,,VEV_5100,XIREC,137.0,17
308700,SUBMISSION,,HYDROGEL_PACK,XIREC,10000.0,2
308900,SUBMISSION,,HYDROGEL_PACK,XIREC,9997.0,9
309000,SUBMISSION,,HYDROGEL_PACK,XIREC,9998.0,6
309000,Mark 14,Mark 55,VELVETFRUIT_EXTRACT,XIREC,5220.0,6
309100,SUBMISSION,,HYDROGEL_PACK,XIREC,9996.0,11
309200,SUBMISSION,,HYDROGEL_PACK,XIREC,9999.0,4
309400,SUBMISSION,,HYDROGEL_PACK,XIREC,9999.0,4
309500,SUBMISSION,,HYDROGEL_PACK,XIREC,9999.0,4
310200,SUBMISSION,,HYDROGEL_PACK,XIREC,9998.0,7
310300,SUBMISSION,,HYDROGEL_PACK,XIREC,9997.0,9
310300,Mark 55,Mark 14,VELVETFRUIT_EXTRACT,XIREC,5226.0,3
310400,SUBMISSION,,HYDROGEL_PACK,XIREC,9999.0,5
310500,SUBMISSION,,HYDROGEL_PACK,XIREC,9997.0,9
310600,SUBMISSION,,HYDROGEL_PACK,XIREC,9997.0,9
310600,Mark 38,Mark 14,HYDROGEL_PACK,XIREC,9997.0,5
310700,SUBMISSION,,HYDROGEL_PACK,XIREC,9992.0,13
310700,SUBMISSION,,HYDROGEL_PACK,XIREC,9995.0,8
310800,SUBMISSION,,HYDROGEL_PACK,XIREC,9991.0,12
310800,SUBMISSION,,HYDROGEL_PACK,XIREC,9994.0,10
310900,SUBMISSION,,HYDROGEL_PACK,XIREC,9995.0,14
310900,,SUBMISSION,VEV_5000,XIREC,227.0,25
310900,Mark 55,Mark 49,VELVETFRUIT_EXTRACT,XIREC,5226.0,3
311000,SUBMISSION,,HYDROGEL_PACK,XIREC,9995.0,14
311000,SUBMISSION,,VEV_5000,XIREC,232.0,8
311000,SUBMISSION,,VEV_5000,XIREC,233.0,19
311000,SUBMISSION,,VEV_5100,XIREC,142.0,5
311100,SUBMISSION,,HYDROGEL_PACK,XIREC,9994.0,14
311100,SUBMISSION,,HYDROGEL_PACK,XIREC,9997.0,2
311100,SUBMISSION,,VEV_5000,XIREC,232.0,9
311100,SUBMISSION,,VEV_5100,XIREC,141.0,1
311100,SUBMISSION,,VEV_5100,XIREC,141.0,1
311200,SUBMISSION,,HYDROGEL_PACK,XIREC,9994.0,15
311200,SUBMISSION,,HYDROGEL_PACK,XIREC,9996.0,1
311300,SUBMISSION,,HYDROGEL_PACK,XIREC,9994.0,12
311300,SUBMISSION,,HYDROGEL_PACK,XIREC,9996.0,4
311300,SUBMISSION,,VEV_5000,XIREC,230.0,1
311300,SUBMISSION,,VEV_5000,XIREC,230.0,1
311400,SUBMISSION,,HYDROGEL_PACK,XIREC,9994.0,11
311400,SUBMISSION,,HYDROGEL_PACK,XIREC,9997.0,5
311500,SUBMISSION,,HYDROGEL_PACK,XIREC,9993.0,14
311500,SUBMISSION,,HYDROGEL_PACK,XIREC,9995.0,4
311600,SUBMISSION,,HYDROGEL_PACK,XIREC,9991.0,14
311600,SUBMISSION,,HYDROGEL_PACK,XIREC,9994.0,9
311700,SUBMISSION,,HYDROGEL_PACK,XIREC,9989.0,11
312000,SUBMISSION,Mark 38,HYDROGEL_PACK,XIREC,9979.0,3
312800,SUBMISSION,Mark 38,HYDROGEL_PACK,XIREC,9975.0,5
314800,Mark 38,Mark 14,HYDROGEL_PACK,XIREC,9995.0,2
315700,,SUBMISSION,VEV_5000,XIREC,226.0,25
315800,SUBMISSION,,VEV_4000,XIREC,1226.0,3
315800,SUBMISSION,,VEV_4500,XIREC,726.0,3
315800,SUBMISSION,,VEV_5000,XIREC,229.0,3
315800,SUBMISSION,,VEV_5000,XIREC,233.0,2
315800,,SUBMISSION,VEV_5100,XIREC,138.0,31
315800,Mark 01,Mark 22,VEV_5300,XIREC,28.0,3
315800,Mark 01,Mark 22,VEV_5400,XIREC,7.0,3
315800,Mark 01,Mark 22,VEV_5500,XIREC,1.0,3
315800,Mark 01,Mark 22,VEV_6000,XIREC,0.0,3
315800,Mark 01,Mark 22,VEV_6500,XIREC,0.0,3
315900,SUBMISSION,,VEV_5000,XIREC,232.0,3
315900,SUBMISSION,,VEV_5100,XIREC,141.0,9
316000,SUBMISSION,,VEV_5100,XIREC,142.0,11
316100,SUBMISSION,,VEV_5100,XIREC,141.0,1
317100,Mark 14,Mark 55,VELVETFRUIT_EXTRACT,XIREC,5224.0,6
317200,SUBMISSION,,VEV_4000,XIREC,1226.0,4
317200,SUBMISSION,,VEV_4500,XIREC,726.0,4
317200,Mark 01,Mark 22,VEV_5300,XIREC,28.0,4
317200,Mark 01,Mark 22,VEV_5400,XIREC,7.0,4
317200,Mark 01,Mark 22,VEV_5500,XIREC,1.0,4
317200,Mark 01,Mark 22,VEV_6000,XIREC,0.0,4
317200,Mark 01,Mark 22,VEV_6500,XIREC,0.0,4
317600,SUBMISSION,,VEV_5000,XIREC,234.0,1
317600,SUBMISSION,,VEV_5100,XIREC,143.0,1
317700,SUBMISSION,,VEV_5000,XIREC,234.0,4
317700,SUBMISSION,,VEV_5000,XIREC,234.0,4
317700,SUBMISSION,,VEV_5100,XIREC,143.0,2
317700,SUBMISSION,,VEV_5100,XIREC,143.0,2
317800,SUBMISSION,,VEV_5000,XIREC,234.0,1
317800,SUBMISSION,,VEV_5000,XIREC,234.0,1
317800,SUBMISSION,,VEV_5100,XIREC,143.0,1
317800,SUBMISSION,,VEV_5100,XIREC,143.0,1
318000,,SUBMISSION,VEV_5000,XIREC,230.0,9
318100,SUBMISSION,,VEV_5000,XIREC,235.0,9
318600,Mark 55,Mark 01,VELVETFRUIT_EXTRACT,XIREC,5228.0,4
319100,Mark 14,Mark 38,VEV_4000,XIREC,1213.0,3
319400,Mark 14,Mark 55,VELVETFRUIT_EXTRACT,XIREC,5222.0,5
319500,SUBMISSION,,HYDROGEL_PACK,XIREC,9983.0,4
319700,SUBMISSION,,VEV_4000,XIREC,1224.0,2
319700,SUBMISSION,,VEV_4500,XIREC,724.0,2
319700,Mark 01,Mark 22,VEV_5300,XIREC,27.0,2
319700,Mark 01,Mark 22,VEV_5400,XIREC,7.0,2
319700,Mark 01,Mark 22,VEV_5500,XIREC,1.0,2
319700,Mark 01,Mark 22,VEV_6000,XIREC,0.0,2
319700,Mark 01,Mark 22,VEV_6500,XIREC,0.0,2
319800,SUBMISSION,Mark 38,HYDROGEL_PACK,XIREC,9969.0,2
320200,SUBMISSION,,VEV_4000,XIREC,1222.0,4
320200,SUBMISSION,,VEV_4500,XIREC,722.0,4
320200,Mark 55,Mark 01,VELVETFRUIT_EXTRACT,XIREC,5226.0,7
320200,Mark 01,Mark 22,VEV_5300,XIREC,27.0,4
320200,Mark 14,Mark 22,VEV_5400,XIREC,7.0,4
320200,Mark 01,Mark 22,VEV_5500,XIREC,1.0,4
320200,Mark 01,Mark 22,VEV_6000,XIREC,0.0,4
320200,Mark 01,Mark 22,VEV_6500,XIREC,0.0,4
320300,,SUBMISSION,VEV_5000,XIREC,224.0,10
320300,,SUBMISSION,VEV_5100,XIREC,135.0,20
320400,SUBMISSION,,VEV_5100,XIREC,138.0,6
320400,SUBMISSION,,VEV_5100,XIREC,139.0,8
320600,SUBMISSION,,VEV_5000,XIREC,228.0,1
320600,SUBMISSION,,VEV_5000,XIREC,228.0,1
320600,SUBMISSION,,VEV_5100,XIREC,138.0,1
321600,SUBMISSION,,HYDROGEL_PACK,XIREC,9978.0,2
321900,Mark 38,Mark 14,HYDROGEL_PACK,XIREC,9979.0,2
323300,Mark 55,Mark 01,VELVETFRUIT_EXTRACT,XIREC,5229.0,7
323600,SUBMISSION,Mark 38,HYDROGEL_PACK,XIREC,9966.0,2
323600,Mark 14,Mark 38,VEV_4000,XIREC,1218.0,1
323700,SUBMISSION,,VEV_5000,XIREC,235.0,7
323700,SUBMISSION,,VEV_5000,XIREC,236.0,8
323700,,SUBMISSION,VEV_5000,XIREC,230.0,7
323700,SUBMISSION,,VEV_5100,XIREC,144.0,5
323700,SUBMISSION,,VEV_5100,XIREC,144.0,2
323700,SUBMISSION,,VEV_5100,XIREC,145.0,3
324300,SUBMISSION,,VEV_5000,XIREC,234.0,1
324300,SUBMISSION,,VEV_5000,XIREC,234.0,1
326700,Mark 55,Mark 14,VELVETFRUIT_EXTRACT,XIREC,5235.0,3
326800,Mark 01,Mark 55,VELVETFRUIT_EXTRACT,XIREC,5229.0,8
328200,Mark 14,Mark 55,VELVETFRUIT_EXTRACT,XIREC,5227.0,3
328700,SUBMISSION,,VEV_4000,XIREC,1230.0,3
328700,SUBMISSION,,VEV_4500,XIREC,730.0,3
328700,Mark 14,Mark 22,VEV_5200,XIREC,72.0,3
328700,Mark 01,Mark 22,VEV_5300,XIREC,29.0,3
328700,Mark 01,Mark 22,VEV_5400,XIREC,7.0,3
328700,Mark 01,Mark 22,VEV_5500,XIREC,1.0,3
328700,Mark 01,Mark 22,VEV_6000,XIREC,0.0,3
328700,Mark 01,Mark 22,VEV_6500,XIREC,0.0,3
329200,SUBMISSION,,VEV_4000,XIREC,1232.0,5
329200,SUBMISSION,,VEV_4500,XIREC,732.0,5
329200,Mark 14,Mark 22,VEV_5200,XIREC,73.0,5
329200,Mark 14,Mark 22,VEV_5300,XIREC,30.0,5
329200,Mark 01,Mark 22,VEV_5500,XIREC,1.0,5
329200,Mark 01,Mark 22,VEV_6000,XIREC,0.0,5
329200,Mark 01,Mark 22,VEV_6500,XIREC,0.0,5
329600,Mark 38,Mark 14,HYDROGEL_PACK,XIREC,10000.0,2
330100,Mark 55,Mark 14,VELVETFRUIT_EXTRACT,XIREC,5241.0,3
330700,SUBMISSION,Mark 38,HYDROGEL_PACK,XIREC,9979.0,3
332000,Mark 14,Mark 55,VELVETFRUIT_EXTRACT,XIREC,5238.0,8
332300,,SUBMISSION,VEV_5000,XIREC,239.0,12
332600,Mark 01,Mark 22,VEV_5300,XIREC,32.0,2
332600,Mark 01,Mark 22,VEV_5400,XIREC,8.0,2
332600,Mark 01,Mark 22,VEV_5500,XIREC,2.0,2
332600,Mark 01,Mark 22,VEV_6000,XIREC,0.0,2
332600,Mark 01,Mark 22,VEV_6500,XIREC,0.0,2
332700,SUBMISSION,Mark 38,HYDROGEL_PACK,XIREC,9987.0,5
332800,Mark 14,Mark 55,VELVETFRUIT_EXTRACT,XIREC,5235.0,6
332900,Mark 38,SUBMISSION,VEV_4000,XIREC,1246.0,3
333600,Mark 14,Mark 55,VELVETFRUIT_EXTRACT,XIREC,5232.0,6
334800,Mark 38,SUBMISSION,VEV_4000,XIREC,1246.0,2
334800,Mark 38,Mark 14,HYDROGEL_PACK,XIREC,10000.0,6
336500,,SUBMISSION,HYDROGEL_PACK,XIREC,10007.0,12
336600,,SUBMISSION,HYDROGEL_PACK,XIREC,10006.0,10
336700,,SUBMISSION,HYDROGEL_PACK,XIREC,10006.0,10
336800,,SUBMISSION,HYDROGEL_PACK,XIREC,10007.0,12
336900,,SUBMISSION,HYDROGEL_PACK,XIREC,10007.0,12
337000,,SUBMISSION,HYDROGEL_PACK,XIREC,10009.0,12
337000,,SUBMISSION,HYDROGEL_PACK,XIREC,10006.0,4
337100,,SUBMISSION,HYDROGEL_PACK,XIREC,10010.0,13
337100,,SUBMISSION,HYDROGEL_PACK,XIREC,10008.0,5
337200,,SUBMISSION,HYDROGEL_PACK,XIREC,10010.0,13
337200,,SUBMISSION,HYDROGEL_PACK,XIREC,10007.0,5
337300,,SUBMISSION,HYDROGEL_PACK,XIREC,10010.0,11
337300,,SUBMISSION,HYDROGEL_PACK,XIREC,10008.0,7
337400,,SUBMISSION,HYDROGEL_PACK,XIREC,10012.0,11
337400,,SUBMISSION,HYDROGEL_PACK,XIREC,10009.0,11
337500,,SUBMISSION,HYDROGEL_PACK,XIREC,10015.0,13
337500,,SUBMISSION,HYDROGEL_PACK,XIREC,10013.0,15
337600,,SUBMISSION,HYDROGEL_PACK,XIREC,10016.0,11
337600,,SUBMISSION,HYDROGEL_PACK,XIREC,10013.0,19
337700,,SUBMISSION,HYDROGEL_PACK,XIREC,10020.0,11
337700,,SUBMISSION,HYDROGEL_PACK,XIREC,10017.0,21
337800,,SUBMISSION,HYDROGEL_PACK,XIREC,10019.0,15
337800,,SUBMISSION,HYDROGEL_PACK,XIREC,10017.0,20
337900,,SUBMISSION,HYDROGEL_PACK,XIREC,10018.0,14
337900,,SUBMISSION,HYDROGEL_PACK,XIREC,10016.0,14
338000,,SUBMISSION,HYDROGEL_PACK,XIREC,10020.0,5
339000,Mark 14,Mark 38,HYDROGEL_PACK,XIREC,10017.0,3
339800,Mark 38,SUBMISSION,VEV_4000,XIREC,1239.0,1
339900,Mark 01,Mark 55,VELVETFRUIT_EXTRACT,XIREC,5228.0,3
340300,,SUBMISSION,VEV_5000,XIREC,231.0,24
340300,,SUBMISSION,VEV_5100,XIREC,142.0,10
340400,SUBMISSION,,VEV_5000,XIREC,238.0,5
340500,SUBMISSION,,VEV_5000,XIREC,239.0,4
340600,SUBMISSION,,VEV_5000,XIREC,238.0,4
340700,SUBMISSION,,VEV_5000,XIREC,240.0,1
340800,SUBMISSION,,VEV_5000,XIREC,239.0,2
340800,SUBMISSION,,VEV_5000,XIREC,239.0,1
341700,SUBMISSION,,VEV_5000,XIREC,238.0,1
341700,SUBMISSION,,VEV_5000,XIREC,238.0,1
342000,SUBMISSION,,VEV_5000,XIREC,236.0,1
342700,,SUBMISSION,HYDROGEL_PACK,XIREC,10028.0,3
342800,,SUBMISSION,VEV_5000,XIREC,232.0,12
342900,,SUBMISSION,HYDROGEL_PACK,XIREC,10030.0,1
342900,SUBMISSION,,VEV_5000,XIREC,237.0,6
343000,SUBMISSION,,VEV_5000,XIREC,237.0,4
343000,SUBMISSION,,VEV_5000,XIREC,237.0,2
343500,SUBMISSION,,VEV_5000,XIREC,235.0,1
343500,SUBMISSION,,VEV_5000,XIREC,235.0,1
344400,Mark 38,SUBMISSION,VEV_4000,XIREC,1238.0,1
344800,Mark 38,SUBMISSION,HYDROGEL_PACK,XIREC,10040.0,6
345900,Mark 38,SUBMISSION,VEV_4000,XIREC,1239.0,2
346100,SUBMISSION,,VEV_5000,XIREC,233.0,1
346200,SUBMISSION,,VEV_4000,XIREC,1226.0,3
346200,SUBMISSION,,VEV_4500,XIREC,726.0,3
346200,Mark 14,Mark 38,HYDROGEL_PACK,XIREC,10021.0,2
346200,Mark 01,Mark 22,VEV_5400,XIREC,7.0,3
346200,Mark 01,Mark 22,VEV_5500,XIREC,1.0,3
346200,Mark 01,Mark 22,VEV_6000,XIREC,0.0,3
346200,Mark 01,Mark 22,VEV_6500,XIREC,0.0,3
346400,SUBMISSION,,VEV_5000,XIREC,231.0,1
346400,SUBMISSION,,VEV_5000,XIREC,231.0,1
346900,SUBMISSION,,VEV_5000,XIREC,230.0,1
346900,SUBMISSION,,VEV_5000,XIREC,230.0,1
346900,,SUBMISSION,VEV_5000,XIREC,225.0,11
346900,,SUBMISSION,VEV_5100,XIREC,136.0,20
346900,Mark 01,Mark 55,VELVETFRUIT_EXTRACT,XIREC,5221.0,3
347000,SUBMISSION,,VEV_5000,XIREC,230.0,10
347000,SUBMISSION,,VEV_5100,XIREC,139.0,7
347100,Mark 38,SUBMISSION,HYDROGEL_PACK,XIREC,10044.0,5
347100,SUBMISSION,,VEV_5100,XIREC,140.0,13
347200,,SUBMISSION,VEV_5000,XIREC,225.0,9
347200,,SUBMISSION,VEV_5100,XIREC,136.0,20
347300,SUBMISSION,,VEV_5000,XIREC,230.0,8
347300,SUBMISSION,,VEV_5000,XIREC,230.0,3
347300,SUBMISSION,,VEV_5000,XIREC,231.0,5
347400,,SUBMISSION,VEV_5000,XIREC,225.0,12
347400,SUBMISSION,,VEV_5100,XIREC,140.0,17
347400,,SUBMISSION,VEV_5100,XIREC,136.0,20
347500,SUBMISSION,,VEV_5000,XIREC,231.0,4
347500,SUBMISSION,,VEV_5100,XIREC,140.0,11
347600,SUBMISSION,,VEV_5000,XIREC,230.0,1
347600,SUBMISSION,,VEV_5100,XIREC,139.0,6
347600,SUBMISSION,,VEV_5100,XIREC,140.0,9
348000,,SUBMISSION,VEV_5000,XIREC,225.0,7
348000,,SUBMISSION,VEV_5100,XIREC,136.0,20
348100,SUBMISSION,,VEV_5000,XIREC,229.0,6
348100,SUBMISSION,,VEV_5000,XIREC,230.0,7
348100,SUBMISSION,,VEV_5100,XIREC,139.0,4
348200,SUBMISSION,,VEV_5100,XIREC,137.0,15
348200,,SUBMISSION,VEV_5100,XIREC,133.0,20
348300,SUBMISSION,,VEV_5100,XIREC,138.0,19
348300,,SUBMISSION,VEV_5100,XIREC,134.0,19
348400,SUBMISSION,,VEV_5100,XIREC,138.0,7
348400,SUBMISSION,,VEV_5100,XIREC,139.0,11
348500,SUBMISSION,,VEV_5100,XIREC,138.0,1
348600,SUBMISSION,,VEV_5100,XIREC,136.0,1
348600,SUBMISSION,,VEV_5100,XIREC,136.0,1
348600,,SUBMISSION,VEV_5100,XIREC,133.0,6
348700,SUBMISSION,,VEV_5100,XIREC,137.0,4
348700,,SUBMISSION,VEV_5100,XIREC,133.0,20
348800,SUBMISSION,,VEV_5100,XIREC,138.0,9
348800,SUBMISSION,,VEV_5100,XIREC,139.0,7
348900,SUBMISSION,,VEV_5100,XIREC,137.0,4
348900,SUBMISSION,,VEV_5100,XIREC,137.0,3
348900,SUBMISSION,,VEV_5100,XIREC,138.0,1
348900,,SUBMISSION,VEV_5100,XIREC,134.0,7
349000,SUBMISSION,,VEV_5100,XIREC,138.0,3
349000,,SUBMISSION,VEV_5100,XIREC,134.0,20
349100,,SUBMISSION,VEV_5000,XIREC,222.0,12
349100,SUBMISSION,,VEV_5100,XIREC,137.0,12
349100,,SUBMISSION,VEV_5100,XIREC,133.0,20
349100,Mark 67,Mark 22,VELVETFRUIT_EXTRACT,XIREC,5220.0,6
349200,SUBMISSION,,VEV_5000,XIREC,228.0,11
349200,SUBMISSION,,VEV_5100,XIREC,138.0,12
349300,SUBMISSION,,VEV_5000,XIREC,225.0,2
349300,SUBMISSION,,VEV_5000,XIREC,225.0,2
349300,SUBMISSION,,VEV_5100,XIREC,136.0,19
349300,,SUBMISSION,VEV_5100,XIREC,132.0,20
349400,SUBMISSION,,VEV_5100,XIREC,137.0,19
349700,Mark 38,SUBMISSION,HYDROGEL_PACK,XIREC,10039.0,2
350300,SUBMISSION,,VEV_4000,XIREC,1223.0,4
350300,SUBMISSION,,VEV_4500,XIREC,723.0,4
350300,,SUBMISSION,VEV_5100,XIREC,136.0,28
350300,Mark 14,Mark 22,VEV_5200,XIREC,68.0,4
350300,Mark 01,Mark 22,VEV_5300,XIREC,27.0,4
350300,Mark 01,Mark 22,VEV_5500,XIREC,1.0,4
