timestamp;buyer;seller;symbol;currency;price;quantity
3600;;SUBMISSION;ASH_COATED_OSMIUM;SEASHELLS;10003;5
5200;SUBMISSION;;INTARIAN_PEPPER_ROOT;SEASHELLS;12001;3
6600;;SUBMISSION;ASH_COATED_OSMIUM;SEASHELLS;10001;9
7800;SUBMISSION;;ASH_COATED_OSMIUM;SEASHELLS;9998;7
8000;;SUBMISSION;ASH_COATED_OSMIUM;SEASHELLS;10002;7
9300;SUBMISSION;;INTARIAN_PEPPER_ROOT;SEASHELLS;12005;6
11900;;SUBMISSION;INTARIAN_PEPPER_ROOT;SEASHELLS;12015;4
13000;;SUBMISSION;ASH_COATED_OSMIUM;SEASHELLS;10004;9
14000;;SUBMISSION;INTARIAN_PEPPER_ROOT;SEASHELLS;12017;7
15100;SUBMISSION;;INTARIAN_PEPPER_ROOT;SEASHELLS;12017;2
16500;;SUBMISSION;ASH_COATED_OSMIUM;SEASHELLS;10002;5
17500;SUBMISSION;;ASH_COATED_OSMIUM;SEASHELLS;9999;7
18200;SUBMISSION;;ASH_COATED_OSMIUM;SEASHELLS;9999;9
19700;;SUBMISSION;ASH_COATED_OSMIUM;SEASHELLS;10002;6
19900;SUBMISSION;;INTARIAN_PEPPER_ROOT;SEASHELLS;12016;7
20700;;SUBMISSION;INTARIAN_PEPPER_ROOT;SEASHELLS;12024;5
21400;SUBMISSION;;ASH_COATED_OSMIUM;SEASHELLS;9998;9
21600;SUBMISSION;;ASH_COATED_OSMIUM;SEASHELLS;9998;9
22500;SUBMISSION;;INTARIAN_PEPPER_ROOT;SEASHELLS;12018;4
23200;SUBMISSION;;INTARIAN_PEPPER_ROOT;SEASHELLS;12019;4
24100;SUBMISSION;;ASH_COATED_OSMIUM;SEASHELLS;9998;5
26900;;SUBMISSION;ASH_COATED_OSMIUM;SEASHELLS;10003;9
27300;SUBMISSION;;INTARIAN_PEPPER_ROOT;SEASHELLS;12023;3
28400;SUBMISSION;;INTARIAN_PEPPER_ROOT;SEASHELLS;12024;8
29800;;SUBMISSION;INTARIAN_PEPPER_ROOT;SEASHELLS;12033;4
31200;SUBMISSION;;ASH_COATED_OSMIUM;SEASHELLS;9998;8
32800;;SUBMISSION;ASH_COATED_OSMIUM;SEASHELLS;10002;6
33300;;SUBMISSION;INTARIAN_PEPPER_ROOT;SEASHELLS;12036;6
34200;;SUBMISSION;ASH_COATED_OSMIUM;SEASHELLS;10002;9
36500;SUBMISSION;;INTARIAN_PEPPER_ROOT;SEASHELLS;12032;7
36800;SUBMISSION;;INTARIAN_PEPPER_ROOT;SEASHELLS;12033;7
37300;SUBMISSION;;INTARIAN_PEPPER_ROOT;SEASHELLS;12033;5
37900;SUBMISSION;;ASH_COATED_OSMIUM;SEASHELLS;9998;9
38200;SUBMISSION;;INTARIAN_PEPPER_ROOT;SEASHELLS;12034;5
38400;;SUBMISSION;INTARIAN_PEPPER_ROOT;SEASHELLS;12042;3
38800;;SUBMISSION;ASH_COATED_OSMIUM;SEASHELLS;10002;4
39900;SUBMISSION;;INTARIAN_PEPPER_ROOT;SEASHELLS;12036;8
43200;;SUBMISSION;ASH_COATED_OSMIUM;SEASHELLS;10003;7
47900;SUBMISSION;;INTARIAN_PEPPER_ROOT;SEASHELLS;12044;4
50900;SUBMISSION;;ASH_COATED_OSMIUM;SEASHELLS;9996;6
51000;SUBMISSION;;ASH_COATED_OSMIUM;SEASHELLS;9995;4
53400;SUBMISSION;;ASH_COATED_OSMIUM;SEASHELLS;9999;4
54900;;SUBMISSION;INTARIAN_PEPPER_ROOT;SEASHELLS;12058;4
57500;;SUBMISSION;INTARIAN_PEPPER_ROOT;SEASHELLS;12061;4
61000;SUBMISSION;;ASH_COATED_OSMIUM;SEASHELLS;9997;2
61900;;SUBMISSION;INTARIAN_PEPPER_ROOT;SEASHELLS;12065;5
62200;SUBMISSION;;ASH_COATED_OSMIUM;SEASHELLS;9999;5
63300;SUBMISSION;;ASH_COATED_OSMIUM;SEASHELLS;9998;5
64200;SUBMISSION;;ASH_COATED_OSMIUM;SEASHELLS;9998;4
65300;SUBMISSION;;ASH_COATED_OSMIUM;SEASHELLS;9997;2
65600;;SUBMISSION;INTARIAN_PEPPER_ROOT;SEASHELLS;12069;8
67300;SUBMISSION;;ASH_COATED_OSMIUM;SEASHELLS;9994;4
70300;SUBMISSION;;ASH_COATED_OSMIUM;SEASHELLS;9995;4
70700;SUBMISSION;;ASH_COATED_OSMIUM;SEASHELLS;9995;6
72900;SUBMISSION;;ASH_COATED_OSMIUM;SEASHELLS;9997;7
75500;;SUBMISSION;INTARIAN_PEPPER_ROOT;SEASHELLS;12079;6
75800;SUBMISSION;;INTARIAN_PEPPER_ROOT;SEASHELLS;12072;3
79800;SUBMISSION;;INTARIAN_PEPPER_ROOT;SEASHELLS;12076;6
80700;;SUBMISSION;ASH_COATED_OSMIUM;SEASHELLS;10000;5
85200;SUBMISSION;;ASH_COATED_OSMIUM;SEASHELLS;9998;5
85300;;SUBMISSION;INTARIAN_PEPPER_ROOT;SEASHELLS;12088;6
85400;SUBMISSION;;ASH_COATED_OSMIUM;SEASHELLS;9998;4
86300;;SUBMISSION;INTARIAN_PEPPER_ROOT;SEASHELLS;12089;7
86800;SUBMISSION;;ASH_COATED_OSMIUM;SEASHELLS;9996;5
86800;;SUBMISSION;INTARIAN_PEPPER_ROOT;SEASHELLS;12090;6
88800;SUBMISSION;;ASH_COATED_OSMIUM;SEASHELLS;9999;10
89300;;SUBMISSION;INTARIAN_PEPPER_ROOT;SEASHELLS;12092;5
92000;;SUBMISSION;ASH_COATED_OSMIUM;SEASHELLS;10000;3
92600;;SUBMISSION;INTARIAN_PEPPER_ROOT;SEASHELLS;12096;5
100000;;SUBMISSION;INTARIAN_PEPPER_ROOT;SEASHELLS;12103;4
101100;;SUBMISSION;ASH_COATED_OSMIUM;SEASHELLS;10002;3
101800;;SUBMISSION;INTARIAN_PEPPER_ROOT;SEASHELLS;12105;4
102000;;SUBMISSION;ASH_COATED_OSMIUM;SEASHELLS;10005;7
102000;;SUBMISSION;ASH_COATED_OSMIUM;SEASHELLS;10001;2
102600;SUBMISSION;;INTARIAN_PEPPER_ROOT;SEASHELLS;12098;4
102700;;SUBMISSION;ASH_COATED_OSMIUM;SEASHELLS;10000;3
105500;;SUBMISSION;ASH_COATED_OSMIUM;SEASHELLS;10000;3
113900;;SUBMISSION;ASH_COATED_OSMIUM;SEASHELLS;10004;5
116900;;SUBMISSION;ASH_COATED_OSMIUM;SEASHELLS;10001;3
120800;;SUBMISSION;ASH_COATED_OSMIUM;SEASHELLS;10002;5
120900;SUBMISSION;;INTARIAN_PEPPER_ROOT;SEASHELLS;12117;5
123200;SUBMISSION;;INTARIAN_PEPPER_ROOT;SEASHELLS;12119;5
127700;;SUBMISSION;INTARIAN_PEPPER_ROOT;SEASHELLS;12131;8
129000;SUBMISSION;;ASH_COATED_OSMIUM;SEASHELLS;9999;9
131600;;SUBMISSION;ASH_COATED_OSMIUM;SEASHELLS;10002;9
132200;;SUBMISSION;ASH_COATED_OSMIUM;SEASHELLS;10002;5
134500;;SUBMISSION;ASH_COATED_OSMIUM;SEASHELLS;10001;9
136700;;SUBMISSION;INTARIAN_PEPPER_ROOT;SEASHELLS;12140;3
139200;;SUBMISSION;ASH_COATED_OSMIUM;SEASHELLS;10004;9
140800;;SUBMISSION;INTARIAN_PEPPER_ROOT;SEASHELLS;12144;7
141700;;SUBMISSION;INTARIAN_PEPPER_ROOT;SEASHELLS;12145;6
141800;;SUBMISSION;ASH_COATED_OSMIUM;SEASHELLS;10003;7
142400;SUBMISSION;;INTARIAN_PEPPER_ROOT;SEASHELLS;12138;5
146500;SUBMISSION;;ASH_COATED_OSMIUM;SEASHELLS;9999;8
148100;SUBMISSION;;INTARIAN_PEPPER_ROOT;SEASHELLS;12144;3
148700;SUBMISSION;;INTARIAN_PEPPER_ROOT;SEASHELLS;12145;8
152200;;SUBMISSION;INTARIAN_PEPPER_ROOT;SEASHELLS;12155;3
152400;SUBMISSION;;INTARIAN_PEPPER_ROOT;SEASHELLS;12148;3
156600;;SUBMISSION;INTARIAN_PEPPER_ROOT;SEASHELLS;12160;4
161400;;SUBMISSION;ASH_COATED_OSMIUM;SEASHELLS;10003;3
167300;;SUBMISSION;ASH_COATED_OSMIUM;SEASHELLS;10008;10
169500;;SUBMISSION;ASH_COATED_OSMIUM;SEASHELLS;10006;8
172800;;SUBMISSION;INTARIAN_PEPPER_ROOT;SEASHELLS;12176;3
173200;;SUBMISSION;INTARIAN_PEPPER_ROOT;SEASHELLS;12176;5
173400;;SUBMISSION;ASH_COATED_OSMIUM;SEASHELLS;10005;2
173900;SUBMISSION;;INTARIAN_PEPPER_ROOT;SEASHELLS;12170;5
176700;;SUBMISSION;ASH_COATED_OSMIUM;SEASHELLS;10005;8
177500;;SUBMISSION;ASH_COATED_OSMIUM;SEASHELLS;10003;2
178300;;SUBMISSION;INTARIAN_PEPPER_ROOT;SEASHELLS;12181;6
178800;SUBMISSION;;INTARIAN_PEPPER_ROOT;SEASHELLS;12175;5
179500;SUBMISSION;;INTARIAN_PEPPER_ROOT;SEASHELLS;12175;3
180500;;SUBMISSION;ASH_COATED_OSMIUM;SEASHELLS;10001;10
180600;;SUBMISSION;ASH_COATED_OSMIUM;SEASHELLS;10001;11
186900;;SUBMISSION;ASH_COATED_OSMIUM;SEASHELLS;10005;5
188200;;SUBMISSION;ASH_COATED_OSMIUM;SEASHELLS;10003;4
189500;;SUBMISSION;ASH_COATED_OSMIUM;SEASHELLS;10002;3
191300;;SUBMISSION;ASH_COATED_OSMIUM;SEASHELLS;10003;2
191400;;SUBMISSION;ASH_COATED_OSMIUM;SEASHELLS;10003;5
193100;;SUBMISSION;ASH_COATED_OSMIUM;SEASHELLS;10002;3
193400;;SUBMISSION;ASH_COATED_OSMIUM;SEASHELLS;10002;3
194000;;SUBMISSION;ASH_COATED_OSMIUM;SEASHELLS;10007;4
195800;;SUBMISSION;INTARIAN_PEPPER_ROOT;SEASHELLS;12199;8
196500;SUBMISSION;;INTARIAN_PEPPER_ROOT;SEASHELLS;12192;7
199300;;SUBMISSION;INTARIAN_PEPPER_ROOT;SEASHELLS;12202;7
199700;SUBMISSION;;INTARIAN_PEPPER_ROOT;SEASHELLS;12196;4
201900;SUBMISSION;;INTARIAN_PEPPER_ROOT;SEASHELLS;12198;4
202500;;SUBMISSION;INTARIAN_PEPPER_ROOT;SEASHELLS;12206;6
205800;SUBMISSION;;ASH_COATED_OSMIUM;SEASHELLS;9999;3
206400;SUBMISSION;;ASH_COATED_OSMIUM;SEASHELLS;9999;9
209000;SUBMISSION;;ASH_COATED_OSMIUM;SEASHELLS;10000;5
209400;;SUBMISSION;INTARIAN_PEPPER_ROOT;SEASHELLS;12213;5
213100;;SUBMISSION;INTARIAN_PEPPER_ROOT;SEASHELLS;12216;6
213900;SUBMISSION;;ASH_COATED_OSMIUM;SEASHELLS;9999;4
215100;SUBMISSION;;ASH_COATED_OSMIUM;SEASHELLS;9997;10
216000;SUBMISSION;;INTARIAN_PEPPER_ROOT;SEASHELLS;12212;3
216100;;SUBMISSION;INTARIAN_PEPPER_ROOT;SEASHELLS;12219;4
216300;;SUBMISSION;ASH_COATED_OSMIUM;SEASHELLS;10001;10
217200;;SUBMISSION;INTARIAN_PEPPER_ROOT;SEASHELLS;12220;4
219600;;SUBMISSION;ASH_COATED_OSMIUM;SEASHELLS;10003;4
223700;SUBMISSION;;ASH_COATED_OSMIUM;SEASHELLS;9999;7
225900;;SUBMISSION;INTARIAN_PEPPER_ROOT;SEASHELLS;12229;5
227800;;SUBMISSION;INTARIAN_PEPPER_ROOT;SEASHELLS;12231;6
233100;SUBMISSION;;INTARIAN_PEPPER_ROOT;SEASHELLS;12235;5
235900;SUBMISSION;;ASH_COATED_OSMIUM;SEASHELLS;9998;2
235900;SUBMISSION;;INTARIAN_PEPPER_ROOT;SEASHELLS;12232;8
239200;SUBMISSION;;INTARIAN_PEPPER_ROOT;SEASHELLS;12235;5
242100;SUBMISSION;;ASH_COATED_OSMIUM;SEASHELLS;9997;3
242100;;SUBMISSION;INTARIAN_PEPPER_ROOT;SEASHELLS;12245;3
243700;SUBMISSION;;ASH_COATED_OSMIUM;SEASHELLS;9993;4
247700;SUBMISSION;;ASH_COATED_OSMIUM;SEASHELLS;10000;12
247800;SUBMISSION;;ASH_COATED_OSMIUM;SEASHELLS;10000;15
247900;SUBMISSION;;ASH_COATED_OSMIUM;SEASHELLS;10000;14
248000;SUBMISSION;;ASH_COATED_OSMIUM;SEASHELLS;10000;6
248200;SUBMISSION;;ASH_COATED_OSMIUM;SEASHELLS;9995;5
248500;SUBMISSION;;INTARIAN_PEPPER_ROOT;SEASHELLS;12244;8
251800;;SUBMISSION;INTARIAN_PEPPER_ROOT;SEASHELLS;12255;4
255000;SUBMISSION;;ASH_COATED_OSMIUM;SEASHELLS;9996;5
255300;SUBMISSION;;ASH_COATED_OSMIUM;SEASHELLS;9992;8
255500;SUBMISSION;;ASH_COATED_OSMIUM;SEASHELLS;9992;10
256100;SUBMISSION;;ASH_COATED_OSMIUM;SEASHELLS;9993;6
256100;;SUBMISSION;INTARIAN_PEPPER_ROOT;SEASHELLS;12259;4
257100;;SUBMISSION;INTARIAN_PEPPER_ROOT;SEASHELLS;12260;7
260200;SUBMISSION;;ASH_COATED_OSMIUM;SEASHELLS;9999;5
260200;SUBMISSION;;INTARIAN_PEPPER_ROOT;SEASHELLS;12256;3
261600;;SUBMISSION;ASH_COATED_OSMIUM;SEASHELLS;10000;10
261700;;SUBMISSION;ASH_COATED_OSMIUM;SEASHELLS;10000;9
265200;SUBMISSION;;INTARIAN_PEPPER_ROOT;SEASHELLS;12261;8
265500;SUBMISSION;;INTARIAN_PEPPER_ROOT;SEASHELLS;12261;6
265900;SUBMISSION;;INTARIAN_PEPPER_ROOT;SEASHELLS;12262;8
266000;SUBMISSION;;INTARIAN_PEPPER_ROOT;SEASHELLS;12262;8
266100;;SUBMISSION;ASH_COATED_OSMIUM;SEASHELLS;10003;9
267500;SUBMISSION;;INTARIAN_PEPPER_ROOT;SEASHELLS;12263;8
270900;SUBMISSION;;INTARIAN_PEPPER_ROOT;SEASHELLS;12267;8
274600;;SUBMISSION;ASH_COATED_OSMIUM;SEASHELLS;10000;2
274700;;SUBMISSION;ASH_COATED_OSMIUM;SEASHELLS;10000;4
277200;;SUBMISSION;INTARIAN_PEPPER_ROOT;SEASHELLS;12280;6
280600;SUBMISSION;;INTARIAN_PEPPER_ROOT;SEASHELLS;12276;8
281300;;SUBMISSION;INTARIAN_PEPPER_ROOT;SEASHELLS;12284;8
282000;;SUBMISSION;ASH_COATED_OSMIUM;SEASHELLS;10004;10
282600;;SUBMISSION;INTARIAN_PEPPER_ROOT;SEASHELLS;12286;7
284800;;SUBMISSION;ASH_COATED_OSMIUM;SEASHELLS;10002;2
286800;SUBMISSION;;INTARIAN_PEPPER_ROOT;SEASHELLS;12283;6
289500;;SUBMISSION;INTARIAN_PEPPER_ROOT;SEASHELLS;12293;7
289600;;SUBMISSION;ASH_COATED_OSMIUM;SEASHELLS;10003;9
292400;;SUBMISSION;INTARIAN_PEPPER_ROOT;SEASHELLS;12296;6
296100;SUBMISSION;;ASH_COATED_OSMIUM;SEASHELLS;9998;8
297100;SUBMISSION;;ASH_COATED_OSMIUM;SEASHELLS;10000;5
297300;SUBMISSION;;INTARIAN_PEPPER_ROOT;SEASHELLS;12293;3
297500;;SUBMISSION;ASH_COATED_OSMIUM;SEASHELLS;10004;9
297600;SUBMISSION;;INTARIAN_PEPPER_ROOT;SEASHELLS;12293;8
297800;;SUBMISSION;INTARIAN_PEPPER_ROOT;SEASHELLS;12301;5
299300;;SUBMISSION;ASH_COATED_OSMIUM;SEASHELLS;10005;6
301700;SUBMISSION;;ASH_COATED_OSMIUM;SEASHELLS;9999;9
304400;;SUBMISSION;ASH_COATED_OSMIUM;SEASHELLS;10002;10
304700;;SUBMISSION;INTARIAN_PEPPER_ROOT;SEASHELLS;12308;4
305000;SUBMISSION;;ASH_COATED_OSMIUM;SEASHELLS;9999;4
308900;SUBMISSION;;ASH_COATED_OSMIUM;SEASHELLS;9999;10
309000;SUBMISSION;;ASH_COATED_OSMIUM;SEASHELLS;9998;9
309900;;SUBMISSION;ASH_COATED_OSMIUM;SEASHELLS;10001;5
310100;;SUBMISSION;ASH_COATED_OSMIUM;SEASHELLS;10001;9
310900;SUBMISSION;;ASH_COATED_OSMIUM;SEASHELLS;9998;5
315400;;SUBMISSION;ASH_COATED_OSMIUM;SEASHELLS;10001;3
318400;;SUBMISSION;ASH_COATED_OSMIUM;SEASHELLS;10001;5
323000;;SUBMISSION;ASH_COATED_OSMIUM;SEASHELLS;10001;5
327600;SUBMISSION;;INTARIAN_PEPPER_ROOT;SEASHELLS;12323;3
329700;SUBMISSION;;INTARIAN_PEPPER_ROOT;SEASHELLS;12326;3
330600;SUBMISSION;;ASH_COATED_OSMIUM;SEASHELLS;10000;10
330800;;SUBMISSION;ASH_COATED_OSMIUM;SEASHELLS;10004;7
333500;SUBMISSION;;ASH_COATED_OSMIUM;SEASHELLS;10000;8
335400;;SUBMISSION;INTARIAN_PEPPER_ROOT;SEASHELLS;12339;8
338000;;SUBMISSION;INTARIAN_PEPPER_ROOT;SEASHELLS;12341;3
340900;;SUBMISSION;ASH_COATED_OSMIUM;SEASHELLS;10002;4
346300;;SUBMISSION;INTARIAN_PEPPER_ROOT;SEASHELLS;12350;8
346400;SUBMISSION;;INTARIAN_PEPPER_ROOT;SEASHELLS;12342;3
349400;;SUBMISSION;ASH_COATED_OSMIUM;SEASHELLS;10003;10
350700;;SUBMISSION;INTARIAN_PEPPER_ROOT;SEASHELLS;12354;6
351100;SUBMISSION;;INTARIAN_PEPPER_ROOT;SEASHELLS;12347;7
351300;;SUBMISSION;ASH_COATED_OSMIUM;SEASHELLS;10003;9
352700;;SUBMISSION;INTARIAN_PEPPER_ROOT;SEASHELLS;12356;7
353800;;SUBMISSION;ASH_COATED_OSMIUM;SEASHELLS;10003;8
354000;SUBMISSION;;INTARIAN_PEPPER_ROOT;SEASHELLS;12350;3
354400;SUBMISSION;;INTARIAN_PEPPER_ROOT;SEASHELLS;12350;4
357100;;SUBMISSION;ASH_COATED_OSMIUM;SEASHELLS;10001;2
368900;SUBMISSION;;ASH_COATED_OSMIUM;SEASHELLS;9999;8
369000;;SUBMISSION;ASH_COATED_OSMIUM;SEASHELLS;10004;9
371900;SUBMISSION;;ASH_COATED_OSMIUM;SEASHELLS;10000;5
373700;;SUBMISSION;ASH_COATED_OSMIUM;SEASHELLS;10001;5
374900;;SUBMISSION;INTARIAN_PEPPER_ROOT;SEASHELLS;12378;3
376100;;SUBMISSION;ASH_COATED_OSMIUM;SEASHELLS;10001;5
376700;;SUBMISSION;INTARIAN_PEPPER_ROOT;SEASHELLS;12380;8
381200;SUBMISSION;;INTARIAN_PEPPER_ROOT;SEASHELLS;12377;7
383000;;SUBMISSION;ASH_COATED_OSMIUM;SEASHELLS;10002;4
386500;;SUBMISSION;INTARIAN_PEPPER_ROOT;SEASHELLS;12390;3
387500;SUBMISSION;;INTARIAN_PEPPER_ROOT;SEASHELLS;12394;12
388000;;SUBMISSION;INTARIAN_PEPPER_ROOT;SEASHELLS;12391;4
389600;;SUBMISSION;INTARIAN_PEPPER_ROOT;SEASHELLS;12393;4
393600;;SUBMISSION;ASH_COATED_OSMIUM;SEASHELLS;10001;3
394100;;SUBMISSION;ASH_COATED_OSMIUM;SEASHELLS;10004;8
394200;SUBMISSION;;INTARIAN_PEPPER_ROOT;SEASHELLS;12390;7
395500;SUBMISSION;;INTARIAN_PEPPER_ROOT;SEASHELLS;12391;3
396400;SUBMISSION;;ASH_COATED_OSMIUM;SEASHELLS;9999;7
397400;SUBMISSION;;ASH_COATED_OSMIUM;SEASHELLS;10000;6
397900;SUBMISSION;;INTARIAN_PEPPER_ROOT;SEASHELLS;12394;6
402700;SUBMISSION;;ASH_COATED_OSMIUM;SEASHELLS;10000;8
405800;SUBMISSION;;INTARIAN_PEPPER_ROOT;SEASHELLS;12402;7
409600;SUBMISSION;;INTARIAN_PEPPER_ROOT;SEASHELLS;12405;6
414200;SUBMISSION;;ASH_COATED_OSMIUM;SEASHELLS;9999;7
414800;;SUBMISSION;INTARIAN_PEPPER_ROOT;SEASHELLS;12418;5
416000;SUBMISSION;;ASH_COATED_OSMIUM;SEASHELLS;9999;5
419500;SUBMISSION;;INTARIAN_PEPPER_ROOT;SEASHELLS;12415;5
421200;;SUBMISSION;INTARIAN_PEPPER_ROOT;SEASHELLS;12424;5
421300;SUBMISSION;;ASH_COATED_OSMIUM;SEASHELLS;9999;6
428200;SUBMISSION;;INTARIAN_PEPPER_ROOT;SEASHELLS;12424;8
430800;;SUBMISSION;INTARIAN_PEPPER_ROOT;SEASHELLS;12434;4
432000;;SUBMISSION;INTARIAN_PEPPER_ROOT;SEASHELLS;12435;8
433500;;SUBMISSION;INTARIAN_PEPPER_ROOT;SEASHELLS;12437;3
436300;SUBMISSION;;ASH_COATED_OSMIUM;SEASHELLS;9998;3
436600;;SUBMISSION;INTARIAN_PEPPER_ROOT;SEASHELLS;12440;8
437100;SUBMISSION;;INTARIAN_PEPPER_ROOT;SEASHELLS;12433;5
437200;SUBMISSION;;ASH_COATED_OSMIUM;SEASHELLS;9995;7
440100;;SUBMISSION;INTARIAN_PEPPER_ROOT;SEASHELLS;12443;4
442300;SUBMISSION;;INTARIAN_PEPPER_ROOT;SEASHELLS;12438;7
444900;SUBMISSION;;ASH_COATED_OSMIUM;SEASHELLS;9999;10
447000;SUBMISSION;;ASH_COATED_OSMIUM;SEASHELLS;10000;2
450100;SUBMISSION;;INTARIAN_PEPPER_ROOT;SEASHELLS;12446;5
450300;SUBMISSION;;INTARIAN_PEPPER_ROOT;SEASHELLS;12446;7
452500;;SUBMISSION;INTARIAN_PEPPER_ROOT;SEASHELLS;12456;8
453200;;SUBMISSION;ASH_COATED_OSMIUM;SEASHELLS;10002;3
454500;SUBMISSION;;INTARIAN_PEPPER_ROOT;SEASHELLS;12450;8
458100;SUBMISSION;;INTARIAN_PEPPER_ROOT;SEASHELLS;12454;8
461700;;SUBMISSION;ASH_COATED_OSMIUM;SEASHELLS;10003;3
462200;;SUBMISSION;ASH_COATED_OSMIUM;SEASHELLS;10007;8
462600;;SUBMISSION;ASH_COATED_OSMIUM;SEASHELLS;10003;3
463300;SUBMISSION;;INTARIAN_PEPPER_ROOT;SEASHELLS;12459;8
463700;;SUBMISSION;INTARIAN_PEPPER_ROOT;SEASHELLS;12467;3
465200;;SUBMISSION;ASH_COATED_OSMIUM;SEASHELLS;10002;5
466000;;SUBMISSION;ASH_COATED_OSMIUM;SEASHELLS;10006;6
471100;;SUBMISSION;INTARIAN_PEPPER_ROOT;SEASHELLS;12474;6
472700;SUBMISSION;;INTARIAN_PEPPER_ROOT;SEASHELLS;12468;6
474000;;SUBMISSION;INTARIAN_PEPPER_ROOT;SEASHELLS;12477;7
474900;;SUBMISSION;ASH_COATED_OSMIUM;SEASHELLS;10001;2
476800;;SUBMISSION;ASH_COATED_OSMIUM;SEASHELLS;10002;7
476800;;SUBMISSION;INTARIAN_PEPPER_ROOT;SEASHELLS;12480;8
478700;SUBMISSION;;INTARIAN_PEPPER_ROOT;SEASHELLS;12474;3
482200;SUBMISSION;;ASH_COATED_OSMIUM;SEASHELLS;9999;2
482700;;SUBMISSION;INTARIAN_PEPPER_ROOT;SEASHELLS;12486;7
483100;SUBMISSION;;INTARIAN_PEPPER_ROOT;SEASHELLS;12479;3
484100;SUBMISSION;;ASH_COATED_OSMIUM;SEASHELLS;10000;4
490800;;SUBMISSION;ASH_COATED_OSMIUM;SEASHELLS;10003;9
491300;;SUBMISSION;INTARIAN_PEPPER_ROOT;SEASHELLS;12495;4
491600;;SUBMISSION;INTARIAN_PEPPER_ROOT;SEASHELLS;12495;3
492600;SUBMISSION;;ASH_COATED_OSMIUM;SEASHELLS;10000;10
492800;SUBMISSION;;ASH_COATED_OSMIUM;SEASHELLS;10000;4
494100;;SUBMISSION;INTARIAN_PEPPER_ROOT;SEASHELLS;12497;6
495200;;SUBMISSION;INTARIAN_PEPPER_ROOT;SEASHELLS;12498;7
495600;SUBMISSION;;ASH_COATED_OSMIUM;SEASHELLS;10000;6
497100;SUBMISSION;;ASH_COATED_OSMIUM;SEASHELLS;9999;9
498800;;SUBMISSION;ASH_COATED_OSMIUM;SEASHELLS;10001;8
499400;SUBMISSION;;INTARIAN_PEPPER_ROOT;SEASHELLS;12495;7
499800;SUBMISSION;;ASH_COATED_OSMIUM;SEASHELLS;9998;5
500000;SUBMISSION;;ASH_COATED_OSMIUM;SEASHELLS;9998;8
502700;;SUBMISSION;INTARIAN_PEPPER_ROOT;SEASHELLS;12506;6
510900;;SUBMISSION;ASH_COATED_OSMIUM;SEASHELLS;10002;2
512300;SUBMISSION;;INTARIAN_PEPPER_ROOT;SEASHELLS;12508;7
513900;;SUBMISSION;INTARIAN_PEPPER_ROOT;SEASHELLS;12517;7
515800;;SUBMISSION;INTARIAN_PEPPER_ROOT;SEASHELLS;12519;4
519200;;SUBMISSION;ASH_COATED_OSMIUM;SEASHELLS;10005;2
519600;SUBMISSION;;INTARIAN_PEPPER_ROOT;SEASHELLS;12515;5
521000;SUBMISSION;;INTARIAN_PEPPER_ROOT;SEASHELLS;12517;5
521500;SUBMISSION;;INTARIAN_PEPPER_ROOT;SEASHELLS;12517;4
521900;;SUBMISSION;ASH_COATED_OSMIUM;SEASHELLS;10009;9
522400;SUBMISSION;;INTARIAN_PEPPER_ROOT;SEASHELLS;12518;7
523200;;SUBMISSION;INTARIAN_PEPPER_ROOT;SEASHELLS;12526;8
525100;;SUBMISSION;ASH_COATED_OSMIUM;SEASHELLS;10002;5
529200;;SUBMISSION;ASH_COATED_OSMIUM;SEASHELLS;10003;3
529500;;SUBMISSION;ASH_COATED_OSMIUM;SEASHELLS;10007;5
529600;;SUBMISSION;ASH_COATED_OSMIUM;SEASHELLS;10003;4
530400;;SUBMISSION;INTARIAN_PEPPER_ROOT;SEASHELLS;12534;7
530800;;SUBMISSION;ASH_COATED_OSMIUM;SEASHELLS;10002;2
532700;;SUBMISSION;ASH_COATED_OSMIUM;SEASHELLS;10008;7
533600;;SUBMISSION;ASH_COATED_OSMIUM;SEASHELLS;10006;5
534100;;SUBMISSION;ASH_COATED_OSMIUM;SEASHELLS;10010;7
534200;;SUBMISSION;ASH_COATED_OSMIUM;SEASHELLS;10001;13
534300;;SUBMISSION;ASH_COATED_OSMIUM;SEASHELLS;10001;10
535000;SUBMISSION;;INTARIAN_PEPPER_ROOT;SEASHELLS;12531;3
537500;SUBMISSION;;INTARIAN_PEPPER_ROOT;SEASHELLS;12533;8
540100;;SUBMISSION;INTARIAN_PEPPER_ROOT;SEASHELLS;12543;7
542600;;SUBMISSION;INTARIAN_PEPPER_ROOT;SEASHELLS;12546;7
543200;SUBMISSION;;INTARIAN_PEPPER_ROOT;SEASHELLS;12539;8
546200;;SUBMISSION;INTARIAN_PEPPER_ROOT;SEASHELLS;12549;5
547400;SUBMISSION;;INTARIAN_PEPPER_ROOT;SEASHELLS;12543;3
548900;;SUBMISSION;INTARIAN_PEPPER_ROOT;SEASHELLS;12552;3
554300;SUBMISSION;;INTARIAN_PEPPER_ROOT;SEASHELLS;12550;3
559100;SUBMISSION;;INTARIAN_PEPPER_ROOT;SEASHELLS;12555;7
568200;SUBMISSION;;INTARIAN_PEPPER_ROOT;SEASHELLS;12564;7
569000;;SUBMISSION;INTARIAN_PEPPER_ROOT;SEASHELLS;12572;8
574400;SUBMISSION;;INTARIAN_PEPPER_ROOT;SEASHELLS;12570;5
579000;;SUBMISSION;INTARIAN_PEPPER_ROOT;SEASHELLS;12582;5
579200;SUBMISSION;;INTARIAN_PEPPER_ROOT;SEASHELLS;12575;4
579800;;SUBMISSION;INTARIAN_PEPPER_ROOT;SEASHELLS;12583;6
581000;SUBMISSION;;INTARIAN_PEPPER_ROOT;SEASHELLS;12577;7
584300;SUBMISSION;;INTARIAN_PEPPER_ROOT;SEASHELLS;12580;8
593200;;SUBMISSION;INTARIAN_PEPPER_ROOT;SEASHELLS;12596;3
599000;;SUBMISSION;INTARIAN_PEPPER_ROOT;SEASHELLS;12602;3
601100;SUBMISSION;;ASH_COATED_OSMIUM;SEASHELLS;10000;4
604000;;SUBMISSION;ASH_COATED_OSMIUM;SEASHELLS;10002;3
605300;;SUBMISSION;ASH_COATED_OSMIUM;SEASHELLS;10006;1
606800;SUBMISSION;;INTARIAN_PEPPER_ROOT;SEASHELLS;12603;3
608000;SUBMISSION;;INTARIAN_PEPPER_ROOT;SEASHELLS;12604;3
611400;SUBMISSION;;ASH_COATED_OSMIUM;SEASHELLS;9998;8
618000;SUBMISSION;;INTARIAN_PEPPER_ROOT;SEASHELLS;12614;6
621900;;SUBMISSION;INTARIAN_PEPPER_ROOT;SEASHELLS;12625;8
622700;SUBMISSION;;INTARIAN_PEPPER_ROOT;SEASHELLS;12618;7
623300;SUBMISSION;;INTARIAN_PEPPER_ROOT;SEASHELLS;12619;3
626400;;SUBMISSION;ASH_COATED_OSMIUM;SEASHELLS;10002;8
629100;SUBMISSION;;INTARIAN_PEPPER_ROOT;SEASHELLS;12625;4
635000;;SUBMISSION;INTARIAN_PEPPER_ROOT;SEASHELLS;12638;5
635800;SUBMISSION;;ASH_COATED_OSMIUM;SEASHELLS;10000;6
636500;;SUBMISSION;ASH_COATED_OSMIUM;SEASHELLS;10004;6
636500;SUBMISSION;;INTARIAN_PEPPER_ROOT;SEASHELLS;12632;3
637800;;SUBMISSION;INTARIAN_PEPPER_ROOT;SEASHELLS;12641;4
639800;;SUBMISSION;INTARIAN_PEPPER_ROOT;SEASHELLS;12643;5
641600;SUBMISSION;;INTARIAN_PEPPER_ROOT;SEASHELLS;12637;8
641800;;SUBMISSION;INTARIAN_PEPPER_ROOT;SEASHELLS;12645;6
642400;SUBMISSION;;INTARIAN_PEPPER_ROOT;SEASHELLS;12638;8
644700;;SUBMISSION;INTARIAN_PEPPER_ROOT;SEASHELLS;12648;4
645200;SUBMISSION;;INTARIAN_PEPPER_ROOT;SEASHELLS;12641;7
648100;;SUBMISSION;INTARIAN_PEPPER_ROOT;SEASHELLS;12651;3
648300;SUBMISSION;;ASH_COATED_OSMIUM;SEASHELLS;10000;8
650900;SUBMISSION;;INTARIAN_PEPPER_ROOT;SEASHELLS;12647;4
655000;SUBMISSION;;INTARIAN_PEPPER_ROOT;SEASHELLS;12651;5
655300;SUBMISSION;;ASH_COATED_OSMIUM;SEASHELLS;9997;4
656800;SUBMISSION;;ASH_COATED_OSMIUM;SEASHELLS;10000;4
656900;SUBMISSION;;ASH_COATED_OSMIUM;SEASHELLS;9996;5
657800;SUBMISSION;;ASH_COATED_OSMIUM;SEASHELLS;10000;3
659800;SUBMISSION;;ASH_COATED_OSMIUM;SEASHELLS;9997;2
661900;SUBMISSION;;ASH_COATED_OSMIUM;SEASHELLS;9995;4
663100;SUBMISSION;;ASH_COATED_OSMIUM;SEASHELLS;9994;4
663200;SUBMISSION;;ASH_COATED_OSMIUM;SEASHELLS;10000;12
663300;SUBMISSION;;ASH_COATED_OSMIUM;SEASHELLS;10000;12
663300;;SUBMISSION;INTARIAN_PEPPER_ROOT;SEASHELLS;12667;3
663400;SUBMISSION;;ASH_COATED_OSMIUM;SEASHELLS;9994;5
663600;SUBMISSION;;INTARIAN_PEPPER_ROOT;SEASHELLS;12659;5
664100;SUBMISSION;;ASH_COATED_OSMIUM;SEASHELLS;10000;14
664300;SUBMISSION;;ASH_COATED_OSMIUM;SEASHELLS;9994;4
664800;SUBMISSION;;ASH_COATED_OSMIUM;SEASHELLS;9999;10
665100;SUBMISSION;;ASH_COATED_OSMIUM;SEASHELLS;9999;15
665200;SUBMISSION;;ASH_COATED_OSMIUM;SEASHELLS;9999;12
665300;SUBMISSION;;ASH_COATED_OSMIUM;SEASHELLS;9999;11
665400;SUBMISSION;;ASH_COATED_OSMIUM;SEASHELLS;9999;14
665500;SUBMISSION;;ASH_COATED_OSMIUM;SEASHELLS;9999;13
665800;SUBMISSION;;ASH_COATED_OSMIUM;SEASHELLS;9999;4
668300;;SUBMISSION;INTARIAN_PEPPER_ROOT;SEASHELLS;12672;4
669000;SUBMISSION;;INTARIAN_PEPPER_ROOT;SEASHELLS;12665;6
676600;;SUBMISSION;INTARIAN_PEPPER_ROOT;SEASHELLS;12680;6
680300;;SUBMISSION;INTARIAN_PEPPER_ROOT;SEASHELLS;12684;7
682000;SUBMISSION;;INTARIAN_PEPPER_ROOT;SEASHELLS;12678;4
683300;SUBMISSION;;INTARIAN_PEPPER_ROOT;SEASHELLS;12679;3
688200;SUBMISSION;;INTARIAN_PEPPER_ROOT;SEASHELLS;12684;5
693500;;SUBMISSION;INTARIAN_PEPPER_ROOT;SEASHELLS;12697;6
693900;;SUBMISSION;INTARIAN_PEPPER_ROOT;SEASHELLS;12697;3
696200;;SUBMISSION;INTARIAN_PEPPER_ROOT;SEASHELLS;12700;5
696300;;SUBMISSION;INTARIAN_PEPPER_ROOT;SEASHELLS;12700;6
696800;;SUBMISSION;INTARIAN_PEPPER_ROOT;SEASHELLS;12700;5
707600;;SUBMISSION;INTARIAN_PEPPER_ROOT;SEASHELLS;12711;6
710400;;SUBMISSION;INTARIAN_PEPPER_ROOT;SEASHELLS;12714;3
711900;;SUBMISSION;INTARIAN_PEPPER_ROOT;SEASHELLS;12715;3
715500;SUBMISSION;;INTARIAN_PEPPER_ROOT;SEASHELLS;12711;4
719900;SUBMISSION;;INTARIAN_PEPPER_ROOT;SEASHELLS;12716;5
725000;SUBMISSION;;INTARIAN_PEPPER_ROOT;SEASHELLS;12721;4
731500;;SUBMISSION;INTARIAN_PEPPER_ROOT;SEASHELLS;12735;7
732700;SUBMISSION;;INTARIAN_PEPPER_ROOT;SEASHELLS;12728;8
744700;;SUBMISSION;INTARIAN_PEPPER_ROOT;SEASHELLS;12748;6
746600;SUBMISSION;;INTARIAN_PEPPER_ROOT;SEASHELLS;12742;7
746800;;SUBMISSION;INTARIAN_PEPPER_ROOT;SEASHELLS;12750;4
758800;;SUBMISSION;INTARIAN_PEPPER_ROOT;SEASHELLS;12762;6
761600;;SUBMISSION;INTARIAN_PEPPER_ROOT;SEASHELLS;12765;4
764300;;SUBMISSION;INTARIAN_PEPPER_ROOT;SEASHELLS;12768;7
773700;;SUBMISSION;ASH_COATED_OSMIUM;SEASHELLS;10001;4
773900;SUBMISSION;;ASH_COATED_OSMIUM;SEASHELLS;9998;4
774500;;SUBMISSION;INTARIAN_PEPPER_ROOT;SEASHELLS;12778;8
775200;SUBMISSION;;INTARIAN_PEPPER_ROOT;SEASHELLS;12771;3
781500;SUBMISSION;;INTARIAN_PEPPER_ROOT;SEASHELLS;12777;7
783500;;SUBMISSION;INTARIAN_PEPPER_ROOT;SEASHELLS;12787;7
784600;SUBMISSION;;INTARIAN_PEPPER_ROOT;SEASHELLS;12780;8
793000;;SUBMISSION;INTARIAN_PEPPER_ROOT;SEASHELLS;12796;6
793900;SUBMISSION;;INTARIAN_PEPPER_ROOT;SEASHELLS;12790;6
796800;;SUBMISSION;INTARIAN_PEPPER_ROOT;SEASHELLS;12800;7
800600;SUBMISSION;;INTARIAN_PEPPER_ROOT;SEASHELLS;12796;4
809500;SUBMISSION;;INTARIAN_PEPPER_ROOT;SEASHELLS;12805;5
812700;;SUBMISSION;INTARIAN_PEPPER_ROOT;SEASHELLS;12816;7
812800;;SUBMISSION;ASH_COATED_OSMIUM;SEASHELLS;10003;4
814900;;SUBMISSION;ASH_COATED_OSMIUM;SEASHELLS;10004;6
815500;SUBMISSION;;INTARIAN_PEPPER_ROOT;SEASHELLS;12811;7
818500;;SUBMISSION;INTARIAN_PEPPER_ROOT;SEASHELLS;12822;3
818800;;SUBMISSION;ASH_COATED_OSMIUM;SEASHELLS;10002;5
821000;;SUBMISSION;ASH_COATED_OSMIUM;SEASHELLS;10000;4
821700;;SUBMISSION;INTARIAN_PEPPER_ROOT;SEASHELLS;12825;8
821800;;SUBMISSION;ASH_COATED_OSMIUM;SEASHELLS;10004;6
822000;SUBMISSION;;INTARIAN_PEPPER_ROOT;SEASHELLS;12818;8
822400;SUBMISSION;;INTARIAN_PEPPER_ROOT;SEASHELLS;12818;8
823500;SUBMISSION;;ASH_COATED_OSMIUM;SEASHELLS;9999;6
825200;SUBMISSION;;INTARIAN_PEPPER_ROOT;SEASHELLS;12821;3
827000;;SUBMISSION;INTARIAN_PEPPER_ROOT;SEASHELLS;12830;8
828400;;SUBMISSION;ASH_COATED_OSMIUM;SEASHELLS;10001;5
829000;;SUBMISSION;ASH_COATED_OSMIUM;SEASHELLS;10000;5
830900;SUBMISSION;;INTARIAN_PEPPER_ROOT;SEASHELLS;12827;7
831400;;SUBMISSION;INTARIAN_PEPPER_ROOT;SEASHELLS;12835;8
834500;;SUBMISSION;ASH_COATED_OSMIUM;SEASHELLS;10005;5
834900;;SUBMISSION;ASH_COATED_OSMIUM;SEASHELLS;10005;3
834900;;SUBMISSION;ASH_COATED_OSMIUM;SEASHELLS;10000;11
835000;;SUBMISSION;ASH_COATED_OSMIUM;SEASHELLS;10000;12
835100;;SUBMISSION;ASH_COATED_OSMIUM;SEASHELLS;10000;12
835200;;SUBMISSION;ASH_COATED_OSMIUM;SEASHELLS;10000;8
836300;SUBMISSION;;INTARIAN_PEPPER_ROOT;SEASHELLS;12832;7
836700;;SUBMISSION;ASH_COATED_OSMIUM;SEASHELLS;10004;4
837700;;SUBMISSION;ASH_COATED_OSMIUM;SEASHELLS;10003;4
838100;;SUBMISSION;ASH_COATED_OSMIUM;SEASHELLS;10003;5
838200;;SUBMISSION;INTARIAN_PEPPER_ROOT;SEASHELLS;12842;6
838800;;SUBMISSION;INTARIAN_PEPPER_ROOT;SEASHELLS;12842;5
841900;;SUBMISSION;INTARIAN_PEPPER_ROOT;SEASHELLS;12845;3
842800;;SUBMISSION;INTARIAN_PEPPER_ROOT;SEASHELLS;12846;8
843200;;SUBMISSION;ASH_COATED_OSMIUM;SEASHELLS;10002;2
843500;;SUBMISSION;ASH_COATED_OSMIUM;SEASHELLS;10002;4
844000;;SUBMISSION;INTARIAN_PEPPER_ROOT;SEASHELLS;12847;7
848100;;SUBMISSION;ASH_COATED_OSMIUM;SEASHELLS;10004;2
850200;;SUBMISSION;ASH_COATED_OSMIUM;SEASHELLS;10004;2
850400;;SUBMISSION;ASH_COATED_OSMIUM;SEASHELLS;10008;9
851000;;SUBMISSION;ASH_COATED_OSMIUM;SEASHELLS;10003;3
851700;SUBMISSION;;INTARIAN_PEPPER_ROOT;SEASHELLS;12847;4
852800;;SUBMISSION;ASH_COATED_OSMIUM;SEASHELLS;10007;6
853200;;SUBMISSION;ASH_COATED_OSMIUM;SEASHELLS;10006;10
861800;;SUBMISSION;INTARIAN_PEPPER_ROOT;SEASHELLS;12865;3
863400;SUBMISSION;;ASH_COATED_OSMIUM;SEASHELLS;9999;2
864900;SUBMISSION;;INTARIAN_PEPPER_ROOT;SEASHELLS;12872;11
866200;;SUBMISSION;ASH_COATED_OSMIUM;SEASHELLS;10002;9
866200;SUBMISSION;;INTARIAN_PEPPER_ROOT;SEASHELLS;12862;3
868400;;SUBMISSION;ASH_COATED_OSMIUM;SEASHELLS;10001;10
870200;;SUBMISSION;INTARIAN_PEPPER_ROOT;SEASHELLS;12874;6
870800;SUBMISSION;;ASH_COATED_OSMIUM;SEASHELLS;9996;8
871500;SUBMISSION;;ASH_COATED_OSMIUM;SEASHELLS;9996;6
873500;;SUBMISSION;ASH_COATED_OSMIUM;SEASHELLS;10002;8
877700;SUBMISSION;;ASH_COATED_OSMIUM;SEASHELLS;9996;9
878200;;SUBMISSION;ASH_COATED_OSMIUM;SEASHELLS;10001;5
878600;;SUBMISSION;INTARIAN_PEPPER_ROOT;SEASHELLS;12882;5
879400;SUBMISSION;;ASH_COATED_OSMIUM;SEASHELLS;9997;4
884700;SUBMISSION;;ASH_COATED_OSMIUM;SEASHELLS;9999;4
884800;SUBMISSION;;ASH_COATED_OSMIUM;SEASHELLS;9995;5
885800;SUBMISSION;;INTARIAN_PEPPER_ROOT;SEASHELLS;12881;5
887000;SUBMISSION;;INTARIAN_PEPPER_ROOT;SEASHELLS;12889;11
890400;SUBMISSION;;ASH_COATED_OSMIUM;SEASHELLS;9997;3
891400;SUBMISSION;;INTARIAN_PEPPER_ROOT;SEASHELLS;12887;6
892200;SUBMISSION;;ASH_COATED_OSMIUM;SEASHELLS;9999;5
893400;SUBMISSION;;ASH_COATED_OSMIUM;SEASHELLS;9996;10
893500;SUBMISSION;;INTARIAN_PEPPER_ROOT;SEASHELLS;12889;3
895100;;SUBMISSION;INTARIAN_PEPPER_ROOT;SEASHELLS;12898;5
896700;SUBMISSION;;ASH_COATED_OSMIUM;SEASHELLS;10000;5
897000;SUBMISSION;;ASH_COATED_OSMIUM;SEASHELLS;9997;4
898300;SUBMISSION;;INTARIAN_PEPPER_ROOT;SEASHELLS;12894;8
898600;SUBMISSION;;ASH_COATED_OSMIUM;SEASHELLS;9997;5
900200;;SUBMISSION;ASH_COATED_OSMIUM;SEASHELLS;10001;4
903200;SUBMISSION;;ASH_COATED_OSMIUM;SEASHELLS;10000;8
904600;;SUBMISSION;ASH_COATED_OSMIUM;SEASHELLS;10005;4
906000;;SUBMISSION;ASH_COATED_OSMIUM;SEASHELLS;10001;5
907400;;SUBMISSION;ASH_COATED_OSMIUM;SEASHELLS;10008;7
908400;;SUBMISSION;ASH_COATED_OSMIUM;SEASHELLS;10009;6
908600;;SUBMISSION;ASH_COATED_OSMIUM;SEASHELLS;10006;4
908800;;SUBMISSION;ASH_COATED_OSMIUM;SEASHELLS;10001;14
908800;SUBMISSION;;INTARIAN_PEPPER_ROOT;SEASHELLS;12904;7
909100;SUBMISSION;;INTARIAN_PEPPER_ROOT;SEASHELLS;12905;3
909400;;SUBMISSION;ASH_COATED_OSMIUM;SEASHELLS;10001;15
909500;;SUBMISSION;ASH_COATED_OSMIUM;SEASHELLS;10001;14
909700;;SUBMISSION;ASH_COATED_OSMIUM;SEASHELLS;10001;2
912800;SUBMISSION;;INTARIAN_PEPPER_ROOT;SEASHELLS;12908;5
913800;SUBMISSION;;INTARIAN_PEPPER_ROOT;SEASHELLS;12909;7
914400;SUBMISSION;;INTARIAN_PEPPER_ROOT;SEASHELLS;12910;7
915000;SUBMISSION;;INTARIAN_PEPPER_ROOT;SEASHELLS;12911;7
916300;;SUBMISSION;INTARIAN_PEPPER_ROOT;SEASHELLS;12920;6
917000;;SUBMISSION;INTARIAN_PEPPER_ROOT;SEASHELLS;12920;4
920500;SUBMISSION;;INTARIAN_PEPPER_ROOT;SEASHELLS;12916;8
922000;SUBMISSION;;INTARIAN_PEPPER_ROOT;SEASHELLS;12918;6
925200;;SUBMISSION;INTARIAN_PEPPER_ROOT;SEASHELLS;12929;4
928800;SUBMISSION;;INTARIAN_PEPPER_ROOT;SEASHELLS;12924;5
937400;;SUBMISSION;INTARIAN_PEPPER_ROOT;SEASHELLS;12941;3
937600;SUBMISSION;;INTARIAN_PEPPER_ROOT;SEASHELLS;12933;3
938300;;SUBMISSION;INTARIAN_PEPPER_ROOT;SEASHELLS;12931;9
939400;;SUBMISSION;INTARIAN_PEPPER_ROOT;SEASHELLS;12943;8
949500;;SUBMISSION;INTARIAN_PEPPER_ROOT;SEASHELLS;12953;6
951600;SUBMISSION;;INTARIAN_PEPPER_ROOT;SEASHELLS;12947;5
958900;SUBMISSION;;INTARIAN_PEPPER_ROOT;SEASHELLS;12955;7
960600;SUBMISSION;;INTARIAN_PEPPER_ROOT;SEASHELLS;12956;5
963500;SUBMISSION;;INTARIAN_PEPPER_ROOT;SEASHELLS;12959;3
968200;SUBMISSION;;INTARIAN_PEPPER_ROOT;SEASHELLS;12964;6
969800;;SUBMISSION;INTARIAN_PEPPER_ROOT;SEASHELLS;12973;8
971300;;SUBMISSION;INTARIAN_PEPPER_ROOT;SEASHELLS;12975;3
971600;SUBMISSION;;INTARIAN_PEPPER_ROOT;SEASHELLS;12967;7
976600;SUBMISSION;;INTARIAN_PEPPER_ROOT;SEASHELLS;12972;7
978300;;SUBMISSION;INTARIAN_PEPPER_ROOT;SEASHELLS;12982;5
980400;SUBMISSION;;INTARIAN_PEPPER_ROOT;SEASHELLS;12976;8
984900;SUBMISSION;;INTARIAN_PEPPER_ROOT;SEASHELLS;12981;4
985800;SUBMISSION;;INTARIAN_PEPPER_ROOT;SEASHELLS;12981;5
986900;;SUBMISSION;INTARIAN_PEPPER_ROOT;SEASHELLS;12990;8
989200;;SUBMISSION;INTARIAN_PEPPER_ROOT;SEASHELLS;12993;8
989900;SUBMISSION;;INTARIAN_PEPPER_ROOT;SEASHELLS;12986;4
