timestamp;buyer;seller;symbol;currency;price;quantity
5200;SUBMISSION;;VELVETFRUIT_EXTRACT;SEASHELLS;5252;9
6100;;SUBMISSION;VELVETFRUIT_EXTRACT;SEASHELLS;5254;3
6200;;SUBMISSION;HYDROGEL_PACK;SEASHELLS;9953;5
14300;;SUBMISSION;VELVETFRUIT_EXTRACT;SEASHELLS;5237;6
14800;SUBMISSION;;VELVETFRUIT_EXTRACT;SEASHELLS;5233;6
15000;;SUBMISSION;HYDROGEL_PACK;SEASHELLS;9964;4
20200;SUBMISSION;;VELVETFRUIT_EXTRACT;SEASHELLS;5225;5
22800;SUBMISSION;;HYDROGEL_PACK;SEASHELLS;9948;6
24100;SUBMISSION;;VELVETFRUIT_EXTRACT;SEASHELLS;5233;11
30800;SUBMISSION;;HYDROGEL_PACK;SEASHELLS;9942;2
31400;;SUBMISSION;HYDROGEL_PACK;SEASHELLS;9951;3
31700;;SUBMISSION;VELVETFRUIT_EXTRACT;SEASHELLS;5236;4
32000;SUBMISSION;;HYDROGEL_PACK;SEASHELLS;9940;5
32600;;SUBMISSION;VELVETFRUIT_EXTRACT;SEASHELLS;5239;5
33600;SUBMISSION;;HYDROGEL_PACK;SEASHELLS;9950;6
37400;SUBMISSION;;HYDROGEL_PACK;SEASHELLS;9938;4
38700;SUBMISSION;;VELVETFRUIT_EXTRACT;SEASHELLS;5229;8
39800;SUBMISSION;;VELVETFRUIT_EXTRACT;SEASHELLS;5233;4
40900;;SUBMISSION;HYDROGEL_PACK;SEASHELLS;9948;5
41300;;SUBMISSION;HYDROGEL_PACK;SEASHELLS;9950;5
43900;SUBMISSION;;HYDROGEL_PACK;SEASHELLS;9954;6
45200;SUBMISSION;;HYDROGEL_PACK;SEASHELLS;9962;2
48300;SUBMISSION;;HYDROGEL_PACK;SEASHELLS;9961;3
52400;SUBMISSION;;HYDROGEL_PACK;SEASHELLS;9962;5
53000;SUBMISSION;;HYDROGEL_PACK;SEASHELLS;9962;4
59300;SUBMISSION;;HYDROGEL_PACK;SEASHELLS;9950;4
61100;;SUBMISSION;HYDROGEL_PACK;SEASHELLS;9959;2
61400;;SUBMISSION;HYDROGEL_PACK;SEASHELLS;9960;2
63200;;SUBMISSION;HYDROGEL_PACK;SEASHELLS;9948;5
64200;;SUBMISSION;VELVETFRUIT_EXTRACT;SEASHELLS;5244;6
64300;SUBMISSION;;HYDROGEL_PACK;SEASHELLS;9935;4
65400;SUBMISSION;;HYDROGEL_PACK;SEASHELLS;9932;4
65900;SUBMISSION;;HYDROGEL_PACK;SEASHELLS;9936;2
67300;SUBMISSION;;VELVETFRUIT_EXTRACT;SEASHELLS;5245;8
67700;;SUBMISSION;VELVETFRUIT_EXTRACT;SEASHELLS;5249;4
69500;SUBMISSION;;HYDROGEL_PACK;SEASHELLS;9953;2
73400;;SUBMISSION;VELVETFRUIT_EXTRACT;SEASHELLS;5237;2
73500;SUBMISSION;;HYDROGEL_PACK;SEASHELLS;9967;3
74300;;SUBMISSION;VELVETFRUIT_EXTRACT;SEASHELLS;5237;6
76600;;SUBMISSION;HYDROGEL_PACK;SEASHELLS;9993;3
77300;;SUBMISSION;VELVETFRUIT_EXTRACT;SEASHELLS;5240;8
78500;;SUBMISSION;HYDROGEL_PACK;SEASHELLS;9998;4
79000;SUBMISSION;;HYDROGEL_PACK;SEASHELLS;9983;3
79800;;SUBMISSION;HYDROGEL_PACK;SEASHELLS;9992;6
81300;SUBMISSION;;HYDROGEL_PACK;SEASHELLS;9971;6
81700;;SUBMISSION;HYDROGEL_PACK;SEASHELLS;9978;3
81900;;SUBMISSION;HYDROGEL_PACK;SEASHELLS;9976;2
82300;;SUBMISSION;HYDROGEL_PACK;SEASHELLS;9975;3
82300;SUBMISSION;;VELVETFRUIT_EXTRACT;SEASHELLS;5236;3
83200;;SUBMISSION;VELVETFRUIT_EXTRACT;SEASHELLS;5236;7
87900;SUBMISSION;;VELVETFRUIT_EXTRACT;SEASHELLS;5240;3
91100;;SUBMISSION;VELVETFRUIT_EXTRACT;SEASHELLS;5243;6
92000;;SUBMISSION;VELVETFRUIT_EXTRACT;SEASHELLS;5242;8
92100;SUBMISSION;;HYDROGEL_PACK;SEASHELLS;9956;4
92500;SUBMISSION;;HYDROGEL_PACK;SEASHELLS;9957;2
93700;;SUBMISSION;VELVETFRUIT_EXTRACT;SEASHELLS;5245;6
93800;;SUBMISSION;VELVETFRUIT_EXTRACT;SEASHELLS;5245;7
94400;;SUBMISSION;HYDROGEL_PACK;SEASHELLS;9971;4
97100;SUBMISSION;;HYDROGEL_PACK;SEASHELLS;9952;2
98600;;SUBMISSION;HYDROGEL_PACK;SEASHELLS;9960;2
99000;;SUBMISSION;HYDROGEL_PACK;SEASHELLS;9959;3
101400;SUBMISSION;;HYDROGEL_PACK;SEASHELLS;9937;5
101500;SUBMISSION;;HYDROGEL_PACK;SEASHELLS;9936;6
103100;;SUBMISSION;HYDROGEL_PACK;SEASHELLS;9951;4
107900;;SUBMISSION;VELVETFRUIT_EXTRACT;SEASHELLS;5266;3
109000;SUBMISSION;;VELVETFRUIT_EXTRACT;SEASHELLS;5265;12
109400;;SUBMISSION;VEV_5000;SEASHELLS;270;6
109400;;SUBMISSION;VEV_5000;SEASHELLS;269;15
109400;;SUBMISSION;VEV_5100;SEASHELLS;181;21
109500;;SUBMISSION;VEV_5100;SEASHELLS;181;30
109600;;SUBMISSION;VELVETFRUIT_EXTRACT;SEASHELLS;5268;20
109600;;SUBMISSION;VELVETFRUIT_EXTRACT;SEASHELLS;5267;10
109600;;SUBMISSION;VEV_4000;SEASHELLS;1259;8
109600;;SUBMISSION;VEV_4000;SEASHELLS;1257;16
109600;;SUBMISSION;VEV_4500;SEASHELLS;762;10
109600;;SUBMISSION;VEV_4500;SEASHELLS;760;20
109600;;SUBMISSION;VEV_5000;SEASHELLS;271;30
109600;;SUBMISSION;VEV_5100;SEASHELLS;182;30
109600;;SUBMISSION;VEV_5200;SEASHELLS;109;30
109700;;SUBMISSION;VELVETFRUIT_EXTRACT;SEASHELLS;5268;22
109700;;SUBMISSION;VELVETFRUIT_EXTRACT;SEASHELLS;5267;8
109700;;SUBMISSION;VEV_4000;SEASHELLS;1260;8
109700;;SUBMISSION;VEV_4000;SEASHELLS;1257;19
109700;;SUBMISSION;VEV_4500;SEASHELLS;762;12
109700;;SUBMISSION;VEV_4500;SEASHELLS;760;18
109700;;SUBMISSION;VEV_5000;SEASHELLS;272;12
109700;;SUBMISSION;VEV_5000;SEASHELLS;271;18
109700;;SUBMISSION;VEV_5100;SEASHELLS;183;12
109700;;SUBMISSION;VEV_5100;SEASHELLS;182;18
109700;;SUBMISSION;VEV_5200;SEASHELLS;109;30
109800;;SUBMISSION;VELVETFRUIT_EXTRACT;SEASHELLS;5269;22
109800;;SUBMISSION;VELVETFRUIT_EXTRACT;SEASHELLS;5268;8
109800;;SUBMISSION;VEV_4000;SEASHELLS;1261;9
109800;;SUBMISSION;VEV_4000;SEASHELLS;1258;20
109800;;SUBMISSION;VEV_4500;SEASHELLS;763;8
109800;;SUBMISSION;VEV_4500;SEASHELLS;761;15
109800;;SUBMISSION;VEV_5000;SEASHELLS;272;23
109800;;SUBMISSION;VEV_5100;SEASHELLS;183;23
109800;;SUBMISSION;VEV_5200;SEASHELLS;110;8
109800;;SUBMISSION;VEV_5200;SEASHELLS;109;15
109900;;SUBMISSION;VELVETFRUIT_EXTRACT;SEASHELLS;5268;20
109900;;SUBMISSION;VELVETFRUIT_EXTRACT;SEASHELLS;5267;10
109900;;SUBMISSION;VEV_4000;SEASHELLS;1259;11
109900;;SUBMISSION;VEV_4000;SEASHELLS;1257;19
109900;;SUBMISSION;VEV_4500;SEASHELLS;762;10
109900;;SUBMISSION;VEV_4500;SEASHELLS;760;20
109900;;SUBMISSION;VEV_5000;SEASHELLS;271;30
109900;;SUBMISSION;VEV_5100;SEASHELLS;182;30
109900;;SUBMISSION;VEV_5200;SEASHELLS;109;30
110000;;SUBMISSION;VELVETFRUIT_EXTRACT;SEASHELLS;5267;30
110000;;SUBMISSION;VEV_4000;SEASHELLS;1259;8
110000;;SUBMISSION;VEV_4000;SEASHELLS;1257;22
110000;;SUBMISSION;VEV_4500;SEASHELLS;762;10
110000;;SUBMISSION;VEV_4500;SEASHELLS;760;12
110000;;SUBMISSION;VEV_5000;SEASHELLS;271;10
110000;;SUBMISSION;VEV_5000;SEASHELLS;270;12
110000;;SUBMISSION;VEV_5100;SEASHELLS;182;22
110000;;SUBMISSION;VEV_5200;SEASHELLS;109;22
110100;SUBMISSION;;VELVETFRUIT_EXTRACT;SEASHELLS;5269;4
110400;;SUBMISSION;VEV_5100;SEASHELLS;181;7
110400;;SUBMISSION;VEV_5100;SEASHELLS;180;14
112000;SUBMISSION;;VELVETFRUIT_EXTRACT;SEASHELLS;5264;3
112700;SUBMISSION;;HYDROGEL_PACK;SEASHELLS;9949;2
113900;;SUBMISSION;HYDROGEL_PACK;SEASHELLS;9954;2
115500;SUBMISSION;;HYDROGEL_PACK;SEASHELLS;9938;3
118800;SUBMISSION;;VELVETFRUIT_EXTRACT;SEASHELLS;5261;3
119400;;SUBMISSION;HYDROGEL_PACK;SEASHELLS;9960;3
120700;;SUBMISSION;HYDROGEL_PACK;SEASHELLS;9956;2
123300;SUBMISSION;;VELVETFRUIT_EXTRACT;SEASHELLS;5266;7
126000;;SUBMISSION;HYDROGEL_PACK;SEASHELLS;9951;4
129500;;SUBMISSION;HYDROGEL_PACK;SEASHELLS;9965;6
129800;SUBMISSION;;HYDROGEL_PACK;SEASHELLS;9953;4
130800;SUBMISSION;;HYDROGEL_PACK;SEASHELLS;9948;5
131300;SUBMISSION;;VELVETFRUIT_EXTRACT;SEASHELLS;5267;5
131800;SUBMISSION;;VELVETFRUIT_EXTRACT;SEASHELLS;5265;5
133100;SUBMISSION;;VEV_4000;SEASHELLS;1255;3
133700;SUBMISSION;;HYDROGEL_PACK;SEASHELLS;9949;4
134000;SUBMISSION;;VELVETFRUIT_EXTRACT;SEASHELLS;5267;8
134500;SUBMISSION;;HYDROGEL_PACK;SEASHELLS;9945;6
135500;SUBMISSION;;VELVETFRUIT_EXTRACT;SEASHELLS;5260;7
137000;SUBMISSION;;VEV_4000;SEASHELLS;1254;3
137300;SUBMISSION;;VEV_4000;SEASHELLS;1253;3
137800;SUBMISSION;;HYDROGEL_PACK;SEASHELLS;9944;3
138000;SUBMISSION;;VELVETFRUIT_EXTRACT;SEASHELLS;5257;7
138100;;SUBMISSION;HYDROGEL_PACK;SEASHELLS;9956;2
144500;SUBMISSION;;VELVETFRUIT_EXTRACT;SEASHELLS;5261;5
145600;;SUBMISSION;HYDROGEL_PACK;SEASHELLS;9960;5
146500;;SUBMISSION;HYDROGEL_PACK;SEASHELLS;9961;6
146700;SUBMISSION;;VELVETFRUIT_EXTRACT;SEASHELLS;5263;7
147900;SUBMISSION;;VEV_4000;SEASHELLS;1258;1
148000;;SUBMISSION;HYDROGEL_PACK;SEASHELLS;9970;3
148300;SUBMISSION;;VELVETFRUIT_EXTRACT;SEASHELLS;5267;4
151100;SUBMISSION;;HYDROGEL_PACK;SEASHELLS;9946;4
151200;SUBMISSION;;HYDROGEL_PACK;SEASHELLS;9945;6
151400;SUBMISSION;;VELVETFRUIT_EXTRACT;SEASHELLS;5264;7
152700;SUBMISSION;;HYDROGEL_PACK;SEASHELLS;9945;5
154100;SUBMISSION;;VEV_4000;SEASHELLS;1244;3
155900;;SUBMISSION;HYDROGEL_PACK;SEASHELLS;9963;4
156200;SUBMISSION;;VEV_4000;SEASHELLS;1239;1
156400;SUBMISSION;;HYDROGEL_PACK;SEASHELLS;9951;6
159900;SUBMISSION;;HYDROGEL_PACK;SEASHELLS;9962;3
161200;SUBMISSION;;HYDROGEL_PACK;SEASHELLS;9957;6
164000;SUBMISSION;;VELVETFRUIT_EXTRACT;SEASHELLS;5253;5
164300;;SUBMISSION;HYDROGEL_PACK;SEASHELLS;9971;5
165500;SUBMISSION;;VELVETFRUIT_EXTRACT;SEASHELLS;5251;4
167300;SUBMISSION;;HYDROGEL_PACK;SEASHELLS;9958;3
167600;SUBMISSION;;VELVETFRUIT_EXTRACT;SEASHELLS;5252;6
167600;SUBMISSION;;VEV_4000;SEASHELLS;1244;2
168400;SUBMISSION;;VELVETFRUIT_EXTRACT;SEASHELLS;5250;3
171400;;SUBMISSION;HYDROGEL_PACK;SEASHELLS;9990;6
171700;SUBMISSION;;VELVETFRUIT_EXTRACT;SEASHELLS;5250;7
172400;SUBMISSION;;VEV_4000;SEASHELLS;1240;1
174200;;SUBMISSION;HYDROGEL_PACK;SEASHELLS;9985;5
174400;;SUBMISSION;HYDROGEL_PACK;SEASHELLS;9989;6
178000;SUBMISSION;;HYDROGEL_PACK;SEASHELLS;9989;3
179200;SUBMISSION;;VELVETFRUIT_EXTRACT;SEASHELLS;5245;4
181700;;SUBMISSION;HYDROGEL_PACK;SEASHELLS;10008;10
181700;;SUBMISSION;HYDROGEL_PACK;SEASHELLS;10006;20
181800;;SUBMISSION;HYDROGEL_PACK;SEASHELLS;10008;12
181800;;SUBMISSION;HYDROGEL_PACK;SEASHELLS;10005;18
181900;;SUBMISSION;HYDROGEL_PACK;SEASHELLS;10007;12
181900;;SUBMISSION;HYDROGEL_PACK;SEASHELLS;10005;18
182000;;SUBMISSION;HYDROGEL_PACK;SEASHELLS;10010;11
182000;;SUBMISSION;HYDROGEL_PACK;SEASHELLS;10008;19
182100;;SUBMISSION;HYDROGEL_PACK;SEASHELLS;10012;15
182100;;SUBMISSION;HYDROGEL_PACK;SEASHELLS;10010;15
182100;SUBMISSION;;HYDROGEL_PACK;SEASHELLS;10016;3
182200;;SUBMISSION;HYDROGEL_PACK;SEASHELLS;10012;11
182200;;SUBMISSION;HYDROGEL_PACK;SEASHELLS;10009;19
182300;;SUBMISSION;HYDROGEL_PACK;SEASHELLS;10010;12
182300;;SUBMISSION;HYDROGEL_PACK;SEASHELLS;10008;18
182400;;SUBMISSION;HYDROGEL_PACK;SEASHELLS;10009;15
182400;;SUBMISSION;HYDROGEL_PACK;SEASHELLS;10007;2
182800;SUBMISSION;;HYDROGEL_PACK;SEASHELLS;10016;5
182900;;SUBMISSION;HYDROGEL_PACK;SEASHELLS;10008;5
188400;SUBMISSION;;HYDROGEL_PACK;SEASHELLS;10027;4
188500;;SUBMISSION;HYDROGEL_PACK;SEASHELLS;10021;4
188800;SUBMISSION;;VELVETFRUIT_EXTRACT;SEASHELLS;5233;6
190600;SUBMISSION;;VELVETFRUIT_EXTRACT;SEASHELLS;5236;6
191100;SUBMISSION;;VELVETFRUIT_EXTRACT;SEASHELLS;5239;8
192600;SUBMISSION;;VELVETFRUIT_EXTRACT;SEASHELLS;5233;3
192800;SUBMISSION;;HYDROGEL_PACK;SEASHELLS;10012;5
194400;SUBMISSION;;VELVETFRUIT_EXTRACT;SEASHELLS;5235;5
196700;SUBMISSION;;VEV_4000;SEASHELLS;1227;1
197600;SUBMISSION;;VELVETFRUIT_EXTRACT;SEASHELLS;5237;9
199400;;SUBMISSION;HYDROGEL_PACK;SEASHELLS;10013;5
203200;SUBMISSION;;HYDROGEL_PACK;SEASHELLS;10020;6
203600;;SUBMISSION;HYDROGEL_PACK;SEASHELLS;10014;6
205400;SUBMISSION;;VELVETFRUIT_EXTRACT;SEASHELLS;5243;13
206800;SUBMISSION;;VELVETFRUIT_EXTRACT;SEASHELLS;5242;6
207600;;SUBMISSION;VELVETFRUIT_EXTRACT;SEASHELLS;5250;4
210300;SUBMISSION;;VELVETFRUIT_EXTRACT;SEASHELLS;5251;5
210600;SUBMISSION;;HYDROGEL_PACK;SEASHELLS;9996;5
211100;SUBMISSION;;HYDROGEL_PACK;SEASHELLS;10002;6
213700;;SUBMISSION;VELVETFRUIT_EXTRACT;SEASHELLS;5258;5
214400;SUBMISSION;;VELVETFRUIT_EXTRACT;SEASHELLS;5251;3
215000;SUBMISSION;;VELVETFRUIT_EXTRACT;SEASHELLS;5250;4
217100;;SUBMISSION;VELVETFRUIT_EXTRACT;SEASHELLS;5256;4
218900;SUBMISSION;;VELVETFRUIT_EXTRACT;SEASHELLS;5250;8
221800;SUBMISSION;;VELVETFRUIT_EXTRACT;SEASHELLS;5242;7
222900;SUBMISSION;;VEV_4000;SEASHELLS;1239;3
225100;;SUBMISSION;VELVETFRUIT_EXTRACT;SEASHELLS;5253;5
226100;SUBMISSION;;HYDROGEL_PACK;SEASHELLS;9980;5
235900;SUBMISSION;;HYDROGEL_PACK;SEASHELLS;10003;3
237900;;SUBMISSION;VELVETFRUIT_EXTRACT;SEASHELLS;5253;6
239400;SUBMISSION;;VELVETFRUIT_EXTRACT;SEASHELLS;5252;6
239600;SUBMISSION;;HYDROGEL_PACK;SEASHELLS;10011;4
240200;;SUBMISSION;VELVETFRUIT_EXTRACT;SEASHELLS;5257;3
240600;SUBMISSION;;HYDROGEL_PACK;SEASHELLS;10018;3
241900;SUBMISSION;;HYDROGEL_PACK;SEASHELLS;10010;2
245600;;SUBMISSION;VELVETFRUIT_EXTRACT;SEASHELLS;5255;6
248300;SUBMISSION;;VELVETFRUIT_EXTRACT;SEASHELLS;5258;5
250500;SUBMISSION;;VELVETFRUIT_EXTRACT;SEASHELLS;5261;4
250600;SUBMISSION;;VEV_4000;SEASHELLS;1254;2
251200;SUBMISSION;;VELVETFRUIT_EXTRACT;SEASHELLS;5263;8
252400;;SUBMISSION;VELVETFRUIT_EXTRACT;SEASHELLS;5266;6
252500;SUBMISSION;;HYDROGEL_PACK;SEASHELLS;9993;3
253900;;SUBMISSION;VELVETFRUIT_EXTRACT;SEASHELLS;5265;3
255000;SUBMISSION;;HYDROGEL_PACK;SEASHELLS;9986;4
255300;SUBMISSION;;HYDROGEL_PACK;SEASHELLS;9979;2
255400;SUBMISSION;;HYDROGEL_PACK;SEASHELLS;9979;3
262200;SUBMISSION;;VELVETFRUIT_EXTRACT;SEASHELLS;5251;4
263900;;SUBMISSION;VELVETFRUIT_EXTRACT;SEASHELLS;5256;7
265600;SUBMISSION;;VELVETFRUIT_EXTRACT;SEASHELLS;5249;5
265700;SUBMISSION;;VELVETFRUIT_EXTRACT;SEASHELLS;5247;14
265800;;SUBMISSION;VELVETFRUIT_EXTRACT;SEASHELLS;5251;7
265900;SUBMISSION;;VEV_4000;SEASHELLS;1242;1
266500;;SUBMISSION;VELVETFRUIT_EXTRACT;SEASHELLS;5252;5
267400;;SUBMISSION;VELVETFRUIT_EXTRACT;SEASHELLS;5252;3
268700;;SUBMISSION;VELVETFRUIT_EXTRACT;SEASHELLS;5250;5
269300;SUBMISSION;;HYDROGEL_PACK;SEASHELLS;9977;3
269300;SUBMISSION;;VELVETFRUIT_EXTRACT;SEASHELLS;5248;5
271600;SUBMISSION;;VEV_4000;SEASHELLS;1250;1
274900;SUBMISSION;;VELVETFRUIT_EXTRACT;SEASHELLS;5256;13
275300;;SUBMISSION;VELVETFRUIT_EXTRACT;SEASHELLS;5258;8
276500;;SUBMISSION;VELVETFRUIT_EXTRACT;SEASHELLS;5254;7
277400;;SUBMISSION;VELVETFRUIT_EXTRACT;SEASHELLS;5253;4
278300;;SUBMISSION;VELVETFRUIT_EXTRACT;SEASHELLS;5257;5
279600;;SUBMISSION;VELVETFRUIT_EXTRACT;SEASHELLS;5259;4
281100;SUBMISSION;;HYDROGEL_PACK;SEASHELLS;9957;3
282000;SUBMISSION;;VELVETFRUIT_EXTRACT;SEASHELLS;5256;10
282200;SUBMISSION;;VELVETFRUIT_EXTRACT;SEASHELLS;5261;7
283400;;SUBMISSION;VELVETFRUIT_EXTRACT;SEASHELLS;5258;7
285400;SUBMISSION;;HYDROGEL_PACK;SEASHELLS;9969;5
286300;;SUBMISSION;VELVETFRUIT_EXTRACT;SEASHELLS;5265;6
289100;;SUBMISSION;VELVETFRUIT_EXTRACT;SEASHELLS;5270;5
292000;;SUBMISSION;VEV_4000;SEASHELLS;1272;3
292000;;SUBMISSION;VEV_4000;SEASHELLS;1262;14
292000;;SUBMISSION;VEV_4000;SEASHELLS;1259;13
292400;;SUBMISSION;VELVETFRUIT_EXTRACT;SEASHELLS;5274;8
292800;SUBMISSION;;HYDROGEL_PACK;SEASHELLS;9955;6
294400;;SUBMISSION;VEV_5100;SEASHELLS;186;12
294400;;SUBMISSION;VEV_5100;SEASHELLS;185;18
294500;;SUBMISSION;VELVETFRUIT_EXTRACT;SEASHELLS;5275;25
294500;;SUBMISSION;VELVETFRUIT_EXTRACT;SEASHELLS;5274;5
294500;;SUBMISSION;VEV_5000;SEASHELLS;277;6
294500;;SUBMISSION;VEV_5000;SEASHELLS;276;22
294500;;SUBMISSION;VEV_5100;SEASHELLS;188;6
294500;;SUBMISSION;VEV_5100;SEASHELLS;187;22
294600;;SUBMISSION;VELVETFRUIT_EXTRACT;SEASHELLS;5275;18
294600;;SUBMISSION;VELVETFRUIT_EXTRACT;SEASHELLS;5274;12
294600;;SUBMISSION;VEV_4000;SEASHELLS;1267;9
294600;;SUBMISSION;VEV_4000;SEASHELLS;1264;18
294600;;SUBMISSION;VEV_4500;SEASHELLS;769;12
294600;;SUBMISSION;VEV_4500;SEASHELLS;767;18
294600;;SUBMISSION;VEV_5000;SEASHELLS;277;30
294600;;SUBMISSION;VEV_5100;SEASHELLS;188;30
294600;;SUBMISSION;VEV_5200;SEASHELLS;113;12
294600;;SUBMISSION;VEV_5200;SEASHELLS;112;18
294600;;SUBMISSION;VEV_5300;SEASHELLS;59;6
294600;;SUBMISSION;VEV_5300;SEASHELLS;58;12
294700;;SUBMISSION;VELVETFRUIT_EXTRACT;SEASHELLS;5275;30
294700;;SUBMISSION;VEV_4000;SEASHELLS;1267;11
294700;;SUBMISSION;VEV_4000;SEASHELLS;1264;19
294700;;SUBMISSION;VEV_4500;SEASHELLS;769;6
294700;;SUBMISSION;VEV_4500;SEASHELLS;768;17
294700;;SUBMISSION;VEV_5000;SEASHELLS;278;6
294700;;SUBMISSION;VEV_5000;SEASHELLS;277;17
294700;;SUBMISSION;VEV_5200;SEASHELLS;113;23
294700;;SUBMISSION;VEV_5300;SEASHELLS;59;10
294700;;SUBMISSION;VEV_5300;SEASHELLS;58;12
294800;;SUBMISSION;VELVETFRUIT_EXTRACT;SEASHELLS;5275;21
294800;;SUBMISSION;VELVETFRUIT_EXTRACT;SEASHELLS;5274;9
294800;;SUBMISSION;VEV_4000;SEASHELLS;1267;8
294800;;SUBMISSION;VEV_4000;SEASHELLS;1264;22
294800;;SUBMISSION;VEV_4500;SEASHELLS;769;8
294800;;SUBMISSION;VEV_4500;SEASHELLS;767;17
294800;;SUBMISSION;VEV_5000;SEASHELLS;277;25
294800;;SUBMISSION;VEV_5200;SEASHELLS;113;8
294800;;SUBMISSION;VEV_5200;SEASHELLS;112;17
295600;;SUBMISSION;VEV_4000;SEASHELLS;1274;4
295600;;SUBMISSION;VEV_4000;SEASHELLS;1264;12
295600;;SUBMISSION;VEV_4000;SEASHELLS;1261;14
295600;;SUBMISSION;VEV_4500;SEASHELLS;774;4
295600;;SUBMISSION;VEV_4500;SEASHELLS;766;12
295600;;SUBMISSION;VEV_4500;SEASHELLS;764;14
296900;SUBMISSION;;VELVETFRUIT_EXTRACT;SEASHELLS;5274;5
297500;SUBMISSION;;VEV_4000;SEASHELLS;1267;1
298100;SUBMISSION;;VELVETFRUIT_EXTRACT;SEASHELLS;5269;15
302400;SUBMISSION;;HYDROGEL_PACK;SEASHELLS;9940;6
304200;SUBMISSION;;HYDROGEL_PACK;SEASHELLS;9948;2
308000;SUBMISSION;;HYDROGEL_PACK;SEASHELLS;9948;3
308100;SUBMISSION;;HYDROGEL_PACK;SEASHELLS;9950;4
310500;SUBMISSION;;VELVETFRUIT_EXTRACT;SEASHELLS;5266;11
310600;SUBMISSION;;VELVETFRUIT_EXTRACT;SEASHELLS;5267;3
314500;SUBMISSION;;VELVETFRUIT_EXTRACT;SEASHELLS;5254;4
317100;SUBMISSION;;HYDROGEL_PACK;SEASHELLS;9933;4
322600;SUBMISSION;;VEV_5200;SEASHELLS;99;4
325300;SUBMISSION;;VEV_4000;SEASHELLS;1242;2
327600;SUBMISSION;;HYDROGEL_PACK;SEASHELLS;9932;5
328000;SUBMISSION;;VEV_4000;SEASHELLS;1248;1
328400;SUBMISSION;;VEV_4000;SEASHELLS;1245;1
328500;SUBMISSION;;VELVETFRUIT_EXTRACT;SEASHELLS;5252;4
331400;SUBMISSION;;VEV_4000;SEASHELLS;1237;1
333100;SUBMISSION;;VELVETFRUIT_EXTRACT;SEASHELLS;5239;4
334900;SUBMISSION;;VEV_4000;SEASHELLS;1242;1
335300;SUBMISSION;;HYDROGEL_PACK;SEASHELLS;9948;5
335300;SUBMISSION;;VELVETFRUIT_EXTRACT;SEASHELLS;5248;3
338100;SUBMISSION;;HYDROGEL_PACK;SEASHELLS;9935;3
339500;SUBMISSION;;HYDROGEL_PACK;SEASHELLS;9936;3
340500;SUBMISSION;;VELVETFRUIT_EXTRACT;SEASHELLS;5249;9
342000;SUBMISSION;;VELVETFRUIT_EXTRACT;SEASHELLS;5251;6
342400;SUBMISSION;;HYDROGEL_PACK;SEASHELLS;9948;5
344000;SUBMISSION;;HYDROGEL_PACK;SEASHELLS;9956;5
345700;SUBMISSION;;VELVETFRUIT_EXTRACT;SEASHELLS;5247;7
348500;SUBMISSION;;HYDROGEL_PACK;SEASHELLS;9967;5
356800;SUBMISSION;;VEV_4000;SEASHELLS;1239;2
358100;SUBMISSION;;VELVETFRUIT_EXTRACT;SEASHELLS;5247;6
358300;SUBMISSION;;VEV_4000;SEASHELLS;1242;3
360600;SUBMISSION;;HYDROGEL_PACK;SEASHELLS;9955;2
362700;SUBMISSION;;HYDROGEL_PACK;SEASHELLS;9965;3
363100;;SUBMISSION;HYDROGEL_PACK;SEASHELLS;9982;4
364900;SUBMISSION;;VELVETFRUIT_EXTRACT;SEASHELLS;5253;7
365000;SUBMISSION;;VEV_4000;SEASHELLS;1247;2
365600;SUBMISSION;;VELVETFRUIT_EXTRACT;SEASHELLS;5252;8
371400;SUBMISSION;;HYDROGEL_PACK;SEASHELLS;9957;2
373700;SUBMISSION;;HYDROGEL_PACK;SEASHELLS;9958;5
374100;SUBMISSION;;VELVETFRUIT_EXTRACT;SEASHELLS;5255;6
374400;SUBMISSION;;VELVETFRUIT_EXTRACT;SEASHELLS;5255;4
374800;SUBMISSION;;VEV_4000;SEASHELLS;1246;3
375100;SUBMISSION;;HYDROGEL_PACK;SEASHELLS;9950;2
376300;SUBMISSION;;VEV_4000;SEASHELLS;1240;2
376600;SUBMISSION;;VEV_5300;SEASHELLS;47;5
377900;SUBMISSION;;VEV_5300;SEASHELLS;48;2
380900;SUBMISSION;;VELVETFRUIT_EXTRACT;SEASHELLS;5252;8
383700;SUBMISSION;;VELVETFRUIT_EXTRACT;SEASHELLS;5247;7
384200;SUBMISSION;;VEV_4000;SEASHELLS;1243;1
384500;SUBMISSION;;VEV_4000;SEASHELLS;1242;3
385900;SUBMISSION;;VELVETFRUIT_EXTRACT;SEASHELLS;5246;3
386000;SUBMISSION;;VELVETFRUIT_EXTRACT;SEASHELLS;5245;8
390800;SUBMISSION;;VEV_4000;SEASHELLS;1237;3
392300;SUBMISSION;;VELVETFRUIT_EXTRACT;SEASHELLS;5243;5
393000;SUBMISSION;;VELVETFRUIT_EXTRACT;SEASHELLS;5243;4
393900;SUBMISSION;;VELVETFRUIT_EXTRACT;SEASHELLS;5242;6
394700;SUBMISSION;;VELVETFRUIT_EXTRACT;SEASHELLS;5238;8
394800;SUBMISSION;;HYDROGEL_PACK;SEASHELLS;9944;5
396000;;SUBMISSION;VELVETFRUIT_EXTRACT;SEASHELLS;5245;8
396200;SUBMISSION;;VELVETFRUIT_EXTRACT;SEASHELLS;5241;7
396300;;SUBMISSION;HYDROGEL_PACK;SEASHELLS;9955;4
398400;SUBMISSION;;VELVETFRUIT_EXTRACT;SEASHELLS;5236;6
399900;SUBMISSION;;VEV_4000;SEASHELLS;1235;1
401900;SUBMISSION;;VELVETFRUIT_EXTRACT;SEASHELLS;5243;8
403600;SUBMISSION;;HYDROGEL_PACK;SEASHELLS;9926;6
404200;;SUBMISSION;VELVETFRUIT_EXTRACT;SEASHELLS;5246;4
406400;;SUBMISSION;VELVETFRUIT_EXTRACT;SEASHELLS;5245;5
407900;SUBMISSION;;VELVETFRUIT_EXTRACT;SEASHELLS;5239;12
409300;SUBMISSION;;HYDROGEL_PACK;SEASHELLS;9932;6
410600;;SUBMISSION;VELVETFRUIT_EXTRACT;SEASHELLS;5238;6
411200;;SUBMISSION;VELVETFRUIT_EXTRACT;SEASHELLS;5235;7
411300;;SUBMISSION;VELVETFRUIT_EXTRACT;SEASHELLS;5235;7
414000;;SUBMISSION;HYDROGEL_PACK;SEASHELLS;9961;2
414400;SUBMISSION;;HYDROGEL_PACK;SEASHELLS;9948;3
414800;SUBMISSION;;HYDROGEL_PACK;SEASHELLS;9943;3
415700;;SUBMISSION;VELVETFRUIT_EXTRACT;SEASHELLS;5233;3
419900;;SUBMISSION;VELVETFRUIT_EXTRACT;SEASHELLS;5230;6
421500;SUBMISSION;;HYDROGEL_PACK;SEASHELLS;9950;3
424500;;SUBMISSION;VELVETFRUIT_EXTRACT;SEASHELLS;5234;7
426800;SUBMISSION;;VELVETFRUIT_EXTRACT;SEASHELLS;5233;8
427000;SUBMISSION;;HYDROGEL_PACK;SEASHELLS;9953;2
427600;;SUBMISSION;VELVETFRUIT_EXTRACT;SEASHELLS;5236;8
431000;;SUBMISSION;VELVETFRUIT_EXTRACT;SEASHELLS;5232;5
435300;SUBMISSION;;VELVETFRUIT_EXTRACT;SEASHELLS;5226;8
438000;SUBMISSION;;VELVETFRUIT_EXTRACT;SEASHELLS;5231;7
441200;SUBMISSION;;HYDROGEL_PACK;SEASHELLS;9916;13
441200;SUBMISSION;;HYDROGEL_PACK;SEASHELLS;9919;17
441300;SUBMISSION;;HYDROGEL_PACK;SEASHELLS;9918;10
441300;SUBMISSION;;HYDROGEL_PACK;SEASHELLS;9921;20
441300;SUBMISSION;;HYDROGEL_PACK;SEASHELLS;9904;2
443600;SUBMISSION;;HYDROGEL_PACK;SEASHELLS;9910;2
444000;SUBMISSION;;VEV_4000;SEASHELLS;1234;3
444300;SUBMISSION;;VELVETFRUIT_EXTRACT;SEASHELLS;5239;7
445900;;SUBMISSION;VELVETFRUIT_EXTRACT;SEASHELLS;5248;4
448100;;SUBMISSION;VELVETFRUIT_EXTRACT;SEASHELLS;5253;3
448700;SUBMISSION;;VEV_4000;SEASHELLS;1243;3
450000;SUBMISSION;;HYDROGEL_PACK;SEASHELLS;9933;5
453500;SUBMISSION;;VELVETFRUIT_EXTRACT;SEASHELLS;5246;8
453600;;SUBMISSION;VELVETFRUIT_EXTRACT;SEASHELLS;5251;4
454800;SUBMISSION;;VELVETFRUIT_EXTRACT;SEASHELLS;5246;3
455200;SUBMISSION;;VELVETFRUIT_EXTRACT;SEASHELLS;5245;6
457700;SUBMISSION;;HYDROGEL_PACK;SEASHELLS;9916;4
458400;;SUBMISSION;VELVETFRUIT_EXTRACT;SEASHELLS;5247;3
459900;;SUBMISSION;VELVETFRUIT_EXTRACT;SEASHELLS;5251;8
459900;SUBMISSION;;VEV_4000;SEASHELLS;1243;2
460400;SUBMISSION;;VEV_5300;SEASHELLS;48;3
460400;SUBMISSION;;VEV_5400;SEASHELLS;16;1
460700;;SUBMISSION;VELVETFRUIT_EXTRACT;SEASHELLS;5253;6
462300;;SUBMISSION;VELVETFRUIT_EXTRACT;SEASHELLS;5258;8
462500;;SUBMISSION;HYDROGEL_PACK;SEASHELLS;9930;2
464200;SUBMISSION;;VEV_4000;SEASHELLS;1245;1
465300;;SUBMISSION;VELVETFRUIT_EXTRACT;SEASHELLS;5254;8
468000;SUBMISSION;;VELVETFRUIT_EXTRACT;SEASHELLS;5248;3
469300;SUBMISSION;;VELVETFRUIT_EXTRACT;SEASHELLS;5253;6
469600;SUBMISSION;;VELVETFRUIT_EXTRACT;SEASHELLS;5253;7
470400;;SUBMISSION;VELVETFRUIT_EXTRACT;SEASHELLS;5256;4
472600;SUBMISSION;;VELVETFRUIT_EXTRACT;SEASHELLS;5250;3
475500;SUBMISSION;;VEV_4000;SEASHELLS;1248;1
476200;;SUBMISSION;HYDROGEL_PACK;SEASHELLS;9957;3
477600;SUBMISSION;;HYDROGEL_PACK;SEASHELLS;9942;5
477900;;SUBMISSION;VELVETFRUIT_EXTRACT;SEASHELLS;5257;5
478900;SUBMISSION;;VELVETFRUIT_EXTRACT;SEASHELLS;5251;4
479100;;SUBMISSION;HYDROGEL_PACK;SEASHELLS;9971;5
480900;SUBMISSION;;VEV_4000;SEASHELLS;1243;2
483800;SUBMISSION;;VELVETFRUIT_EXTRACT;SEASHELLS;5239;7
485300;SUBMISSION;;HYDROGEL_PACK;SEASHELLS;9954;3
486400;SUBMISSION;;VELVETFRUIT_EXTRACT;SEASHELLS;5240;7
489600;SUBMISSION;;HYDROGEL_PACK;SEASHELLS;9951;4
489700;SUBMISSION;;VELVETFRUIT_EXTRACT;SEASHELLS;5238;6
489700;SUBMISSION;;VEV_5300;SEASHELLS;44;4
490900;;SUBMISSION;VELVETFRUIT_EXTRACT;SEASHELLS;5245;5
491100;SUBMISSION;;VEV_4000;SEASHELLS;1237;3
493900;SUBMISSION;;VELVETFRUIT_EXTRACT;SEASHELLS;5238;3
494500;;SUBMISSION;HYDROGEL_PACK;SEASHELLS;9972;4
494700;SUBMISSION;;VEV_4000;SEASHELLS;1232;2
495300;SUBMISSION;;HYDROGEL_PACK;SEASHELLS;9967;5
496300;SUBMISSION;;VEV_4000;SEASHELLS;1234;2
498200;SUBMISSION;;VELVETFRUIT_EXTRACT;SEASHELLS;5240;6
498200;;SUBMISSION;VELVETFRUIT_EXTRACT;SEASHELLS;5241;5
499900;SUBMISSION;;HYDROGEL_PACK;SEASHELLS;9992;6
500800;SUBMISSION;;HYDROGEL_PACK;SEASHELLS;9989;4
501400;SUBMISSION;;HYDROGEL_PACK;SEASHELLS;9989;6
502000;SUBMISSION;;HYDROGEL_PACK;SEASHELLS;9987;3
503500;SUBMISSION;;HYDROGEL_PACK;SEASHELLS;9996;6
503500;SUBMISSION;;VEV_4000;SEASHELLS;1244;3
507200;;SUBMISSION;HYDROGEL_PACK;SEASHELLS;10009;4
507800;SUBMISSION;;HYDROGEL_PACK;SEASHELLS;9993;6
509100;SUBMISSION;;VEV_4000;SEASHELLS;1254;3
509900;SUBMISSION;;HYDROGEL_PACK;SEASHELLS;10006;5
513200;;SUBMISSION;HYDROGEL_PACK;SEASHELLS;10007;5
515200;SUBMISSION;;HYDROGEL_PACK;SEASHELLS;10001;4
517900;SUBMISSION;;VEV_4000;SEASHELLS;1253;1
519000;SUBMISSION;;HYDROGEL_PACK;SEASHELLS;10003;5
519100;SUBMISSION;;VEV_4000;SEASHELLS;1250;2
519400;;SUBMISSION;HYDROGEL_PACK;SEASHELLS;10014;2
519500;SUBMISSION;;VEV_5300;SEASHELLS;51;4
520400;;SUBMISSION;HYDROGEL_PACK;SEASHELLS;10016;2
520500;SUBMISSION;;VELVETFRUIT_EXTRACT;SEASHELLS;5257;4
521100;SUBMISSION;;VEV_4000;SEASHELLS;1252;2
521800;;SUBMISSION;VELVETFRUIT_EXTRACT;SEASHELLS;5264;3
522800;;SUBMISSION;HYDROGEL_PACK;SEASHELLS;10013;10
522800;;SUBMISSION;HYDROGEL_PACK;SEASHELLS;10010;20
523000;;SUBMISSION;HYDROGEL_PACK;SEASHELLS;10014;15
523000;;SUBMISSION;HYDROGEL_PACK;SEASHELLS;10011;15
523100;;SUBMISSION;HYDROGEL_PACK;SEASHELLS;10013;15
523100;;SUBMISSION;HYDROGEL_PACK;SEASHELLS;10011;15
523300;;SUBMISSION;VELVETFRUIT_EXTRACT;SEASHELLS;5261;3
525500;SUBMISSION;;VEV_4000;SEASHELLS;1251;1
526200;SUBMISSION;;VELVETFRUIT_EXTRACT;SEASHELLS;5251;8
526600;;SUBMISSION;HYDROGEL_PACK;SEASHELLS;10020;4
527700;;SUBMISSION;VELVETFRUIT_EXTRACT;SEASHELLS;5254;6
528100;;SUBMISSION;HYDROGEL_PACK;SEASHELLS;10013;15
528100;;SUBMISSION;HYDROGEL_PACK;SEASHELLS;10010;15
528200;;SUBMISSION;HYDROGEL_PACK;SEASHELLS;10013;13
528200;;SUBMISSION;HYDROGEL_PACK;SEASHELLS;10010;17
528300;;SUBMISSION;HYDROGEL_PACK;SEASHELLS;10013;12
528300;;SUBMISSION;HYDROGEL_PACK;SEASHELLS;10010;18
528400;;SUBMISSION;HYDROGEL_PACK;SEASHELLS;10014;15
528400;;SUBMISSION;HYDROGEL_PACK;SEASHELLS;10012;15
528500;;SUBMISSION;HYDROGEL_PACK;SEASHELLS;10014;12
528500;;SUBMISSION;HYDROGEL_PACK;SEASHELLS;10012;18
528600;;SUBMISSION;HYDROGEL_PACK;SEASHELLS;10017;3
528600;;SUBMISSION;VELVETFRUIT_EXTRACT;SEASHELLS;5253;4
529400;;SUBMISSION;VELVETFRUIT_EXTRACT;SEASHELLS;5255;4
530000;SUBMISSION;;VELVETFRUIT_EXTRACT;SEASHELLS;5250;6
530300;SUBMISSION;;HYDROGEL_PACK;SEASHELLS;10015;3
530600;SUBMISSION;;HYDROGEL_PACK;SEASHELLS;10015;5
530700;;SUBMISSION;HYDROGEL_PACK;SEASHELLS;10013;8
534100;SUBMISSION;;VELVETFRUIT_EXTRACT;SEASHELLS;5245;3
537500;SUBMISSION;;HYDROGEL_PACK;SEASHELLS;10020;2
537500;;SUBMISSION;VELVETFRUIT_EXTRACT;SEASHELLS;5240;4
540100;;SUBMISSION;HYDROGEL_PACK;SEASHELLS;10019;2
540700;SUBMISSION;;VELVETFRUIT_EXTRACT;SEASHELLS;5239;7
544400;;SUBMISSION;VELVETFRUIT_EXTRACT;SEASHELLS;5239;6
545000;SUBMISSION;;VELVETFRUIT_EXTRACT;SEASHELLS;5236;4
549800;;SUBMISSION;VELVETFRUIT_EXTRACT;SEASHELLS;5235;5
550400;SUBMISSION;;HYDROGEL_PACK;SEASHELLS;10003;2
550900;SUBMISSION;;VEV_4000;SEASHELLS;1225;2
552700;;SUBMISSION;HYDROGEL_PACK;SEASHELLS;10015;2
556400;;SUBMISSION;VELVETFRUIT_EXTRACT;SEASHELLS;5227;8
556900;SUBMISSION;;VEV_4000;SEASHELLS;1223;3
557200;SUBMISSION;;VELVETFRUIT_EXTRACT;SEASHELLS;5226;4
557700;SUBMISSION;;VEV_5100;SEASHELLS;146;9
557700;SUBMISSION;;VEV_5100;SEASHELLS;147;21
557900;SUBMISSION;;VEV_5100;SEASHELLS;146;29
558000;SUBMISSION;;VEV_5100;SEASHELLS;145;7
558000;SUBMISSION;;VEV_5100;SEASHELLS;146;16
558300;SUBMISSION;;VEV_5100;SEASHELLS;145;6
558300;SUBMISSION;;VEV_5100;SEASHELLS;146;13
558400;SUBMISSION;;VEV_5100;SEASHELLS;146;24
563500;SUBMISSION;;VELVETFRUIT_EXTRACT;SEASHELLS;5227;8
563600;SUBMISSION;;HYDROGEL_PACK;SEASHELLS;9996;2
564000;SUBMISSION;;VELVETFRUIT_EXTRACT;SEASHELLS;5231;12
564300;SUBMISSION;;VEV_5200;SEASHELLS;85;2
564900;;SUBMISSION;VELVETFRUIT_EXTRACT;SEASHELLS;5234;6
565500;;SUBMISSION;VELVETFRUIT_EXTRACT;SEASHELLS;5238;7
566100;SUBMISSION;;HYDROGEL_PACK;SEASHELLS;10015;4
568200;;SUBMISSION;VELVETFRUIT_EXTRACT;SEASHELLS;5236;7
568700;SUBMISSION;;HYDROGEL_PACK;SEASHELLS;10005;5
569900;SUBMISSION;;VEV_4000;SEASHELLS;1230;1
571600;SUBMISSION;;VELVETFRUIT_EXTRACT;SEASHELLS;5236;7
574000;;SUBMISSION;VELVETFRUIT_EXTRACT;SEASHELLS;5237;3
576400;SUBMISSION;;VELVETFRUIT_EXTRACT;SEASHELLS;5234;3
578800;SUBMISSION;;HYDROGEL_PACK;SEASHELLS;10004;6
580600;SUBMISSION;;HYDROGEL_PACK;SEASHELLS;10006;4
581100;;SUBMISSION;VELVETFRUIT_EXTRACT;SEASHELLS;5239;7
581700;;SUBMISSION;VELVETFRUIT_EXTRACT;SEASHELLS;5236;3
584800;SUBMISSION;;VELVETFRUIT_EXTRACT;SEASHELLS;5235;7
584900;SUBMISSION;;VELVETFRUIT_EXTRACT;SEASHELLS;5235;7
587200;SUBMISSION;;VELVETFRUIT_EXTRACT;SEASHELLS;5243;3
589100;SUBMISSION;;VEV_4000;SEASHELLS;1237;3
590100;SUBMISSION;;HYDROGEL_PACK;SEASHELLS;9994;2
595300;SUBMISSION;;VELVETFRUIT_EXTRACT;SEASHELLS;5239;8
596700;;SUBMISSION;HYDROGEL_PACK;SEASHELLS;10019;10
596700;;SUBMISSION;HYDROGEL_PACK;SEASHELLS;10016;13
599600;SUBMISSION;;VEV_4000;SEASHELLS;1229;1
600000;;SUBMISSION;VELVETFRUIT_EXTRACT;SEASHELLS;5235;7
600100;SUBMISSION;;VEV_4000;SEASHELLS;1226;2
601200;SUBMISSION;;VEV_4000;SEASHELLS;1226;1
601700;SUBMISSION;;HYDROGEL_PACK;SEASHELLS;10020;2
603000;;SUBMISSION;VELVETFRUIT_EXTRACT;SEASHELLS;5233;6
603600;;SUBMISSION;HYDROGEL_PACK;SEASHELLS;10020;2
604700;SUBMISSION;;HYDROGEL_PACK;SEASHELLS;10023;5
604800;;SUBMISSION;HYDROGEL_PACK;SEASHELLS;10020;5
605700;SUBMISSION;;VELVETFRUIT_EXTRACT;SEASHELLS;5227;7
606400;SUBMISSION;;HYDROGEL_PACK;SEASHELLS;10026;5
606500;;SUBMISSION;HYDROGEL_PACK;SEASHELLS;10022;5
607000;SUBMISSION;;VEV_5100;SEASHELLS;145;26
607100;SUBMISSION;;VEV_5100;SEASHELLS;145;30
607200;SUBMISSION;;VEV_5100;SEASHELLS;145;26
607900;SUBMISSION;;VEV_5100;SEASHELLS;144;26
608000;SUBMISSION;;VEV_5000;SEASHELLS;230;12
608000;SUBMISSION;;VEV_5000;SEASHELLS;231;18
608000;SUBMISSION;;VEV_5100;SEASHELLS;144;30
608100;SUBMISSION;;VEV_5000;SEASHELLS;229;9
608100;SUBMISSION;;VEV_5000;SEASHELLS;230;13
608100;SUBMISSION;;VEV_5100;SEASHELLS;143;22
608100;SUBMISSION;;VEV_5200;SEASHELLS;79;22
608200;SUBMISSION;;VEV_5000;SEASHELLS;229;12
608200;SUBMISSION;;VEV_5000;SEASHELLS;230;18
608200;SUBMISSION;;VEV_5100;SEASHELLS;143;30
608300;SUBMISSION;;VEV_5000;SEASHELLS;229;7
608300;SUBMISSION;;VEV_5000;SEASHELLS;230;20
608300;SUBMISSION;;VEV_5100;SEASHELLS;143;27
608300;SUBMISSION;;VEV_5200;SEASHELLS;79;7
608300;SUBMISSION;;VEV_5200;SEASHELLS;80;20
608400;SUBMISSION;;VEV_5000;SEASHELLS;229;27
608400;SUBMISSION;;VEV_5100;SEASHELLS;142;8
608400;SUBMISSION;;VEV_5100;SEASHELLS;143;19
608400;SUBMISSION;;VEV_5200;SEASHELLS;79;27
608500;SUBMISSION;;VELVETFRUIT_EXTRACT;SEASHELLS;5218;10
608500;SUBMISSION;;VELVETFRUIT_EXTRACT;SEASHELLS;5221;16
608500;SUBMISSION;;VELVETFRUIT_EXTRACT;SEASHELLS;5222;4
608500;;SUBMISSION;VELVETFRUIT_EXTRACT;SEASHELLS;5218;10
608500;SUBMISSION;;VEV_4000;SEASHELLS;1229;12
608500;SUBMISSION;;VEV_4000;SEASHELLS;1232;17
608500;SUBMISSION;;VEV_4500;SEASHELLS;727;7
608500;SUBMISSION;;VEV_4500;SEASHELLS;728;16
608500;SUBMISSION;;VEV_5000;SEASHELLS;228;7
608500;SUBMISSION;;VEV_5000;SEASHELLS;229;16
608500;SUBMISSION;;VEV_5100;SEASHELLS;142;23
608500;SUBMISSION;;VEV_5200;SEASHELLS;79;23
608600;SUBMISSION;;VELVETFRUIT_EXTRACT;SEASHELLS;5220;15
608600;SUBMISSION;;VELVETFRUIT_EXTRACT;SEASHELLS;5221;15
608600;SUBMISSION;;VEV_4000;SEASHELLS;1228;15
608600;SUBMISSION;;VEV_4000;SEASHELLS;1230;15
608600;SUBMISSION;;VEV_4500;SEASHELLS;725;9
608600;SUBMISSION;;VEV_4500;SEASHELLS;727;21
608600;SUBMISSION;;VEV_5000;SEASHELLS;227;9
608600;SUBMISSION;;VEV_5000;SEASHELLS;228;21
608600;SUBMISSION;;VEV_5100;SEASHELLS;141;30
608600;SUBMISSION;;VEV_5200;SEASHELLS;78;30
608700;SUBMISSION;;VELVETFRUIT_EXTRACT;SEASHELLS;5222;30
608700;SUBMISSION;;VEV_4000;SEASHELLS;1229;15
608700;SUBMISSION;;VEV_4000;SEASHELLS;1232;15
608700;SUBMISSION;;VEV_4500;SEASHELLS;727;6
608700;SUBMISSION;;VEV_4500;SEASHELLS;729;12
608700;SUBMISSION;;VEV_5000;SEASHELLS;229;18
608700;SUBMISSION;;VEV_5100;SEASHELLS;142;18
608700;SUBMISSION;;VEV_5200;SEASHELLS;79;18
608800;SUBMISSION;;VEV_5000;SEASHELLS;229;9
608800;SUBMISSION;;VEV_5000;SEASHELLS;230;21
608800;SUBMISSION;;VEV_5100;SEASHELLS;143;30
608800;SUBMISSION;;VEV_5200;SEASHELLS;79;9
608800;SUBMISSION;;VEV_5200;SEASHELLS;80;21
608900;SUBMISSION;;VEV_5000;SEASHELLS;230;8
608900;SUBMISSION;;VEV_5000;SEASHELLS;231;12
608900;SUBMISSION;;VEV_5100;SEASHELLS;143;8
608900;SUBMISSION;;VEV_5100;SEASHELLS;144;12
609000;SUBMISSION;;VEV_5100;SEASHELLS;144;6
609000;SUBMISSION;;VEV_5100;SEASHELLS;145;24
609100;SUBMISSION;;VEV_5100;SEASHELLS;144;24
609200;SUBMISSION;;VEV_5100;SEASHELLS;145;8
609200;SUBMISSION;;VEV_5100;SEASHELLS;146;20
609300;SUBMISSION;;VEV_5100;SEASHELLS;145;11
609300;SUBMISSION;;VEV_5100;SEASHELLS;146;7
612900;;SUBMISSION;VELVETFRUIT_EXTRACT;SEASHELLS;5224;10
614100;SUBMISSION;;HYDROGEL_PACK;SEASHELLS;10004;4
618900;;SUBMISSION;VELVETFRUIT_EXTRACT;SEASHELLS;5230;3
619800;;SUBMISSION;VELVETFRUIT_EXTRACT;SEASHELLS;5233;7
620500;;SUBMISSION;VELVETFRUIT_EXTRACT;SEASHELLS;5233;3
621800;SUBMISSION;;HYDROGEL_PACK;SEASHELLS;9998;2
621900;;SUBMISSION;VELVETFRUIT_EXTRACT;SEASHELLS;5234;6
622800;SUBMISSION;;VEV_4000;SEASHELLS;1229;1
624700;;SUBMISSION;VELVETFRUIT_EXTRACT;SEASHELLS;5240;5
625100;SUBMISSION;;HYDROGEL_PACK;SEASHELLS;10010;2
626600;;SUBMISSION;HYDROGEL_PACK;SEASHELLS;10020;8
628100;;SUBMISSION;VELVETFRUIT_EXTRACT;SEASHELLS;5229;6
629100;SUBMISSION;;VELVETFRUIT_EXTRACT;SEASHELLS;5220;9
629100;SUBMISSION;;VELVETFRUIT_EXTRACT;SEASHELLS;5223;21
629100;SUBMISSION;;VEV_5000;SEASHELLS;229;7
629100;SUBMISSION;;VEV_5000;SEASHELLS;230;13
629200;SUBMISSION;;VEV_5000;SEASHELLS;229;29
629200;SUBMISSION;;VEV_5200;SEASHELLS;79;29
629300;SUBMISSION;;VEV_5000;SEASHELLS;228;12
629300;SUBMISSION;;VEV_5000;SEASHELLS;229;16
629300;SUBMISSION;;VEV_5200;SEASHELLS;79;28
629400;SUBMISSION;;VELVETFRUIT_EXTRACT;SEASHELLS;5220;25
629400;SUBMISSION;;VELVETFRUIT_EXTRACT;SEASHELLS;5221;5
629400;SUBMISSION;;VEV_4000;SEASHELLS;1228;12
629400;SUBMISSION;;VEV_4000;SEASHELLS;1231;18
629400;SUBMISSION;;VEV_4500;SEASHELLS;726;12
629400;SUBMISSION;;VEV_4500;SEASHELLS;727;13
629400;SUBMISSION;;VEV_5000;SEASHELLS;227;12
629400;SUBMISSION;;VEV_5000;SEASHELLS;228;13
629400;SUBMISSION;;VEV_5200;SEASHELLS;78;25
629400;SUBMISSION;;VEV_5500;SEASHELLS;4;10
629400;SUBMISSION;;VEV_5500;SEASHELLS;5;20
629500;SUBMISSION;;VELVETFRUIT_EXTRACT;SEASHELLS;5221;17
629500;SUBMISSION;;VELVETFRUIT_EXTRACT;SEASHELLS;5222;13
629500;SUBMISSION;;VEV_4000;SEASHELLS;1229;7
629500;SUBMISSION;;VEV_4000;SEASHELLS;1231;15
629500;SUBMISSION;;VEV_4500;SEASHELLS;726;12
629500;SUBMISSION;;VEV_4500;SEASHELLS;728;14
629500;SUBMISSION;;VEV_5000;SEASHELLS;228;26
629500;SUBMISSION;;VEV_5200;SEASHELLS;79;26
629600;SUBMISSION;;VELVETFRUIT_EXTRACT;SEASHELLS;5221;30
629600;SUBMISSION;;VEV_4000;SEASHELLS;1229;15
629600;SUBMISSION;;VEV_4000;SEASHELLS;1231;15
629600;SUBMISSION;;VEV_4500;SEASHELLS;726;6
629600;SUBMISSION;;VEV_4500;SEASHELLS;728;17
629600;SUBMISSION;;VEV_5000;SEASHELLS;228;23
629600;SUBMISSION;;VEV_5200;SEASHELLS;79;23
629700;SUBMISSION;;VELVETFRUIT_EXTRACT;SEASHELLS;5220;12
629700;SUBMISSION;;VEV_4000;SEASHELLS;1228;10
629700;SUBMISSION;;VEV_4000;SEASHELLS;1230;20
629700;SUBMISSION;;VEV_4500;SEASHELLS;725;7
629700;SUBMISSION;;VEV_4500;SEASHELLS;727;23
629700;SUBMISSION;;VEV_5000;SEASHELLS;227;7
629700;SUBMISSION;;VEV_5000;SEASHELLS;228;23
629700;SUBMISSION;;VEV_5200;SEASHELLS;78;30
629700;SUBMISSION;;VEV_5500;SEASHELLS;4;10
629700;SUBMISSION;;VEV_5500;SEASHELLS;5;15
629800;SUBMISSION;;VEV_5000;SEASHELLS;229;6
629800;SUBMISSION;;VEV_5000;SEASHELLS;230;12
629900;SUBMISSION;;VEV_5000;SEASHELLS;229;26
629900;SUBMISSION;;VEV_5200;SEASHELLS;79;26
630000;SUBMISSION;;VEV_5000;SEASHELLS;229;9
630000;SUBMISSION;;VEV_5000;SEASHELLS;230;17
631500;SUBMISSION;;VEV_5000;SEASHELLS;229;11
631500;SUBMISSION;;VEV_5000;SEASHELLS;230;14
631500;SUBMISSION;;VEV_5200;SEASHELLS;79;11
631500;SUBMISSION;;VEV_5200;SEASHELLS;80;14
631700;SUBMISSION;;VEV_4000;SEASHELLS;1220;3
631700;SUBMISSION;;VEV_4000;SEASHELLS;1231;7
631700;SUBMISSION;;VEV_4000;SEASHELLS;1233;17
631700;SUBMISSION;;VEV_4500;SEASHELLS;720;3
631700;SUBMISSION;;VEV_4500;SEASHELLS;728;8
631700;SUBMISSION;;VEV_4500;SEASHELLS;730;19
631700;SUBMISSION;;VEV_5000;SEASHELLS;226;3
631700;SUBMISSION;;VEV_5000;SEASHELLS;230;21
631700;SUBMISSION;;VEV_5200;SEASHELLS;78;3
631700;SUBMISSION;;VEV_5200;SEASHELLS;80;27
631700;SUBMISSION;;VEV_5500;SEASHELLS;4;3
631700;SUBMISSION;;VEV_5500;SEASHELLS;5;25
631800;SUBMISSION;;VEV_5200;SEASHELLS;79;9
631800;SUBMISSION;;VEV_5200;SEASHELLS;80;18
632200;SUBMISSION;;VEV_4500;SEASHELLS;726;9
632200;SUBMISSION;;VEV_4500;SEASHELLS;728;20
632200;SUBMISSION;;VEV_5200;SEASHELLS;79;29
632200;SUBMISSION;;VEV_5500;SEASHELLS;4;29
632300;SUBMISSION;;VEV_4000;SEASHELLS;1229;15
632300;SUBMISSION;;VEV_4000;SEASHELLS;1231;15
632300;SUBMISSION;;VEV_4500;SEASHELLS;726;8
632300;SUBMISSION;;VEV_4500;SEASHELLS;728;19
632300;SUBMISSION;;VEV_5200;SEASHELLS;79;27
632300;SUBMISSION;;VEV_5500;SEASHELLS;4;18
632400;SUBMISSION;;VEV_4000;SEASHELLS;1229;11
632400;SUBMISSION;;VEV_4000;SEASHELLS;1231;15
632400;SUBMISSION;;VEV_4500;SEASHELLS;726;8
632400;SUBMISSION;;VEV_4500;SEASHELLS;728;22
632400;SUBMISSION;;VEV_5500;SEASHELLS;4;21
632500;SUBMISSION;;VEV_4000;SEASHELLS;1227;9
632500;SUBMISSION;;VEV_4000;SEASHELLS;1229;19
632500;SUBMISSION;;VEV_4500;SEASHELLS;724;6
632500;SUBMISSION;;VEV_4500;SEASHELLS;726;22
632500;SUBMISSION;;VEV_5500;SEASHELLS;4;24
632600;SUBMISSION;;VEV_4000;SEASHELLS;1227;9
632600;SUBMISSION;;VEV_4000;SEASHELLS;1229;20
632600;SUBMISSION;;VEV_4500;SEASHELLS;724;12
632600;SUBMISSION;;VEV_4500;SEASHELLS;726;12
632600;SUBMISSION;;VEV_5500;SEASHELLS;4;19
632700;SUBMISSION;;VEV_4000;SEASHELLS;1227;11
632700;SUBMISSION;;VEV_4000;SEASHELLS;1229;19
632700;SUBMISSION;;VEV_4500;SEASHELLS;724;8
632700;SUBMISSION;;VEV_4500;SEASHELLS;726;17
632700;SUBMISSION;;VEV_5500;SEASHELLS;4;22
632800;;SUBMISSION;VELVETFRUIT_EXTRACT;SEASHELLS;5215;7
632800;SUBMISSION;;VEV_4000;SEASHELLS;1227;11
632800;SUBMISSION;;VEV_4000;SEASHELLS;1229;19
632800;SUBMISSION;;VEV_4500;SEASHELLS;724;12
632800;SUBMISSION;;VEV_4500;SEASHELLS;726;13
632800;SUBMISSION;;VEV_5500;SEASHELLS;4;25
632900;SUBMISSION;;VELVETFRUIT_EXTRACT;SEASHELLS;5219;7
632900;SUBMISSION;;VEV_4000;SEASHELLS;1227;8
632900;SUBMISSION;;VEV_4000;SEASHELLS;1230;22
632900;SUBMISSION;;VEV_4500;SEASHELLS;725;6
632900;SUBMISSION;;VEV_4500;SEASHELLS;726;20
632900;SUBMISSION;;VEV_5500;SEASHELLS;4;25
633000;SUBMISSION;;VEV_4000;SEASHELLS;1225;9
633000;SUBMISSION;;VEV_4000;SEASHELLS;1228;21
633000;SUBMISSION;;VEV_4500;SEASHELLS;723;6
633000;SUBMISSION;;VEV_4500;SEASHELLS;725;21
633000;SUBMISSION;;VEV_5500;SEASHELLS;4;18
633100;SUBMISSION;;VEV_4000;SEASHELLS;1226;8
633100;SUBMISSION;;VEV_4000;SEASHELLS;1228;16
633100;SUBMISSION;;VEV_4500;SEASHELLS;723;6
633100;SUBMISSION;;VEV_4500;SEASHELLS;725;15
633100;SUBMISSION;;VEV_5500;SEASHELLS;4;11
633200;SUBMISSION;;VEV_4500;SEASHELLS;724;11
633200;SUBMISSION;;VEV_4500;SEASHELLS;725;19
633300;SUBMISSION;;VEV_4500;SEASHELLS;724;7
633300;SUBMISSION;;VEV_4500;SEASHELLS;726;15
633400;SUBMISSION;;VEV_4500;SEASHELLS;723;9
633400;SUBMISSION;;VEV_4500;SEASHELLS;725;10
634500;;SUBMISSION;VELVETFRUIT_EXTRACT;SEASHELLS;5214;5
634600;SUBMISSION;;VELVETFRUIT_EXTRACT;SEASHELLS;5219;5
634800;;SUBMISSION;VELVETFRUIT_EXTRACT;SEASHELLS;5215;8
634900;SUBMISSION;;HYDROGEL_PACK;SEASHELLS;10016;2
634900;SUBMISSION;;VELVETFRUIT_EXTRACT;SEASHELLS;5219;8
636300;;SUBMISSION;HYDROGEL_PACK;SEASHELLS;10021;2
637500;SUBMISSION;;HYDROGEL_PACK;SEASHELLS;10024;4
637800;SUBMISSION;;VEV_5300;SEASHELLS;35;8
637800;SUBMISSION;;VEV_5300;SEASHELLS;36;19
637900;SUBMISSION;;VEV_5300;SEASHELLS;35;20
638000;;SUBMISSION;HYDROGEL_PACK;SEASHELLS;10021;4
638000;SUBMISSION;;VEV_5300;SEASHELLS;35;19
638100;SUBMISSION;;VEV_5300;SEASHELLS;35;25
638200;SUBMISSION;;VEV_5300;SEASHELLS;35;22
638300;SUBMISSION;;VEV_5300;SEASHELLS;35;9
638300;SUBMISSION;;VEV_5300;SEASHELLS;36;11
638400;SUBMISSION;;VEV_5300;SEASHELLS;35;22
638500;SUBMISSION;;VEV_5300;SEASHELLS;35;9
638500;SUBMISSION;;VEV_5300;SEASHELLS;36;17
640100;SUBMISSION;;VEV_5300;SEASHELLS;35;16
640300;SUBMISSION;;HYDROGEL_PACK;SEASHELLS;10033;3
640400;;SUBMISSION;HYDROGEL_PACK;SEASHELLS;10023;3
640700;SUBMISSION;;VEV_5300;SEASHELLS;35;20
640800;SUBMISSION;;VEV_5300;SEASHELLS;35;24
641000;SUBMISSION;;VEV_5300;SEASHELLS;35;21
641100;SUBMISSION;;VEV_5300;SEASHELLS;35;21
641200;SUBMISSION;;VEV_5300;SEASHELLS;35;22
641300;SUBMISSION;;VEV_5300;SEASHELLS;35;12
644500;SUBMISSION;;VEV_5400;SEASHELLS;9;22
644900;;SUBMISSION;VELVETFRUIT_EXTRACT;SEASHELLS;5205;6
645000;SUBMISSION;;VELVETFRUIT_EXTRACT;SEASHELLS;5211;6
645000;;SUBMISSION;VEV_4000;SEASHELLS;1213;3
645100;SUBMISSION;;VEV_4000;SEASHELLS;1218;3
646100;;SUBMISSION;VELVETFRUIT_EXTRACT;SEASHELLS;5207;3
646200;SUBMISSION;;VELVETFRUIT_EXTRACT;SEASHELLS;5212;3
646600;SUBMISSION;;VEV_5400;SEASHELLS;9;21
646700;SUBMISSION;;VEV_5400;SEASHELLS;9;27
646800;SUBMISSION;;VEV_5400;SEASHELLS;9;25
646900;SUBMISSION;;VEV_5400;SEASHELLS;9;20
647000;SUBMISSION;;VEV_5400;SEASHELLS;9;27
647100;SUBMISSION;;VEV_5400;SEASHELLS;9;27
647200;SUBMISSION;;VEV_5400;SEASHELLS;9;23
647300;SUBMISSION;;VEV_5400;SEASHELLS;9;27
647400;SUBMISSION;;HYDROGEL_PACK;SEASHELLS;9999;2
647400;SUBMISSION;;VEV_5400;SEASHELLS;9;21
647500;SUBMISSION;;VEV_5400;SEASHELLS;9;28
647600;SUBMISSION;;HYDROGEL_PACK;SEASHELLS;9998;4
647600;SUBMISSION;;VEV_5400;SEASHELLS;9;25
647700;SUBMISSION;;VEV_5400;SEASHELLS;9;1
647900;SUBMISSION;;HYDROGEL_PACK;SEASHELLS;9996;6
648200;;SUBMISSION;VELVETFRUIT_EXTRACT;SEASHELLS;5206;6
648300;SUBMISSION;;VELVETFRUIT_EXTRACT;SEASHELLS;5209;6
652800;SUBMISSION;;HYDROGEL_PACK;SEASHELLS;9984;2
653200;SUBMISSION;;HYDROGEL_PACK;SEASHELLS;9980;6
653300;SUBMISSION;;HYDROGEL_PACK;SEASHELLS;9979;5
655100;;SUBMISSION;VELVETFRUIT_EXTRACT;SEASHELLS;5206;8
655200;SUBMISSION;;VELVETFRUIT_EXTRACT;SEASHELLS;5209;8
657800;;SUBMISSION;VELVETFRUIT_EXTRACT;SEASHELLS;5209;5
657900;SUBMISSION;;VELVETFRUIT_EXTRACT;SEASHELLS;5213;5
659200;;SUBMISSION;VELVETFRUIT_EXTRACT;SEASHELLS;5210;7
659300;SUBMISSION;;VELVETFRUIT_EXTRACT;SEASHELLS;5214;7
667400;;SUBMISSION;VELVETFRUIT_EXTRACT;SEASHELLS;5222;6
673800;SUBMISSION;;HYDROGEL_PACK;SEASHELLS;10005;4
679600;;SUBMISSION;VELVETFRUIT_EXTRACT;SEASHELLS;5223;6
680800;SUBMISSION;;HYDROGEL_PACK;SEASHELLS;9999;2
684500;SUBMISSION;;HYDROGEL_PACK;SEASHELLS;9994;2
685200;;SUBMISSION;VELVETFRUIT_EXTRACT;SEASHELLS;5227;6
688400;;SUBMISSION;VELVETFRUIT_EXTRACT;SEASHELLS;5234;6
688600;;SUBMISSION;VELVETFRUIT_EXTRACT;SEASHELLS;5233;5
693600;;SUBMISSION;VELVETFRUIT_EXTRACT;SEASHELLS;5234;5
694900;SUBMISSION;;HYDROGEL_PACK;SEASHELLS;10015;3
695200;SUBMISSION;;HYDROGEL_PACK;SEASHELLS;10014;6
696900;;SUBMISSION;HYDROGEL_PACK;SEASHELLS;10023;15
696900;;SUBMISSION;HYDROGEL_PACK;SEASHELLS;10020;15
697000;;SUBMISSION;HYDROGEL_PACK;SEASHELLS;10025;12
699100;SUBMISSION;;HYDROGEL_PACK;SEASHELLS;10040;5
699200;;SUBMISSION;HYDROGEL_PACK;SEASHELLS;10039;5
702500;;SUBMISSION;VELVETFRUIT_EXTRACT;SEASHELLS;5244;4
702700;;SUBMISSION;VELVETFRUIT_EXTRACT;SEASHELLS;5245;8
703000;SUBMISSION;;HYDROGEL_PACK;SEASHELLS;10033;3
703100;;SUBMISSION;HYDROGEL_PACK;SEASHELLS;10027;3
703100;;SUBMISSION;VELVETFRUIT_EXTRACT;SEASHELLS;5248;7
704700;;SUBMISSION;VELVETFRUIT_EXTRACT;SEASHELLS;5253;8
713600;;SUBMISSION;VEV_4000;SEASHELLS;1263;14
713600;;SUBMISSION;VEV_4000;SEASHELLS;1260;15
713600;;SUBMISSION;VEV_4500;SEASHELLS;765;7
713600;;SUBMISSION;VEV_4500;SEASHELLS;763;12
713600;;SUBMISSION;VEV_5000;SEASHELLS;273;7
713600;;SUBMISSION;VEV_5000;SEASHELLS;272;12
713600;;SUBMISSION;VEV_5100;SEASHELLS;183;7
713600;;SUBMISSION;VEV_5100;SEASHELLS;182;12
713700;;SUBMISSION;VELVETFRUIT_EXTRACT;SEASHELLS;5270;30
713700;;SUBMISSION;VEV_4000;SEASHELLS;1262;13
713700;;SUBMISSION;VEV_4000;SEASHELLS;1260;17
713700;;SUBMISSION;VEV_4500;SEASHELLS;765;11
713700;;SUBMISSION;VEV_4500;SEASHELLS;763;14
713700;;SUBMISSION;VEV_5000;SEASHELLS;273;11
713700;;SUBMISSION;VEV_5000;SEASHELLS;272;14
713700;;SUBMISSION;VEV_5100;SEASHELLS;182;25
713800;;SUBMISSION;VELVETFRUIT_EXTRACT;SEASHELLS;5270;22
713800;;SUBMISSION;VELVETFRUIT_EXTRACT;SEASHELLS;5269;8
713800;;SUBMISSION;VEV_4000;SEASHELLS;1262;11
713800;;SUBMISSION;VEV_4000;SEASHELLS;1259;16
713800;;SUBMISSION;VEV_4500;SEASHELLS;764;8
713800;;SUBMISSION;VEV_4500;SEASHELLS;762;22
713800;;SUBMISSION;VEV_5000;SEASHELLS;272;30
713800;;SUBMISSION;VEV_5100;SEASHELLS;182;8
713800;;SUBMISSION;VEV_5100;SEASHELLS;181;22
713900;;SUBMISSION;VELVETFRUIT_EXTRACT;SEASHELLS;5270;30
713900;;SUBMISSION;VELVETFRUIT_EXTRACT;SEASHELLS;5273;6
713900;;SUBMISSION;VEV_4000;SEASHELLS;1262;13
713900;;SUBMISSION;VEV_4000;SEASHELLS;1259;17
713900;;SUBMISSION;VEV_4500;SEASHELLS;764;10
713900;;SUBMISSION;VEV_4500;SEASHELLS;763;20
713900;;SUBMISSION;VEV_5000;SEASHELLS;272;30
713900;;SUBMISSION;VEV_5100;SEASHELLS;182;30
714000;;SUBMISSION;VELVETFRUIT_EXTRACT;SEASHELLS;5270;30
714000;;SUBMISSION;VEV_4000;SEASHELLS;1262;12
714000;;SUBMISSION;VEV_4000;SEASHELLS;1259;17
714000;;SUBMISSION;VEV_4500;SEASHELLS;764;12
714000;;SUBMISSION;VEV_4500;SEASHELLS;763;12
714000;;SUBMISSION;VEV_5000;SEASHELLS;272;24
714000;;SUBMISSION;VEV_5100;SEASHELLS;182;24
714100;;SUBMISSION;VEV_5000;SEASHELLS;272;11
714100;;SUBMISSION;VEV_5000;SEASHELLS;271;19
714100;;SUBMISSION;VEV_5100;SEASHELLS;181;30
714200;;SUBMISSION;VEV_5100;SEASHELLS;181;26
714300;;SUBMISSION;VEV_5100;SEASHELLS;181;21
714400;;SUBMISSION;VEV_5000;SEASHELLS;272;10
714400;;SUBMISSION;VEV_5000;SEASHELLS;271;15
714400;;SUBMISSION;VEV_5100;SEASHELLS;181;25
714500;;SUBMISSION;VEV_5100;SEASHELLS;181;8
714500;;SUBMISSION;VEV_5100;SEASHELLS;180;12
715500;;SUBMISSION;VEV_5000;SEASHELLS;272;6
715500;;SUBMISSION;VEV_5000;SEASHELLS;271;24
715500;;SUBMISSION;VEV_5100;SEASHELLS;181;30
715600;;SUBMISSION;VELVETFRUIT_EXTRACT;SEASHELLS;5270;30
715600;;SUBMISSION;VEV_4000;SEASHELLS;1262;14
715600;;SUBMISSION;VEV_4000;SEASHELLS;1259;15
715600;;SUBMISSION;VEV_4500;SEASHELLS;764;6
715600;;SUBMISSION;VEV_4500;SEASHELLS;763;22
715600;;SUBMISSION;VEV_5000;SEASHELLS;272;28
715600;;SUBMISSION;VEV_5100;SEASHELLS;182;28
715700;;SUBMISSION;VELVETFRUIT_EXTRACT;SEASHELLS;5270;30
715700;;SUBMISSION;VEV_4000;SEASHELLS;1262;10
715700;;SUBMISSION;VEV_4000;SEASHELLS;1260;20
715700;;SUBMISSION;VEV_4500;SEASHELLS;765;10
715700;;SUBMISSION;VEV_4500;SEASHELLS;763;16
715700;;SUBMISSION;VEV_5000;SEASHELLS;273;10
715700;;SUBMISSION;VEV_5000;SEASHELLS;272;16
715700;;SUBMISSION;VEV_5100;SEASHELLS;182;26
715800;;SUBMISSION;VELVETFRUIT_EXTRACT;SEASHELLS;5270;24
715800;;SUBMISSION;VELVETFRUIT_EXTRACT;SEASHELLS;5269;6
715800;;SUBMISSION;VEV_5000;SEASHELLS;272;9
715800;;SUBMISSION;VEV_5000;SEASHELLS;271;21
715800;;SUBMISSION;VEV_5100;SEASHELLS;182;9
715800;;SUBMISSION;VEV_5100;SEASHELLS;181;21
715900;;SUBMISSION;VEV_5100;SEASHELLS;181;19
716000;;SUBMISSION;VELVETFRUIT_EXTRACT;SEASHELLS;5270;18
716000;;SUBMISSION;VELVETFRUIT_EXTRACT;SEASHELLS;5269;12
716000;SUBMISSION;;VELVETFRUIT_EXTRACT;SEASHELLS;5272;7
716000;;SUBMISSION;VEV_4000;SEASHELLS;1262;13
716000;;SUBMISSION;VEV_4000;SEASHELLS;1259;17
716000;;SUBMISSION;VEV_4500;SEASHELLS;764;12
716000;;SUBMISSION;VEV_4500;SEASHELLS;762;18
716000;;SUBMISSION;VEV_5000;SEASHELLS;272;30
716000;;SUBMISSION;VEV_5100;SEASHELLS;182;12
716000;;SUBMISSION;VEV_5100;SEASHELLS;181;18
716100;;SUBMISSION;VELVETFRUIT_EXTRACT;SEASHELLS;5270;30
716100;;SUBMISSION;VEV_4000;SEASHELLS;1262;10
716100;;SUBMISSION;VEV_4000;SEASHELLS;1260;20
716100;;SUBMISSION;VEV_4500;SEASHELLS;765;6
716100;;SUBMISSION;VEV_4500;SEASHELLS;763;16
716100;;SUBMISSION;VEV_5000;SEASHELLS;273;6
716100;;SUBMISSION;VEV_5000;SEASHELLS;272;16
716100;;SUBMISSION;VEV_5100;SEASHELLS;182;22
716200;;SUBMISSION;VELVETFRUIT_EXTRACT;SEASHELLS;5271;21
716200;;SUBMISSION;VELVETFRUIT_EXTRACT;SEASHELLS;5270;9
716200;;SUBMISSION;VEV_4000;SEASHELLS;1263;13
716200;;SUBMISSION;VEV_4000;SEASHELLS;1260;16
716200;;SUBMISSION;VEV_4500;SEASHELLS;765;8
716200;;SUBMISSION;VEV_4500;SEASHELLS;763;12
716200;;SUBMISSION;VEV_5000;SEASHELLS;273;8
716200;;SUBMISSION;VEV_5000;SEASHELLS;272;12
716200;;SUBMISSION;VEV_5100;SEASHELLS;183;8
716200;;SUBMISSION;VEV_5100;SEASHELLS;182;12
716300;;SUBMISSION;VELVETFRUIT_EXTRACT;SEASHELLS;5271;24
716300;;SUBMISSION;VELVETFRUIT_EXTRACT;SEASHELLS;5270;6
716300;;SUBMISSION;VEV_4000;SEASHELLS;1262;8
716300;;SUBMISSION;VEV_4000;SEASHELLS;1260;22
716300;;SUBMISSION;VEV_4500;SEASHELLS;765;11
716300;;SUBMISSION;VEV_4500;SEASHELLS;763;19
716300;;SUBMISSION;VEV_5000;SEASHELLS;273;11
716300;;SUBMISSION;VEV_5000;SEASHELLS;272;19
716300;;SUBMISSION;VEV_5100;SEASHELLS;183;11
716300;;SUBMISSION;VEV_5100;SEASHELLS;182;19
716400;;SUBMISSION;VEV_4000;SEASHELLS;1264;13
716400;;SUBMISSION;VEV_4000;SEASHELLS;1261;17
716400;;SUBMISSION;VEV_4500;SEASHELLS;766;12
716400;;SUBMISSION;VEV_4500;SEASHELLS;764;12
716400;;SUBMISSION;VEV_5000;SEASHELLS;274;12
716400;;SUBMISSION;VEV_5000;SEASHELLS;273;12
716400;;SUBMISSION;VEV_5100;SEASHELLS;184;12
716400;;SUBMISSION;VEV_5100;SEASHELLS;183;12
716400;;SUBMISSION;VEV_5200;SEASHELLS;109;12
716400;;SUBMISSION;VEV_5200;SEASHELLS;108;12
716500;;SUBMISSION;VEV_4000;SEASHELLS;1262;15
716500;;SUBMISSION;VEV_4000;SEASHELLS;1259;15
716500;;SUBMISSION;VEV_4500;SEASHELLS;764;12
716500;;SUBMISSION;VEV_4500;SEASHELLS;763;16
716500;;SUBMISSION;VEV_5000;SEASHELLS;272;28
716500;;SUBMISSION;VEV_5100;SEASHELLS;182;28
716600;;SUBMISSION;VEV_4000;SEASHELLS;1262;12
716600;;SUBMISSION;VEV_4000;SEASHELLS;1259;17
716600;;SUBMISSION;VEV_4500;SEASHELLS;764;8
716600;;SUBMISSION;VEV_4500;SEASHELLS;762;21
716600;;SUBMISSION;VEV_5000;SEASHELLS;272;8
716600;;SUBMISSION;VEV_5000;SEASHELLS;271;21
716600;;SUBMISSION;VEV_5100;SEASHELLS;182;8
716600;;SUBMISSION;VEV_5100;SEASHELLS;181;21
716700;;SUBMISSION;VEV_5100;SEASHELLS;181;24
719600;SUBMISSION;;VEV_4000;SEASHELLS;1256;2
720500;SUBMISSION;;VELVETFRUIT_EXTRACT;SEASHELLS;5268;6
721200;SUBMISSION;;VELVETFRUIT_EXTRACT;SEASHELLS;5267;4
721900;SUBMISSION;;VEV_4000;SEASHELLS;1255;3
724400;SUBMISSION;;HYDROGEL_PACK;SEASHELLS;10072;5
724500;;SUBMISSION;HYDROGEL_PACK;SEASHELLS;10064;5
725800;SUBMISSION;;HYDROGEL_PACK;SEASHELLS;10075;6
725900;;SUBMISSION;HYDROGEL_PACK;SEASHELLS;10065;6
730800;SUBMISSION;;HYDROGEL_PACK;SEASHELLS;10064;6
730900;;SUBMISSION;HYDROGEL_PACK;SEASHELLS;10057;6
731100;;SUBMISSION;VELVETFRUIT_EXTRACT;SEASHELLS;5271;10
731100;;SUBMISSION;VEV_4000;SEASHELLS;1263;7
731100;;SUBMISSION;VEV_4000;SEASHELLS;1260;21
731100;;SUBMISSION;VEV_4500;SEASHELLS;765;7
731100;;SUBMISSION;VEV_4500;SEASHELLS;764;23
731100;;SUBMISSION;VEV_5000;SEASHELLS;273;30
731200;;SUBMISSION;VEV_4000;SEASHELLS;1263;13
731200;;SUBMISSION;VEV_4000;SEASHELLS;1260;16
731200;;SUBMISSION;VEV_4500;SEASHELLS;765;8
731200;;SUBMISSION;VEV_4500;SEASHELLS;763;22
731200;;SUBMISSION;VEV_5000;SEASHELLS;273;8
731200;;SUBMISSION;VEV_5000;SEASHELLS;272;22
731300;;SUBMISSION;VEV_4000;SEASHELLS;1264;15
731300;;SUBMISSION;VEV_4000;SEASHELLS;1261;15
731300;;SUBMISSION;VEV_4500;SEASHELLS;766;10
731300;;SUBMISSION;VEV_4500;SEASHELLS;764;12
731300;;SUBMISSION;VEV_5000;SEASHELLS;274;10
731300;;SUBMISSION;VEV_5000;SEASHELLS;273;12
731400;;SUBMISSION;VEV_4000;SEASHELLS;1263;8
731400;;SUBMISSION;VEV_4000;SEASHELLS;1261;17
731400;;SUBMISSION;VEV_4500;SEASHELLS;766;7
731400;;SUBMISSION;VEV_4500;SEASHELLS;764;15
731400;;SUBMISSION;VEV_5000;SEASHELLS;274;7
731400;;SUBMISSION;VEV_5000;SEASHELLS;273;15
731500;;SUBMISSION;VEV_4000;SEASHELLS;1265;10
731500;;SUBMISSION;VEV_4000;SEASHELLS;1262;17
731500;;SUBMISSION;VEV_4500;SEASHELLS;767;8
731500;;SUBMISSION;VEV_4500;SEASHELLS;765;22
731500;;SUBMISSION;VEV_5000;SEASHELLS;275;6
731500;;SUBMISSION;VEV_5300;SEASHELLS;57;8
731500;;SUBMISSION;VEV_5300;SEASHELLS;56;11
731600;;SUBMISSION;VEV_4000;SEASHELLS;1267;7
731600;;SUBMISSION;VEV_4000;SEASHELLS;1265;23
731600;;SUBMISSION;VEV_4500;SEASHELLS;770;10
731600;;SUBMISSION;VEV_4500;SEASHELLS;768;20
731600;;SUBMISSION;VEV_5200;SEASHELLS;111;30
731600;;SUBMISSION;VEV_5300;SEASHELLS;58;26
731700;;SUBMISSION;VEV_4000;SEASHELLS;1269;14
731700;;SUBMISSION;VEV_4500;SEASHELLS;771;10
731700;;SUBMISSION;VEV_4500;SEASHELLS;769;20
731700;;SUBMISSION;VEV_5200;SEASHELLS;112;30
731700;;SUBMISSION;VEV_5300;SEASHELLS;58;24
731800;;SUBMISSION;VEV_4500;SEASHELLS;771;7
731800;;SUBMISSION;VEV_4500;SEASHELLS;769;20
731800;;SUBMISSION;VEV_5200;SEASHELLS;112;27
731800;;SUBMISSION;VEV_5300;SEASHELLS;58;25
731900;;SUBMISSION;VEV_4500;SEASHELLS;772;4
731900;;SUBMISSION;VEV_5200;SEASHELLS;113;6
731900;;SUBMISSION;VEV_5200;SEASHELLS;112;12
731900;;SUBMISSION;VEV_5300;SEASHELLS;59;20
732000;;SUBMISSION;VEV_5200;SEASHELLS;113;6
732000;;SUBMISSION;VEV_5200;SEASHELLS;112;20
732000;;SUBMISSION;VEV_5300;SEASHELLS;59;17
732100;;SUBMISSION;VEV_5200;SEASHELLS;112;30
732100;;SUBMISSION;VEV_5300;SEASHELLS;59;9
732100;;SUBMISSION;VEV_5300;SEASHELLS;58;11
732200;;SUBMISSION;VEV_5200;SEASHELLS;112;28
732200;;SUBMISSION;VEV_5300;SEASHELLS;59;9
732200;;SUBMISSION;VEV_5300;SEASHELLS;58;19
732300;;SUBMISSION;VEV_5200;SEASHELLS;113;9
732300;;SUBMISSION;VEV_5200;SEASHELLS;112;17
732300;;SUBMISSION;VEV_5300;SEASHELLS;59;16
732400;;SUBMISSION;VEV_5200;SEASHELLS;113;26
732400;;SUBMISSION;VEV_5300;SEASHELLS;59;20
732500;;SUBMISSION;VEV_5200;SEASHELLS;113;29
732500;;SUBMISSION;VEV_5300;SEASHELLS;59;18
732600;;SUBMISSION;VEV_5200;SEASHELLS;112;30
732600;;SUBMISSION;VEV_5300;SEASHELLS;59;19
732700;SUBMISSION;;HYDROGEL_PACK;SEASHELLS;10041;2
732700;;SUBMISSION;VEV_5200;SEASHELLS;112;10
732700;;SUBMISSION;VEV_5200;SEASHELLS;111;17
732700;;SUBMISSION;VEV_5300;SEASHELLS;58;26
732800;;SUBMISSION;HYDROGEL_PACK;SEASHELLS;10035;2
732800;;SUBMISSION;VEV_5200;SEASHELLS;112;12
732800;;SUBMISSION;VEV_5200;SEASHELLS;111;18
732800;;SUBMISSION;VEV_5300;SEASHELLS;58;21
732900;;SUBMISSION;VEV_5200;SEASHELLS;110;29
732900;;SUBMISSION;VEV_5300;SEASHELLS;57;22
733000;;SUBMISSION;VEV_5200;SEASHELLS;111;30
733000;;SUBMISSION;VEV_5300;SEASHELLS;58;18
733100;;SUBMISSION;VEV_5200;SEASHELLS;112;10
733100;;SUBMISSION;VEV_5200;SEASHELLS;111;12
733100;;SUBMISSION;VEV_5300;SEASHELLS;58;24
733200;;SUBMISSION;VEV_5200;SEASHELLS;113;6
733200;;SUBMISSION;VEV_5200;SEASHELLS;112;20
733200;;SUBMISSION;VEV_5300;SEASHELLS;59;6
733200;;SUBMISSION;VEV_5300;SEASHELLS;58;16
733300;;SUBMISSION;VEV_5200;SEASHELLS;113;29
733300;;SUBMISSION;VEV_5300;SEASHELLS;59;15
733400;;SUBMISSION;VEV_5200;SEASHELLS;112;30
733400;;SUBMISSION;VEV_5300;SEASHELLS;59;6
733400;;SUBMISSION;VEV_5300;SEASHELLS;58;15
733500;;SUBMISSION;VEV_5200;SEASHELLS;113;7
733500;;SUBMISSION;VEV_5200;SEASHELLS;112;15
733500;;SUBMISSION;VEV_5300;SEASHELLS;59;27
733600;;SUBMISSION;VEV_5200;SEASHELLS;113;7
733600;;SUBMISSION;VEV_5200;SEASHELLS;112;13
733600;;SUBMISSION;VEV_5300;SEASHELLS;59;24
733700;;SUBMISSION;VEV_5200;SEASHELLS;112;1
733700;;SUBMISSION;VEV_5300;SEASHELLS;59;10
733700;;SUBMISSION;VEV_5300;SEASHELLS;58;16
733800;;SUBMISSION;VEV_5300;SEASHELLS;59;16
733900;;SUBMISSION;VEV_5300;SEASHELLS;60;24
734000;;SUBMISSION;VEV_5300;SEASHELLS;59;19
734100;;SUBMISSION;VEV_5300;SEASHELLS;60;25
734200;;SUBMISSION;VEV_5300;SEASHELLS;60;6
734200;;SUBMISSION;VEV_5300;SEASHELLS;59;2
741600;SUBMISSION;;VELVETFRUIT_EXTRACT;SEASHELLS;5267;5
743600;SUBMISSION;;VEV_4000;SEASHELLS;1264;3
744200;;SUBMISSION;VELVETFRUIT_EXTRACT;SEASHELLS;5271;5
744200;;SUBMISSION;VEV_4000;SEASHELLS;1263;3
745000;SUBMISSION;;HYDROGEL_PACK;SEASHELLS;10042;6
745100;;SUBMISSION;HYDROGEL_PACK;SEASHELLS;10037;6
747400;SUBMISSION;;VEV_4000;SEASHELLS;1269;3
747500;;SUBMISSION;VEV_4000;SEASHELLS;1263;3
747700;SUBMISSION;;VEV_4000;SEASHELLS;1266;3
748300;;SUBMISSION;VEV_4000;SEASHELLS;1272;3
749800;SUBMISSION;;HYDROGEL_PACK;SEASHELLS;10050;2
749900;;SUBMISSION;HYDROGEL_PACK;SEASHELLS;10045;2
753400;SUBMISSION;;VEV_4000;SEASHELLS;1258;3
755800;SUBMISSION;;VELVETFRUIT_EXTRACT;SEASHELLS;5264;4
756600;SUBMISSION;;HYDROGEL_PACK;SEASHELLS;10068;6
756700;;SUBMISSION;HYDROGEL_PACK;SEASHELLS;10064;6
758500;;SUBMISSION;VELVETFRUIT_EXTRACT;SEASHELLS;5273;4
758500;;SUBMISSION;VEV_4000;SEASHELLS;1265;3
762400;SUBMISSION;;VELVETFRUIT_EXTRACT;SEASHELLS;5273;3
762700;SUBMISSION;;VEV_4000;SEASHELLS;1266;2
764300;SUBMISSION;;VEV_4000;SEASHELLS;1263;2
765100;SUBMISSION;;VELVETFRUIT_EXTRACT;SEASHELLS;5269;4
765700;;SUBMISSION;VEV_4000;SEASHELLS;1269;4
765800;SUBMISSION;;HYDROGEL_PACK;SEASHELLS;10054;3
765900;;SUBMISSION;HYDROGEL_PACK;SEASHELLS;10050;3
767000;;SUBMISSION;VELVETFRUIT_EXTRACT;SEASHELLS;5271;7
768100;SUBMISSION;;HYDROGEL_PACK;SEASHELLS;10061;4
768200;;SUBMISSION;HYDROGEL_PACK;SEASHELLS;10056;4
768200;SUBMISSION;;HYDROGEL_PACK;SEASHELLS;10061;3
768300;;SUBMISSION;HYDROGEL_PACK;SEASHELLS;10057;3
768700;SUBMISSION;;VELVETFRUIT_EXTRACT;SEASHELLS;5274;5
772500;SUBMISSION;;VELVETFRUIT_EXTRACT;SEASHELLS;5264;7
775100;SUBMISSION;;HYDROGEL_PACK;SEASHELLS;10062;5
775200;;SUBMISSION;HYDROGEL_PACK;SEASHELLS;10058;5
775300;SUBMISSION;;VEV_4000;SEASHELLS;1255;1
783300;SUBMISSION;;VEV_4000;SEASHELLS;1254;3
785200;SUBMISSION;;HYDROGEL_PACK;SEASHELLS;10061;3
785300;;SUBMISSION;HYDROGEL_PACK;SEASHELLS;10060;3
785800;SUBMISSION;;HYDROGEL_PACK;SEASHELLS;10061;3
785900;;SUBMISSION;HYDROGEL_PACK;SEASHELLS;10057;3
786700;SUBMISSION;;HYDROGEL_PACK;SEASHELLS;10059;4
786800;;SUBMISSION;HYDROGEL_PACK;SEASHELLS;10052;4
786900;SUBMISSION;;VEV_4000;SEASHELLS;1255;1
789200;SUBMISSION;;VEV_4000;SEASHELLS;1255;3
792200;SUBMISSION;;VELVETFRUIT_EXTRACT;SEASHELLS;5262;6
794900;SUBMISSION;;VELVETFRUIT_EXTRACT;SEASHELLS;5255;6
796600;SUBMISSION;;VELVETFRUIT_EXTRACT;SEASHELLS;5255;8
797600;SUBMISSION;;HYDROGEL_PACK;SEASHELLS;10031;4
799900;SUBMISSION;;VELVETFRUIT_EXTRACT;SEASHELLS;5253;8
800100;SUBMISSION;;HYDROGEL_PACK;SEASHELLS;10018;5
800400;SUBMISSION;;VEV_5300;SEASHELLS;46;3
804900;SUBMISSION;;VEV_4000;SEASHELLS;1235;1
805300;SUBMISSION;;HYDROGEL_PACK;SEASHELLS;10004;4
807800;SUBMISSION;;VEV_5300;SEASHELLS;46;3
812400;SUBMISSION;;VELVETFRUIT_EXTRACT;SEASHELLS;5237;8
812500;SUBMISSION;;VELVETFRUIT_EXTRACT;SEASHELLS;5234;15
812600;SUBMISSION;;VEV_5300;SEASHELLS;41;4
814500;SUBMISSION;;HYDROGEL_PACK;SEASHELLS;9994;3
816800;SUBMISSION;;HYDROGEL_PACK;SEASHELLS;10004;4
817900;SUBMISSION;;VELVETFRUIT_EXTRACT;SEASHELLS;5232;5
818500;SUBMISSION;;VELVETFRUIT_EXTRACT;SEASHELLS;5234;7
821100;SUBMISSION;;HYDROGEL_PACK;SEASHELLS;9999;4
821300;SUBMISSION;;VEV_4000;SEASHELLS;1238;2
822200;SUBMISSION;;VELVETFRUIT_EXTRACT;SEASHELLS;5244;7
832100;SUBMISSION;;VELVETFRUIT_EXTRACT;SEASHELLS;5242;8
833600;SUBMISSION;;HYDROGEL_PACK;SEASHELLS;10031;2
834900;SUBMISSION;;VELVETFRUIT_EXTRACT;SEASHELLS;5246;7
835300;;SUBMISSION;HYDROGEL_PACK;SEASHELLS;10034;10
835300;;SUBMISSION;HYDROGEL_PACK;SEASHELLS;10031;16
836000;SUBMISSION;;VELVETFRUIT_EXTRACT;SEASHELLS;5247;6
840400;SUBMISSION;;VELVETFRUIT_EXTRACT;SEASHELLS;5255;3
843100;SUBMISSION;;VELVETFRUIT_EXTRACT;SEASHELLS;5257;4
845500;SUBMISSION;;HYDROGEL_PACK;SEASHELLS;10018;6
847200;SUBMISSION;;HYDROGEL_PACK;SEASHELLS;10028;5
848900;SUBMISSION;;VEV_5300;SEASHELLS;52;5
849200;SUBMISSION;;VEV_4000;SEASHELLS;1261;2
850300;SUBMISSION;;VELVETFRUIT_EXTRACT;SEASHELLS;5261;7
851700;SUBMISSION;;VELVETFRUIT_EXTRACT;SEASHELLS;5262;6
851800;;SUBMISSION;HYDROGEL_PACK;SEASHELLS;10035;11
852900;SUBMISSION;;VELVETFRUIT_EXTRACT;SEASHELLS;5266;7
853500;SUBMISSION;;HYDROGEL_PACK;SEASHELLS;10037;4
854000;;SUBMISSION;HYDROGEL_PACK;SEASHELLS;10035;4
854300;;SUBMISSION;VELVETFRUIT_EXTRACT;SEASHELLS;5272;30
854300;;SUBMISSION;VEV_4000;SEASHELLS;1264;9
854300;;SUBMISSION;VEV_4000;SEASHELLS;1262;4
854400;;SUBMISSION;VELVETFRUIT_EXTRACT;SEASHELLS;5273;30
854600;;SUBMISSION;VELVETFRUIT_EXTRACT;SEASHELLS;5273;24
854600;;SUBMISSION;VELVETFRUIT_EXTRACT;SEASHELLS;5272;6
854700;;SUBMISSION;VELVETFRUIT_EXTRACT;SEASHELLS;5273;17
854700;;SUBMISSION;VELVETFRUIT_EXTRACT;SEASHELLS;5272;13
854900;;SUBMISSION;VELVETFRUIT_EXTRACT;SEASHELLS;5273;10
855500;SUBMISSION;;VEV_4000;SEASHELLS;1269;3
856600;SUBMISSION;;VELVETFRUIT_EXTRACT;SEASHELLS;5273;3
862900;SUBMISSION;;HYDROGEL_PACK;SEASHELLS;10043;6
863000;;SUBMISSION;HYDROGEL_PACK;SEASHELLS;10038;6
863300;SUBMISSION;;VELVETFRUIT_EXTRACT;SEASHELLS;5254;12
867100;SUBMISSION;;HYDROGEL_PACK;SEASHELLS;10045;5
867200;;SUBMISSION;HYDROGEL_PACK;SEASHELLS;10037;5
868700;SUBMISSION;;VELVETFRUIT_EXTRACT;SEASHELLS;5250;4
869600;SUBMISSION;;VELVETFRUIT_EXTRACT;SEASHELLS;5245;5
870100;SUBMISSION;;VEV_4000;SEASHELLS;1241;3
871500;SUBMISSION;;VELVETFRUIT_EXTRACT;SEASHELLS;5245;8
871700;SUBMISSION;;HYDROGEL_PACK;SEASHELLS;10033;5
873600;SUBMISSION;;VELVETFRUIT_EXTRACT;SEASHELLS;5242;7
879700;SUBMISSION;;VELVETFRUIT_EXTRACT;SEASHELLS;5238;11
881400;SUBMISSION;;VEV_4000;SEASHELLS;1234;1
881800;SUBMISSION;;VELVETFRUIT_EXTRACT;SEASHELLS;5247;4
883800;SUBMISSION;;VELVETFRUIT_EXTRACT;SEASHELLS;5252;8
883900;SUBMISSION;;VELVETFRUIT_EXTRACT;SEASHELLS;5254;3
884200;SUBMISSION;;VELVETFRUIT_EXTRACT;SEASHELLS;5256;4
884600;SUBMISSION;;VELVETFRUIT_EXTRACT;SEASHELLS;5257;7
886300;SUBMISSION;;VEV_4000;SEASHELLS;1251;3
887800;SUBMISSION;;VELVETFRUIT_EXTRACT;SEASHELLS;5254;8
890200;SUBMISSION;;VELVETFRUIT_EXTRACT;SEASHELLS;5243;4
891000;SUBMISSION;;VELVETFRUIT_EXTRACT;SEASHELLS;5248;3
894300;SUBMISSION;;HYDROGEL_PACK;SEASHELLS;9988;6
894300;SUBMISSION;;VELVETFRUIT_EXTRACT;SEASHELLS;5253;10
896900;SUBMISSION;;VELVETFRUIT_EXTRACT;SEASHELLS;5247;11
898200;SUBMISSION;;HYDROGEL_PACK;SEASHELLS;9999;4
899700;SUBMISSION;;VELVETFRUIT_EXTRACT;SEASHELLS;5250;5
901400;SUBMISSION;;HYDROGEL_PACK;SEASHELLS;9995;4
901900;SUBMISSION;;VELVETFRUIT_EXTRACT;SEASHELLS;5255;3
905200;SUBMISSION;;VELVETFRUIT_EXTRACT;SEASHELLS;5259;6
907300;SUBMISSION;;VELVETFRUIT_EXTRACT;SEASHELLS;5254;4
912000;SUBMISSION;;HYDROGEL_PACK;SEASHELLS;10035;6
912600;SUBMISSION;;HYDROGEL_PACK;SEASHELLS;10032;2
913100;SUBMISSION;;VELVETFRUIT_EXTRACT;SEASHELLS;5262;7
915200;SUBMISSION;;VEV_4000;SEASHELLS;1259;2
918500;SUBMISSION;;HYDROGEL_PACK;SEASHELLS;10015;6
919400;;SUBMISSION;VEV_4000;SEASHELLS;1270;2
919400;;SUBMISSION;VEV_4000;SEASHELLS;1260;10
921900;;SUBMISSION;VELVETFRUIT_EXTRACT;SEASHELLS;5274;10
921900;;SUBMISSION;VELVETFRUIT_EXTRACT;SEASHELLS;5271;20
923000;SUBMISSION;;VELVETFRUIT_EXTRACT;SEASHELLS;5273;6
923200;;SUBMISSION;VELVETFRUIT_EXTRACT;SEASHELLS;5274;8
923200;;SUBMISSION;VELVETFRUIT_EXTRACT;SEASHELLS;5271;22
924500;SUBMISSION;;HYDROGEL_PACK;SEASHELLS;10009;5
925100;;SUBMISSION;VELVETFRUIT_EXTRACT;SEASHELLS;5273;22
925100;;SUBMISSION;VELVETFRUIT_EXTRACT;SEASHELLS;5272;8
925200;;SUBMISSION;VELVETFRUIT_EXTRACT;SEASHELLS;5273;24
925200;;SUBMISSION;VELVETFRUIT_EXTRACT;SEASHELLS;5272;6
925400;SUBMISSION;;VEV_4000;SEASHELLS;1269;3
925500;;SUBMISSION;VELVETFRUIT_EXTRACT;SEASHELLS;5274;23
925500;;SUBMISSION;VEV_4000;SEASHELLS;1266;3
928000;SUBMISSION;;HYDROGEL_PACK;SEASHELLS;9997;2
928100;;SUBMISSION;VEV_5300;SEASHELLS;58;8
928100;;SUBMISSION;VEV_5300;SEASHELLS;57;7
929800;SUBMISSION;;HYDROGEL_PACK;SEASHELLS;9997;3
931200;SUBMISSION;;VELVETFRUIT_EXTRACT;SEASHELLS;5275;6
931400;;SUBMISSION;VELVETFRUIT_EXTRACT;SEASHELLS;5273;6
932100;SUBMISSION;;HYDROGEL_PACK;SEASHELLS;9995;3
934300;SUBMISSION;;HYDROGEL_PACK;SEASHELLS;10001;3
936500;SUBMISSION;;HYDROGEL_PACK;SEASHELLS;10001;6
936600;SUBMISSION;;VELVETFRUIT_EXTRACT;SEASHELLS;5266;7
936700;SUBMISSION;;HYDROGEL_PACK;SEASHELLS;10002;3
937700;SUBMISSION;;VEV_4000;SEASHELLS;1254;3
937800;SUBMISSION;;VELVETFRUIT_EXTRACT;SEASHELLS;5264;6
948500;SUBMISSION;;VEV_5300;SEASHELLS;46;4
950300;SUBMISSION;;HYDROGEL_PACK;SEASHELLS;10025;5
957800;SUBMISSION;;HYDROGEL_PACK;SEASHELLS;10002;6
963300;SUBMISSION;;VELVETFRUIT_EXTRACT;SEASHELLS;5271;5
963500;SUBMISSION;;VELVETFRUIT_EXTRACT;SEASHELLS;5271;5
964000;SUBMISSION;;HYDROGEL_PACK;SEASHELLS;10024;3
964700;SUBMISSION;;HYDROGEL_PACK;SEASHELLS;10012;4
964800;;SUBMISSION;VEV_4000;SEASHELLS;1266;3
964900;;SUBMISSION;VELVETFRUIT_EXTRACT;SEASHELLS;5274;22
964900;;SUBMISSION;VELVETFRUIT_EXTRACT;SEASHELLS;5273;1
965000;SUBMISSION;;VELVETFRUIT_EXTRACT;SEASHELLS;5276;4
966200;SUBMISSION;;VELVETFRUIT_EXTRACT;SEASHELLS;5272;7
967100;;SUBMISSION;VELVETFRUIT_EXTRACT;SEASHELLS;5273;11
968200;SUBMISSION;;VEV_4000;SEASHELLS;1267;1
970500;SUBMISSION;;HYDROGEL_PACK;SEASHELLS;9985;3
972800;SUBMISSION;;VELVETFRUIT_EXTRACT;SEASHELLS;5261;3
975400;SUBMISSION;;VELVETFRUIT_EXTRACT;SEASHELLS;5259;3
977600;SUBMISSION;;HYDROGEL_PACK;SEASHELLS;9991;2
979200;SUBMISSION;;HYDROGEL_PACK;SEASHELLS;10003;2
982900;SUBMISSION;;HYDROGEL_PACK;SEASHELLS;10002;6
985600;SUBMISSION;;VELVETFRUIT_EXTRACT;SEASHELLS;5252;14
988000;SUBMISSION;;HYDROGEL_PACK;SEASHELLS;10020;4
988100;SUBMISSION;;VEV_5200;SEASHELLS;95;5
988100;SUBMISSION;;VEV_5300;SEASHELLS;47;5
988400;SUBMISSION;;HYDROGEL_PACK;SEASHELLS;10020;6
989000;SUBMISSION;;HYDROGEL_PACK;SEASHELLS;10021;4
991500;SUBMISSION;;VELVETFRUIT_EXTRACT;SEASHELLS;5264;4
991600;SUBMISSION;;VELVETFRUIT_EXTRACT;SEASHELLS;5264;7
997300;SUBMISSION;;VEV_4000;SEASHELLS;1266;2
