timestamp;buyer;seller;symbol;currency;price;quantity
0;;SUBMISSION;VELVETFRUIT_EXTRACT;SEASHELLS;5247;60
0;;SUBMISSION;VEV_5000;SEASHELLS;254;15
0;;SUBMISSION;VEV_5100;SEASHELLS;169;15
0;;SUBMISSION;VEV_5200;SEASHELLS;100;15
0;;SUBMISSION;VEV_5400;SEASHELLS;22;15
0;;SUBMISSION;VEV_5500;SEASHELLS;8;15
100;;SUBMISSION;VELVETFRUIT_EXTRACT;SEASHELLS;5248;60
100;;SUBMISSION;VEV_5100;SEASHELLS;170;15
100;;SUBMISSION;VEV_5200;SEASHELLS;101;15
100;;SUBMISSION;VEV_5300;SEASHELLS;52;15
100;;SUBMISSION;VEV_5400;SEASHELLS;23;15
100;;SUBMISSION;VEV_5500;SEASHELLS;8;15
200;;SUBMISSION;VELVETFRUIT_EXTRACT;SEASHELLS;5248;20
200;;SUBMISSION;VEV_5000;SEASHELLS;254;15
200;;SUBMISSION;VEV_5500;SEASHELLS;8;15
300;;SUBMISSION;VELVETFRUIT_EXTRACT;SEASHELLS;5248;20
300;;SUBMISSION;VEV_5000;SEASHELLS;254;15
300;;SUBMISSION;VEV_5500;SEASHELLS;8;15
400;;SUBMISSION;VELVETFRUIT_EXTRACT;SEASHELLS;5248;20
400;;SUBMISSION;VEV_5000;SEASHELLS;254;30
400;;SUBMISSION;VEV_5500;SEASHELLS;8;15
500;;SUBMISSION;VELVETFRUIT_EXTRACT;SEASHELLS;5247;20
500;;SUBMISSION;VEV_5100;SEASHELLS;169;15
500;;SUBMISSION;VEV_5200;SEASHELLS;100;15
500;;SUBMISSION;VEV_5300;SEASHELLS;51;15
500;;SUBMISSION;VEV_5400;SEASHELLS;22;15
500;;SUBMISSION;VEV_5500;SEASHELLS;8;15
600;;SUBMISSION;VEV_5100;SEASHELLS;168;15
600;;SUBMISSION;VEV_5200;SEASHELLS;99;15
600;;SUBMISSION;VEV_5300;SEASHELLS;51;15
600;;SUBMISSION;VEV_5400;SEASHELLS;22;15
600;;SUBMISSION;VEV_5500;SEASHELLS;8;15
700;;SUBMISSION;VEV_5100;SEASHELLS;168;15
700;;SUBMISSION;VEV_5200;SEASHELLS;99;15
700;;SUBMISSION;VEV_5300;SEASHELLS;51;15
700;;SUBMISSION;VEV_5400;SEASHELLS;22;15
700;;SUBMISSION;VEV_5500;SEASHELLS;8;15
800;;SUBMISSION;VEV_5100;SEASHELLS;167;15
800;;SUBMISSION;VEV_5300;SEASHELLS;50;15
800;;SUBMISSION;VEV_5400;SEASHELLS;22;15
800;;SUBMISSION;VEV_5500;SEASHELLS;8;15
900;;SUBMISSION;HYDROGEL_PACK;SEASHELLS;9997;10
900;;SUBMISSION;VEV_5200;SEASHELLS;98;30
900;;SUBMISSION;VEV_5300;SEASHELLS;50;15
900;;SUBMISSION;VEV_5400;SEASHELLS;22;15
900;;SUBMISSION;VEV_5500;SEASHELLS;8;15
1000;;SUBMISSION;VEV_5000;SEASHELLS;251;30
1000;;SUBMISSION;VEV_5100;SEASHELLS;167;30
1000;;SUBMISSION;VEV_5300;SEASHELLS;50;15
1000;;SUBMISSION;VEV_5400;SEASHELLS;22;15
1000;;SUBMISSION;VEV_5500;SEASHELLS;8;15
1100;;SUBMISSION;VEV_5100;SEASHELLS;168;15
1100;;SUBMISSION;VEV_5300;SEASHELLS;51;15
1100;;SUBMISSION;VEV_5400;SEASHELLS;22;15
1100;;SUBMISSION;VEV_5500;SEASHELLS;8;15
1200;;SUBMISSION;VEV_5100;SEASHELLS;168;15
1200;;SUBMISSION;VEV_5200;SEASHELLS;99;15
1200;;SUBMISSION;VEV_5300;SEASHELLS;51;15
1200;;SUBMISSION;VEV_5400;SEASHELLS;22;15
1200;;SUBMISSION;VEV_5500;SEASHELLS;8;15
1300;;SUBMISSION;VEV_5200;SEASHELLS;99;30
1300;;SUBMISSION;VEV_5400;SEASHELLS;22;15
1300;;SUBMISSION;VEV_5500;SEASHELLS;8;15
1400;;SUBMISSION;VEV_5100;SEASHELLS;167;15
1400;;SUBMISSION;VEV_5300;SEASHELLS;50;15
1400;;SUBMISSION;VEV_5400;SEASHELLS;22;15
1400;;SUBMISSION;VEV_5500;SEASHELLS;8;15
1500;;SUBMISSION;HYDROGEL_PACK;SEASHELLS;9996;10
1500;;SUBMISSION;VEV_5200;SEASHELLS;98;15
1500;;SUBMISSION;VEV_5300;SEASHELLS;50;15
1500;;SUBMISSION;VEV_5400;SEASHELLS;22;15
1500;;SUBMISSION;VEV_5500;SEASHELLS;8;15
1600;;SUBMISSION;HYDROGEL_PACK;SEASHELLS;9996;10
1600;;SUBMISSION;VEV_5200;SEASHELLS;98;15
1600;;SUBMISSION;VEV_5300;SEASHELLS;50;15
1600;;SUBMISSION;VEV_5400;SEASHELLS;22;15
1600;;SUBMISSION;VEV_5500;SEASHELLS;8;15
1700;;SUBMISSION;VEV_5200;SEASHELLS;98;30
1700;;SUBMISSION;VEV_5300;SEASHELLS;50;15
1700;;SUBMISSION;VEV_5500;SEASHELLS;8;30
1800;;SUBMISSION;VEV_4000;SEASHELLS;1236;15
1800;;SUBMISSION;VEV_5200;SEASHELLS;98;15
1800;;SUBMISSION;VEV_5400;SEASHELLS;22;15
1800;;SUBMISSION;VEV_5500;SEASHELLS;8;15
1900;;SUBMISSION;VEV_5000;SEASHELLS;251;30
1900;;SUBMISSION;VEV_5100;SEASHELLS;167;30
1900;;SUBMISSION;VEV_5300;SEASHELLS;50;15
1900;;SUBMISSION;VEV_5400;SEASHELLS;22;15
2000;;SUBMISSION;VEV_5200;SEASHELLS;99;15
2000;;SUBMISSION;VEV_5400;SEASHELLS;22;15
2100;;SUBMISSION;VEV_5000;SEASHELLS;251;15
2100;;SUBMISSION;VEV_5100;SEASHELLS;167;15
2100;;SUBMISSION;VEV_5300;SEASHELLS;50;15
2100;;SUBMISSION;VEV_5400;SEASHELLS;22;15
2200;SUBMISSION;;HYDROGEL_PACK;SEASHELLS;10002;10
2200;;SUBMISSION;VEV_5000;SEASHELLS;251;30
2200;;SUBMISSION;VEV_5100;SEASHELLS;167;30
2200;;SUBMISSION;VEV_5300;SEASHELLS;50;15
2200;;SUBMISSION;VEV_5400;SEASHELLS;22;15
2300;SUBMISSION;;HYDROGEL_PACK;SEASHELLS;10002;10
2300;;SUBMISSION;VEV_5000;SEASHELLS;252;15
2300;;SUBMISSION;VEV_5200;SEASHELLS;99;15
2300;;SUBMISSION;VEV_5300;SEASHELLS;51;15
2400;SUBMISSION;;HYDROGEL_PACK;SEASHELLS;10002;10
2400;;SUBMISSION;VEV_5000;SEASHELLS;252;15
2400;;SUBMISSION;VEV_5100;SEASHELLS;168;15
2400;;SUBMISSION;VEV_5200;SEASHELLS;99;15
2400;;SUBMISSION;VEV_5300;SEASHELLS;51;15
2400;;SUBMISSION;VEV_5400;SEASHELLS;22;15
2500;SUBMISSION;;HYDROGEL_PACK;SEASHELLS;10001;10
2500;;SUBMISSION;VEV_5100;SEASHELLS;167;15
2500;;SUBMISSION;VEV_5300;SEASHELLS;50;15
2600;SUBMISSION;;HYDROGEL_PACK;SEASHELLS;10002;10
2600;;SUBMISSION;VEV_5000;SEASHELLS;251;30
2600;;SUBMISSION;VEV_5100;SEASHELLS;167;30
2600;;SUBMISSION;VEV_5200;SEASHELLS;98;30
2600;;SUBMISSION;VEV_5300;SEASHELLS;50;15
2700;SUBMISSION;;HYDROGEL_PACK;SEASHELLS;10003;10
2700;;SUBMISSION;VEV_4000;SEASHELLS;1236;15
2800;SUBMISSION;;HYDROGEL_PACK;SEASHELLS;10003;10
2900;SUBMISSION;;HYDROGEL_PACK;SEASHELLS;10001;10
3000;SUBMISSION;;HYDROGEL_PACK;SEASHELLS;10002;10
3000;;SUBMISSION;VEV_5000;SEASHELLS;250;30
3100;SUBMISSION;;HYDROGEL_PACK;SEASHELLS;10003;10
3300;;SUBMISSION;VEV_4000;SEASHELLS;1235;15
3400;;SUBMISSION;VEV_5000;SEASHELLS;249;30
3900;SUBMISSION;;HYDROGEL_PACK;SEASHELLS;10003;10
4200;SUBMISSION;;HYDROGEL_PACK;SEASHELLS;10002;10
4500;SUBMISSION;;HYDROGEL_PACK;SEASHELLS;10003;10
4900;SUBMISSION;;HYDROGEL_PACK;SEASHELLS;10002;10
5000;SUBMISSION;;HYDROGEL_PACK;SEASHELLS;10002;10
5100;SUBMISSION;;HYDROGEL_PACK;SEASHELLS;10002;10
5500;SUBMISSION;;HYDROGEL_PACK;SEASHELLS;10003;10
5600;SUBMISSION;;HYDROGEL_PACK;SEASHELLS;9999;10
5700;SUBMISSION;;HYDROGEL_PACK;SEASHELLS;9998;10
5800;SUBMISSION;;HYDROGEL_PACK;SEASHELLS;10000;10
5900;SUBMISSION;;HYDROGEL_PACK;SEASHELLS;10001;10
6100;SUBMISSION;;HYDROGEL_PACK;SEASHELLS;10004;10
6200;SUBMISSION;;HYDROGEL_PACK;SEASHELLS;10004;10
6500;SUBMISSION;;VELVETFRUIT_EXTRACT;SEASHELLS;5237;60
6500;SUBMISSION;;VEV_5000;SEASHELLS;246;15
6500;SUBMISSION;;VEV_5200;SEASHELLS;94;15
6500;SUBMISSION;;VEV_5400;SEASHELLS;20;15
6600;SUBMISSION;;VELVETFRUIT_EXTRACT;SEASHELLS;5237;20
6600;SUBMISSION;;VEV_5100;SEASHELLS;162;15
6600;SUBMISSION;;VEV_5200;SEASHELLS;94;15
6700;SUBMISSION;;VELVETFRUIT_EXTRACT;SEASHELLS;5237;20
6700;SUBMISSION;;VEV_5100;SEASHELLS;162;15
6700;SUBMISSION;;VEV_5200;SEASHELLS;94;15
6800;SUBMISSION;;VELVETFRUIT_EXTRACT;SEASHELLS;5237;10
6800;SUBMISSION;;VEV_5100;SEASHELLS;162;30
6800;SUBMISSION;;VEV_5200;SEASHELLS;94;30
6900;SUBMISSION;;VEV_5000;SEASHELLS;247;15
6900;SUBMISSION;;VEV_5300;SEASHELLS;48;15
7000;SUBMISSION;;VEV_5300;SEASHELLS;48;15
7100;SUBMISSION;;VELVETFRUIT_EXTRACT;SEASHELLS;5237;20
7100;SUBMISSION;;VEV_5100;SEASHELLS;162;15
7100;SUBMISSION;;VEV_5200;SEASHELLS;94;15
7100;SUBMISSION;;VEV_5300;SEASHELLS;48;15
7200;SUBMISSION;;VEV_5300;SEASHELLS;48;15
7300;;SUBMISSION;VELVETFRUIT_EXTRACT;SEASHELLS;5235;70
7400;;SUBMISSION;VELVETFRUIT_EXTRACT;SEASHELLS;5235;60
7600;;SUBMISSION;HYDROGEL_PACK;SEASHELLS;10005;10
7700;;SUBMISSION;HYDROGEL_PACK;SEASHELLS;10006;10
7800;SUBMISSION;;VEV_5100;SEASHELLS;162;15
7800;SUBMISSION;;VEV_5200;SEASHELLS;94;15
7800;SUBMISSION;;VEV_5300;SEASHELLS;48;15
7900;;SUBMISSION;HYDROGEL_PACK;SEASHELLS;10004;10
7900;SUBMISSION;;VEV_5100;SEASHELLS;161;30
7900;SUBMISSION;;VEV_5300;SEASHELLS;48;15
7900;SUBMISSION;;VEV_5400;SEASHELLS;20;15
8000;SUBMISSION;;VEV_5000;SEASHELLS;245;30
8000;SUBMISSION;;VEV_5100;SEASHELLS;161;30
8000;SUBMISSION;;VEV_5200;SEASHELLS;93;30
8000;SUBMISSION;;VEV_5400;SEASHELLS;20;15
8100;;SUBMISSION;HYDROGEL_PACK;SEASHELLS;10004;10
8100;SUBMISSION;;VELVETFRUIT_EXTRACT;SEASHELLS;5235;20
8100;SUBMISSION;;VEV_4000;SEASHELLS;1242;15
8100;SUBMISSION;;VEV_5000;SEASHELLS;244;30
8100;SUBMISSION;;VEV_5100;SEASHELLS;160;30
8100;SUBMISSION;;VEV_5300;SEASHELLS;47;15
8100;SUBMISSION;;VEV_5400;SEASHELLS;20;15
8200;;SUBMISSION;HYDROGEL_PACK;SEASHELLS;10004;10
8200;SUBMISSION;;VELVETFRUIT_EXTRACT;SEASHELLS;5234;10
8200;SUBMISSION;;VEV_5200;SEASHELLS;92;15
8200;SUBMISSION;;VEV_5300;SEASHELLS;47;15
8200;SUBMISSION;;VEV_5400;SEASHELLS;20;15
8300;SUBMISSION;;VELVETFRUIT_EXTRACT;SEASHELLS;5234;60
8300;SUBMISSION;;VEV_5000;SEASHELLS;243;15
8300;SUBMISSION;;VEV_5100;SEASHELLS;159;15
8300;SUBMISSION;;VEV_5200;SEASHELLS;92;15
8300;SUBMISSION;;VEV_5300;SEASHELLS;47;15
8300;SUBMISSION;;VEV_5400;SEASHELLS;20;15
8400;SUBMISSION;;VELVETFRUIT_EXTRACT;SEASHELLS;5233;70
8400;SUBMISSION;;VEV_5400;SEASHELLS;20;15
8400;SUBMISSION;;VEV_5500;SEASHELLS;7;15
8500;SUBMISSION;;VELVETFRUIT_EXTRACT;SEASHELLS;5233;20
8500;SUBMISSION;;VEV_5100;SEASHELLS;159;15
8500;SUBMISSION;;VEV_5200;SEASHELLS;92;15
8500;SUBMISSION;;VEV_5300;SEASHELLS;47;15
8500;SUBMISSION;;VEV_5400;SEASHELLS;20;15
8500;SUBMISSION;;VEV_5500;SEASHELLS;7;15
8600;SUBMISSION;;HYDROGEL_PACK;SEASHELLS;10010;10
8600;SUBMISSION;;VELVETFRUIT_EXTRACT;SEASHELLS;5232;10
8600;SUBMISSION;;VEV_5100;SEASHELLS;158;15
8600;SUBMISSION;;VEV_5200;SEASHELLS;91;15
8600;SUBMISSION;;VEV_5300;SEASHELLS;46;15
8600;SUBMISSION;;VEV_5400;SEASHELLS;20;15
8600;SUBMISSION;;VEV_5500;SEASHELLS;7;15
8700;SUBMISSION;;VELVETFRUIT_EXTRACT;SEASHELLS;5233;50
8700;SUBMISSION;;VEV_5000;SEASHELLS;242;15
8700;SUBMISSION;;VEV_5100;SEASHELLS;158;15
8700;SUBMISSION;;VEV_5200;SEASHELLS;91;15
8700;SUBMISSION;;VEV_5300;SEASHELLS;46;15
8700;SUBMISSION;;VEV_5400;SEASHELLS;20;15
8700;SUBMISSION;;VEV_5500;SEASHELLS;7;15
8800;SUBMISSION;;VELVETFRUIT_EXTRACT;SEASHELLS;5233;10
8800;SUBMISSION;;VEV_5000;SEASHELLS;243;30
8800;SUBMISSION;;VEV_5100;SEASHELLS;159;30
8800;SUBMISSION;;VEV_5200;SEASHELLS;92;30
8800;SUBMISSION;;VEV_5300;SEASHELLS;47;15
8800;SUBMISSION;;VEV_5400;SEASHELLS;20;15
8900;SUBMISSION;;VEV_4000;SEASHELLS;1242;15
8900;SUBMISSION;;VEV_5000;SEASHELLS;244;15
8900;SUBMISSION;;VEV_5100;SEASHELLS;160;15
8900;SUBMISSION;;VEV_5200;SEASHELLS;93;15
8900;SUBMISSION;;VEV_5300;SEASHELLS;47;15
8900;SUBMISSION;;VEV_5400;SEASHELLS;20;15
9000;SUBMISSION;;VELVETFRUIT_EXTRACT;SEASHELLS;5235;60
9000;SUBMISSION;;VEV_5000;SEASHELLS;244;30
9000;SUBMISSION;;VEV_5100;SEASHELLS;160;30
9000;SUBMISSION;;VEV_5300;SEASHELLS;47;15
9000;SUBMISSION;;VEV_5400;SEASHELLS;20;15
9100;SUBMISSION;;VELVETFRUIT_EXTRACT;SEASHELLS;5233;20
9100;SUBMISSION;;VEV_5000;SEASHELLS;243;30
9100;SUBMISSION;;VEV_5100;SEASHELLS;159;30
9100;SUBMISSION;;VEV_5200;SEASHELLS;92;30
9100;SUBMISSION;;VEV_5300;SEASHELLS;47;15
9100;SUBMISSION;;VEV_5400;SEASHELLS;20;15
9200;SUBMISSION;;VELVETFRUIT_EXTRACT;SEASHELLS;5234;10
9200;SUBMISSION;;VEV_5200;SEASHELLS;92;15
9200;SUBMISSION;;VEV_5300;SEASHELLS;47;15
9200;SUBMISSION;;VEV_5400;SEASHELLS;20;15
9300;SUBMISSION;;VEV_5200;SEASHELLS;92;30
9300;SUBMISSION;;VEV_5300;SEASHELLS;47;15
9300;SUBMISSION;;VEV_5400;SEASHELLS;20;15
9400;SUBMISSION;;VELVETFRUIT_EXTRACT;SEASHELLS;5234;10
9400;SUBMISSION;;VEV_5200;SEASHELLS;92;15
9400;SUBMISSION;;VEV_5300;SEASHELLS;47;15
9400;SUBMISSION;;VEV_5400;SEASHELLS;20;15
9500;SUBMISSION;;VEV_5100;SEASHELLS;161;15
9500;SUBMISSION;;VEV_5300;SEASHELLS;48;15
9600;SUBMISSION;;VEV_5000;SEASHELLS;246;15
9600;SUBMISSION;;VEV_5200;SEASHELLS;94;15
9600;SUBMISSION;;VEV_5300;SEASHELLS;48;15
9700;SUBMISSION;;VEV_5000;SEASHELLS;245;15
9700;SUBMISSION;;VEV_5200;SEASHELLS;93;15
9700;SUBMISSION;;VEV_5300;SEASHELLS;47;15
9700;SUBMISSION;;VEV_5400;SEASHELLS;20;15
9800;SUBMISSION;;VEV_5100;SEASHELLS;160;15
9800;SUBMISSION;;VEV_5200;SEASHELLS;93;15
9800;SUBMISSION;;VEV_5300;SEASHELLS;47;15
9800;SUBMISSION;;VEV_5400;SEASHELLS;20;15
9900;SUBMISSION;;VEV_5200;SEASHELLS;94;15
9900;SUBMISSION;;VEV_5300;SEASHELLS;48;15
10000;SUBMISSION;;HYDROGEL_PACK;SEASHELLS;10011;10
10000;SUBMISSION;;VEV_5100;SEASHELLS;160;15
10000;SUBMISSION;;VEV_5200;SEASHELLS;93;15
10000;SUBMISSION;;VEV_5300;SEASHELLS;47;15
10000;SUBMISSION;;VEV_5400;SEASHELLS;20;15
10100;SUBMISSION;;VELVETFRUIT_EXTRACT;SEASHELLS;5234;50
10100;SUBMISSION;;VEV_4000;SEASHELLS;1242;15
10100;SUBMISSION;;VEV_5200;SEASHELLS;92;15
10100;SUBMISSION;;VEV_5300;SEASHELLS;47;15
10100;SUBMISSION;;VEV_5400;SEASHELLS;20;15
10200;SUBMISSION;;VEV_5200;SEASHELLS;93;15
10200;SUBMISSION;;VEV_5300;SEASHELLS;47;15
10200;SUBMISSION;;VEV_5400;SEASHELLS;20;15
10300;SUBMISSION;;VEV_5000;SEASHELLS;245;15
10300;SUBMISSION;;VEV_5200;SEASHELLS;93;15
10300;SUBMISSION;;VEV_5300;SEASHELLS;47;15
10300;SUBMISSION;;VEV_5400;SEASHELLS;20;15
10400;SUBMISSION;;VEV_5300;SEASHELLS;48;15
10400;SUBMISSION;;VEV_5400;SEASHELLS;20;15
10500;SUBMISSION;;VEV_5000;SEASHELLS;246;15
10500;SUBMISSION;;VEV_5100;SEASHELLS;162;15
10500;SUBMISSION;;VEV_5200;SEASHELLS;94;15
10500;SUBMISSION;;VEV_5300;SEASHELLS;48;15
10600;SUBMISSION;;VEV_5000;SEASHELLS;246;30
10600;SUBMISSION;;VEV_5200;SEASHELLS;94;30
10600;SUBMISSION;;VEV_5300;SEASHELLS;48;15
10700;SUBMISSION;;VEV_5000;SEASHELLS;246;15
10700;SUBMISSION;;VEV_5100;SEASHELLS;162;15
10700;SUBMISSION;;VEV_5200;SEASHELLS;94;15
10700;SUBMISSION;;VEV_5300;SEASHELLS;48;15
10800;SUBMISSION;;VEV_5000;SEASHELLS;247;15
10800;SUBMISSION;;VEV_5300;SEASHELLS;48;15
10900;SUBMISSION;;VEV_5300;SEASHELLS;48;15
11100;SUBMISSION;;VEV_5300;SEASHELLS;48;15
11200;SUBMISSION;;VEV_5000;SEASHELLS;247;15
11200;SUBMISSION;;VEV_5300;SEASHELLS;48;15
11300;SUBMISSION;;VEV_5000;SEASHELLS;247;15
11300;SUBMISSION;;VEV_5300;SEASHELLS;48;15
11400;SUBMISSION;;VEV_5100;SEASHELLS;162;30
11400;SUBMISSION;;VEV_5200;SEASHELLS;94;30
11400;SUBMISSION;;VEV_5300;SEASHELLS;48;15
11800;SUBMISSION;;VEV_5200;SEASHELLS;95;15
11800;SUBMISSION;;VEV_5300;SEASHELLS;48;15
11900;SUBMISSION;;VEV_5100;SEASHELLS;162;30
11900;SUBMISSION;;VEV_5200;SEASHELLS;94;30
11900;SUBMISSION;;VEV_5300;SEASHELLS;48;15
12700;;SUBMISSION;VEV_5100;SEASHELLS;161;15
13100;;SUBMISSION;VEV_5100;SEASHELLS;161;15
13100;;SUBMISSION;VEV_5200;SEASHELLS;94;15
13100;;SUBMISSION;VEV_5300;SEASHELLS;48;15
13200;;SUBMISSION;VEV_5200;SEASHELLS;94;15
13200;;SUBMISSION;VEV_5300;SEASHELLS;48;15
13200;;SUBMISSION;VEV_5400;SEASHELLS;20;15
13300;;SUBMISSION;HYDROGEL_PACK;SEASHELLS;10005;10
13400;;SUBMISSION;HYDROGEL_PACK;SEASHELLS;10004;10
13400;;SUBMISSION;VEV_5100;SEASHELLS;162;30
13400;;SUBMISSION;VEV_5300;SEASHELLS;48;15
13400;;SUBMISSION;VEV_5400;SEASHELLS;20;15
13500;;SUBMISSION;HYDROGEL_PACK;SEASHELLS;10004;10
13500;;SUBMISSION;VEV_5100;SEASHELLS;164;15
13500;;SUBMISSION;VEV_5200;SEASHELLS;96;15
13500;;SUBMISSION;VEV_5300;SEASHELLS;49;15
13500;;SUBMISSION;VEV_5400;SEASHELLS;21;15
13600;;SUBMISSION;HYDROGEL_PACK;SEASHELLS;10004;10
13600;;SUBMISSION;VEV_5200;SEASHELLS;95;15
13600;;SUBMISSION;VEV_5300;SEASHELLS;48;15
13600;;SUBMISSION;VEV_5400;SEASHELLS;20;15
13700;;SUBMISSION;VELVETFRUIT_EXTRACT;SEASHELLS;5241;10
13700;;SUBMISSION;VEV_5100;SEASHELLS;162;15
13700;;SUBMISSION;VEV_5300;SEASHELLS;48;15
13700;;SUBMISSION;VEV_5400;SEASHELLS;20;15
13800;;SUBMISSION;HYDROGEL_PACK;SEASHELLS;10004;10
13800;;SUBMISSION;VEV_5200;SEASHELLS;95;15
13800;;SUBMISSION;VEV_5300;SEASHELLS;48;15
13800;;SUBMISSION;VEV_5400;SEASHELLS;20;15
13900;;SUBMISSION;HYDROGEL_PACK;SEASHELLS;10004;10
13900;;SUBMISSION;VEV_5000;SEASHELLS;245;15
13900;;SUBMISSION;VEV_5200;SEASHELLS;94;15
13900;;SUBMISSION;VEV_5300;SEASHELLS;48;30
13900;;SUBMISSION;VEV_5400;SEASHELLS;20;30
14000;;SUBMISSION;HYDROGEL_PACK;SEASHELLS;10008;10
14000;;SUBMISSION;VEV_5000;SEASHELLS;245;15
14000;;SUBMISSION;VEV_5100;SEASHELLS;162;15
14000;;SUBMISSION;VEV_5300;SEASHELLS;48;15
14000;;SUBMISSION;VEV_5400;SEASHELLS;20;15
14100;;SUBMISSION;HYDROGEL_PACK;SEASHELLS;10009;10
14100;;SUBMISSION;VEV_5200;SEASHELLS;95;15
14100;;SUBMISSION;VEV_5300;SEASHELLS;48;15
14200;;SUBMISSION;HYDROGEL_PACK;SEASHELLS;10012;10
14200;;SUBMISSION;VEV_5000;SEASHELLS;246;15
14200;;SUBMISSION;VEV_5200;SEASHELLS;95;15
14200;;SUBMISSION;VEV_5300;SEASHELLS;48;15
14300;;SUBMISSION;HYDROGEL_PACK;SEASHELLS;10011;10
14300;;SUBMISSION;VEV_5200;SEASHELLS;95;15
14300;;SUBMISSION;VEV_5300;SEASHELLS;48;15
14400;;SUBMISSION;HYDROGEL_PACK;SEASHELLS;10011;10
14400;;SUBMISSION;VEV_5000;SEASHELLS;246;15
14400;;SUBMISSION;VEV_5200;SEASHELLS;95;15
14400;;SUBMISSION;VEV_5300;SEASHELLS;48;15
14500;;SUBMISSION;HYDROGEL_PACK;SEASHELLS;10012;10
14500;;SUBMISSION;VELVETFRUIT_EXTRACT;SEASHELLS;5240;10
14500;;SUBMISSION;VEV_5000;SEASHELLS;247;15
14500;;SUBMISSION;VEV_5200;SEASHELLS;96;15
14500;;SUBMISSION;VEV_5300;SEASHELLS;49;15
14500;;SUBMISSION;VEV_5400;SEASHELLS;21;15
14600;;SUBMISSION;HYDROGEL_PACK;SEASHELLS;10011;10
14600;;SUBMISSION;VELVETFRUIT_EXTRACT;SEASHELLS;5240;60
14600;;SUBMISSION;VEV_5100;SEASHELLS;164;30
14600;;SUBMISSION;VEV_5200;SEASHELLS;96;30
14600;;SUBMISSION;VEV_5300;SEASHELLS;49;15
14600;;SUBMISSION;VEV_5400;SEASHELLS;21;15
14600;;SUBMISSION;VEV_5500;SEASHELLS;7;15
14700;;SUBMISSION;HYDROGEL_PACK;SEASHELLS;10008;10
14700;;SUBMISSION;VELVETFRUIT_EXTRACT;SEASHELLS;5240;60
14700;;SUBMISSION;VEV_5100;SEASHELLS;164;30
14700;;SUBMISSION;VEV_5200;SEASHELLS;96;30
14700;;SUBMISSION;VEV_5300;SEASHELLS;49;15
14700;;SUBMISSION;VEV_5400;SEASHELLS;21;15
14700;;SUBMISSION;VEV_5500;SEASHELLS;7;15
14800;;SUBMISSION;HYDROGEL_PACK;SEASHELLS;10005;10
14800;;SUBMISSION;VELVETFRUIT_EXTRACT;SEASHELLS;5240;10
14800;;SUBMISSION;VEV_5000;SEASHELLS;247;30
14800;;SUBMISSION;VEV_5300;SEASHELLS;49;15
14800;;SUBMISSION;VEV_5400;SEASHELLS;21;15
14900;;SUBMISSION;VEV_5000;SEASHELLS;246;15
14900;;SUBMISSION;VEV_5200;SEASHELLS;95;15
14900;;SUBMISSION;VEV_5300;SEASHELLS;48;15
15000;;SUBMISSION;HYDROGEL_PACK;SEASHELLS;10006;10
15000;;SUBMISSION;VEV_5000;SEASHELLS;246;30
15000;;SUBMISSION;VEV_5200;SEASHELLS;95;30
15000;;SUBMISSION;VEV_5300;SEASHELLS;48;15
15100;;SUBMISSION;HYDROGEL_PACK;SEASHELLS;10008;10
15100;;SUBMISSION;VELVETFRUIT_EXTRACT;SEASHELLS;5240;50
15100;;SUBMISSION;VEV_5300;SEASHELLS;49;15
15100;;SUBMISSION;VEV_5400;SEASHELLS;21;15
15200;;SUBMISSION;HYDROGEL_PACK;SEASHELLS;10008;10
15200;;SUBMISSION;VELVETFRUIT_EXTRACT;SEASHELLS;5241;40
15200;;SUBMISSION;VEV_5000;SEASHELLS;248;30
15200;;SUBMISSION;VEV_5300;SEASHELLS;49;15
15300;;SUBMISSION;HYDROGEL_PACK;SEASHELLS;10009;10
15300;;SUBMISSION;VELVETFRUIT_EXTRACT;SEASHELLS;5241;10
15300;;SUBMISSION;VEV_5100;SEASHELLS;164;15
15300;;SUBMISSION;VEV_5200;SEASHELLS;96;15
15300;;SUBMISSION;VEV_5300;SEASHELLS;49;15
15300;;SUBMISSION;VEV_5400;SEASHELLS;21;15
15300;;SUBMISSION;VEV_5500;SEASHELLS;7;15
15400;;SUBMISSION;HYDROGEL_PACK;SEASHELLS;10009;10
15400;;SUBMISSION;VEV_5000;SEASHELLS;247;30
15400;;SUBMISSION;VEV_5200;SEASHELLS;96;30
15400;;SUBMISSION;VEV_5300;SEASHELLS;49;15
15400;;SUBMISSION;VEV_5400;SEASHELLS;21;15
15500;;SUBMISSION;HYDROGEL_PACK;SEASHELLS;10007;10
15500;;SUBMISSION;VELVETFRUIT_EXTRACT;SEASHELLS;5241;20
15500;;SUBMISSION;VEV_4000;SEASHELLS;1233;15
15500;;SUBMISSION;VEV_5000;SEASHELLS;248;30
15500;;SUBMISSION;VEV_5200;SEASHELLS;96;30
15500;;SUBMISSION;VEV_5300;SEASHELLS;49;15
15500;;SUBMISSION;VEV_5400;SEASHELLS;21;15
15500;;SUBMISSION;VEV_5500;SEASHELLS;7;15
15600;;SUBMISSION;HYDROGEL_PACK;SEASHELLS;10009;10
15600;;SUBMISSION;VELVETFRUIT_EXTRACT;SEASHELLS;5241;20
15600;;SUBMISSION;VEV_5100;SEASHELLS;164;30
15600;;SUBMISSION;VEV_5200;SEASHELLS;96;30
15600;;SUBMISSION;VEV_5300;SEASHELLS;49;15
15600;;SUBMISSION;VEV_5400;SEASHELLS;21;15
15700;;SUBMISSION;HYDROGEL_PACK;SEASHELLS;10009;10
15700;;SUBMISSION;VELVETFRUIT_EXTRACT;SEASHELLS;5241;20
15700;;SUBMISSION;VEV_4000;SEASHELLS;1233;15
15700;;SUBMISSION;VEV_5000;SEASHELLS;248;15
15700;;SUBMISSION;VEV_5200;SEASHELLS;96;15
15700;;SUBMISSION;VEV_5300;SEASHELLS;49;15
15700;;SUBMISSION;VEV_5400;SEASHELLS;21;15
15800;;SUBMISSION;HYDROGEL_PACK;SEASHELLS;10011;10
15800;;SUBMISSION;VELVETFRUIT_EXTRACT;SEASHELLS;5241;20
15800;;SUBMISSION;VEV_5000;SEASHELLS;248;15
15800;;SUBMISSION;VEV_5200;SEASHELLS;96;15
15800;;SUBMISSION;VEV_5300;SEASHELLS;49;15
15800;;SUBMISSION;VEV_5400;SEASHELLS;21;15
15900;;SUBMISSION;HYDROGEL_PACK;SEASHELLS;10010;10
15900;;SUBMISSION;VELVETFRUIT_EXTRACT;SEASHELLS;5240;60
15900;;SUBMISSION;VEV_5100;SEASHELLS;164;30
15900;;SUBMISSION;VEV_5200;SEASHELLS;96;30
15900;;SUBMISSION;VEV_5300;SEASHELLS;49;15
15900;;SUBMISSION;VEV_5400;SEASHELLS;21;15
16000;;SUBMISSION;HYDROGEL_PACK;SEASHELLS;10008;10
16000;;SUBMISSION;VELVETFRUIT_EXTRACT;SEASHELLS;5240;10
16000;;SUBMISSION;VEV_5000;SEASHELLS;247;15
16000;;SUBMISSION;VEV_5300;SEASHELLS;49;15
16000;;SUBMISSION;VEV_5400;SEASHELLS;21;15
16100;;SUBMISSION;HYDROGEL_PACK;SEASHELLS;10011;10
16100;;SUBMISSION;VEV_5000;SEASHELLS;246;15
16100;;SUBMISSION;VEV_5100;SEASHELLS;163;15
16100;;SUBMISSION;VEV_5200;SEASHELLS;95;15
16100;;SUBMISSION;VEV_5300;SEASHELLS;48;15
16200;;SUBMISSION;HYDROGEL_PACK;SEASHELLS;10010;10
16200;;SUBMISSION;VEV_5200;SEASHELLS;95;30
16200;;SUBMISSION;VEV_5300;SEASHELLS;48;15
16300;;SUBMISSION;HYDROGEL_PACK;SEASHELLS;10007;10
16300;;SUBMISSION;VEV_5100;SEASHELLS;163;30
16300;;SUBMISSION;VEV_5200;SEASHELLS;95;30
16300;;SUBMISSION;VEV_5300;SEASHELLS;48;15
16400;;SUBMISSION;HYDROGEL_PACK;SEASHELLS;10009;10
16400;;SUBMISSION;VEV_5200;SEASHELLS;96;15
16400;;SUBMISSION;VEV_5300;SEASHELLS;49;15
16400;;SUBMISSION;VEV_5400;SEASHELLS;21;15
16500;;SUBMISSION;VEV_5100;SEASHELLS;163;15
16500;;SUBMISSION;VEV_5200;SEASHELLS;95;15
16600;;SUBMISSION;HYDROGEL_PACK;SEASHELLS;10010;10
16600;;SUBMISSION;VEV_5000;SEASHELLS;247;15
16600;;SUBMISSION;VEV_5300;SEASHELLS;49;15
16600;;SUBMISSION;VEV_5400;SEASHELLS;21;15
16700;;SUBMISSION;HYDROGEL_PACK;SEASHELLS;10008;10
16700;;SUBMISSION;VEV_5100;SEASHELLS;163;15
16700;;SUBMISSION;VEV_5200;SEASHELLS;95;15
16700;;SUBMISSION;VEV_5300;SEASHELLS;48;15
16800;;SUBMISSION;HYDROGEL_PACK;SEASHELLS;10007;10
16800;;SUBMISSION;VEV_5000;SEASHELLS;245;15
16800;;SUBMISSION;VEV_5100;SEASHELLS;162;15
16800;;SUBMISSION;VEV_5300;SEASHELLS;48;15
16900;;SUBMISSION;HYDROGEL_PACK;SEASHELLS;10006;10
16900;;SUBMISSION;VEV_5200;SEASHELLS;95;15
16900;;SUBMISSION;VEV_5300;SEASHELLS;48;15
17000;;SUBMISSION;HYDROGEL_PACK;SEASHELLS;10005;10
17000;;SUBMISSION;VEV_5300;SEASHELLS;48;15
17100;;SUBMISSION;VEV_5000;SEASHELLS;245;30
17100;;SUBMISSION;VEV_5100;SEASHELLS;162;30
17200;;SUBMISSION;VEV_5200;SEASHELLS;95;15
17300;;SUBMISSION;VEV_5100;SEASHELLS;163;15
17300;;SUBMISSION;VEV_5200;SEASHELLS;95;15
17300;;SUBMISSION;VEV_5300;SEASHELLS;48;15
17400;;SUBMISSION;VEV_5100;SEASHELLS;162;15
17500;;SUBMISSION;VEV_5000;SEASHELLS;245;15
17500;;SUBMISSION;VEV_5100;SEASHELLS;162;15
17700;;SUBMISSION;VEV_5100;SEASHELLS;162;30
17900;;SUBMISSION;VEV_5100;SEASHELLS;161;15
18400;;SUBMISSION;HYDROGEL_PACK;SEASHELLS;10005;10
18500;;SUBMISSION;HYDROGEL_PACK;SEASHELLS;10005;10
19200;;SUBMISSION;VEV_5100;SEASHELLS;161;30
19600;SUBMISSION;;VELVETFRUIT_EXTRACT;SEASHELLS;5239;50
19800;SUBMISSION;;VELVETFRUIT_EXTRACT;SEASHELLS;5239;10
19800;SUBMISSION;;VEV_5200;SEASHELLS;95;15
20000;;SUBMISSION;VELVETFRUIT_EXTRACT;SEASHELLS;5237;60
20000;;SUBMISSION;VEV_5200;SEASHELLS;94;15
21200;SUBMISSION;;VEV_5300;SEASHELLS;48;15
21300;SUBMISSION;;VEV_5100;SEASHELLS;162;15
21800;SUBMISSION;;VELVETFRUIT_EXTRACT;SEASHELLS;5237;60
21900;SUBMISSION;;VELVETFRUIT_EXTRACT;SEASHELLS;5237;60
22100;SUBMISSION;;VEV_5200;SEASHELLS;94;15
22100;SUBMISSION;;VEV_5400;SEASHELLS;20;15
22400;;SUBMISSION;VELVETFRUIT_EXTRACT;SEASHELLS;5235;60
22400;;SUBMISSION;VEV_5100;SEASHELLS;160;15
22400;;SUBMISSION;VEV_5200;SEASHELLS;93;15
22400;;SUBMISSION;VEV_5300;SEASHELLS;47;15
22400;;SUBMISSION;VEV_5400;SEASHELLS;20;15
23100;SUBMISSION;;HYDROGEL_PACK;SEASHELLS;10000;10
23200;SUBMISSION;;HYDROGEL_PACK;SEASHELLS;9998;10
23300;SUBMISSION;;HYDROGEL_PACK;SEASHELLS;9997;10
23300;SUBMISSION;;VELVETFRUIT_EXTRACT;SEASHELLS;5236;20
23300;SUBMISSION;;VEV_5100;SEASHELLS;161;15
23300;SUBMISSION;;VEV_5200;SEASHELLS;93;15
23600;;SUBMISSION;VELVETFRUIT_EXTRACT;SEASHELLS;5235;20
23700;;SUBMISSION;VELVETFRUIT_EXTRACT;SEASHELLS;5235;60
23700;;SUBMISSION;VEV_5100;SEASHELLS;160;15
23700;;SUBMISSION;VEV_5200;SEASHELLS;93;15
24400;;SUBMISSION;HYDROGEL_PACK;SEASHELLS;9996;10
24800;;SUBMISSION;HYDROGEL_PACK;SEASHELLS;9994;10
25400;;SUBMISSION;HYDROGEL_PACK;SEASHELLS;9994;10
25600;SUBMISSION;;VEV_5000;SEASHELLS;242;15
25800;SUBMISSION;;VEV_5000;SEASHELLS;242;30
25800;SUBMISSION;;VEV_5400;SEASHELLS;19;15
25900;SUBMISSION;;VEV_5100;SEASHELLS;159;15
26000;SUBMISSION;;VELVETFRUIT_EXTRACT;SEASHELLS;5231;60
26000;SUBMISSION;;VEV_5100;SEASHELLS;157;30
26000;SUBMISSION;;VEV_5200;SEASHELLS;90;30
26000;SUBMISSION;;VEV_5300;SEASHELLS;46;15
26000;SUBMISSION;;VEV_5400;SEASHELLS;19;15
26100;SUBMISSION;;VEV_5000;SEASHELLS;240;15
26100;SUBMISSION;;VEV_5100;SEASHELLS;157;15
26100;SUBMISSION;;VEV_5200;SEASHELLS;90;15
26100;SUBMISSION;;VEV_5400;SEASHELLS;19;15
26100;SUBMISSION;;VEV_5500;SEASHELLS;7;15
26200;SUBMISSION;;VELVETFRUIT_EXTRACT;SEASHELLS;5230;50
26200;SUBMISSION;;VEV_5300;SEASHELLS;45;15
26200;SUBMISSION;;VEV_5400;SEASHELLS;19;15
26200;SUBMISSION;;VEV_5500;SEASHELLS;7;15
26300;SUBMISSION;;VELVETFRUIT_EXTRACT;SEASHELLS;5231;60
26300;SUBMISSION;;VEV_5000;SEASHELLS;240;15
26300;SUBMISSION;;VEV_5100;SEASHELLS;157;15
26300;SUBMISSION;;VEV_5200;SEASHELLS;90;15
26300;SUBMISSION;;VEV_5400;SEASHELLS;19;15
26300;SUBMISSION;;VEV_5500;SEASHELLS;7;15
26400;SUBMISSION;;VELVETFRUIT_EXTRACT;SEASHELLS;5230;20
26400;SUBMISSION;;VEV_5000;SEASHELLS;240;15
26400;SUBMISSION;;VEV_5100;SEASHELLS;157;15
26400;SUBMISSION;;VEV_5200;SEASHELLS;90;15
26400;SUBMISSION;;VEV_5300;SEASHELLS;45;15
26400;SUBMISSION;;VEV_5400;SEASHELLS;19;15
26400;SUBMISSION;;VEV_5500;SEASHELLS;7;15
26500;SUBMISSION;;VELVETFRUIT_EXTRACT;SEASHELLS;5231;20
26500;SUBMISSION;;VEV_4000;SEASHELLS;1239;15
26500;SUBMISSION;;VEV_5000;SEASHELLS;241;15
26500;SUBMISSION;;VEV_5200;SEASHELLS;90;15
26500;SUBMISSION;;VEV_5400;SEASHELLS;19;15
26500;SUBMISSION;;VEV_5500;SEASHELLS;7;15
26600;SUBMISSION;;VELVETFRUIT_EXTRACT;SEASHELLS;5232;50
26600;SUBMISSION;;VEV_5100;SEASHELLS;158;15
26600;SUBMISSION;;VEV_5400;SEASHELLS;19;15
26600;SUBMISSION;;VEV_5500;SEASHELLS;7;15
26700;SUBMISSION;;VELVETFRUIT_EXTRACT;SEASHELLS;5232;20
26700;SUBMISSION;;VEV_5100;SEASHELLS;158;15
26700;SUBMISSION;;VEV_5200;SEASHELLS;91;15
26700;SUBMISSION;;VEV_5400;SEASHELLS;19;15
26700;SUBMISSION;;VEV_5500;SEASHELLS;7;15
26800;SUBMISSION;;VEV_5100;SEASHELLS;159;15
26800;SUBMISSION;;VEV_5200;SEASHELLS;91;15
27000;SUBMISSION;;VEV_5000;SEASHELLS;242;15
27000;SUBMISSION;;VEV_5200;SEASHELLS;91;15
27000;SUBMISSION;;VEV_5400;SEASHELLS;19;15
27000;SUBMISSION;;VEV_5500;SEASHELLS;7;15
27100;;SUBMISSION;VEV_5300;SEASHELLS;45;15
27600;;SUBMISSION;VELVETFRUIT_EXTRACT;SEASHELLS;5231;20
27600;;SUBMISSION;VEV_5200;SEASHELLS;90;15
27600;;SUBMISSION;VEV_5500;SEASHELLS;7;15
27900;;SUBMISSION;VELVETFRUIT_EXTRACT;SEASHELLS;5231;50
27900;;SUBMISSION;VEV_5100;SEASHELLS;157;15
27900;;SUBMISSION;VEV_5200;SEASHELLS;90;15
27900;;SUBMISSION;VEV_5500;SEASHELLS;7;15
28000;;SUBMISSION;VELVETFRUIT_EXTRACT;SEASHELLS;5231;10
28000;;SUBMISSION;VEV_5200;SEASHELLS;90;15
28000;;SUBMISSION;VEV_5500;SEASHELLS;7;15
28100;;SUBMISSION;VELVETFRUIT_EXTRACT;SEASHELLS;5231;20
28100;;SUBMISSION;VEV_5200;SEASHELLS;90;15
28100;;SUBMISSION;VEV_5500;SEASHELLS;7;15
28200;;SUBMISSION;VELVETFRUIT_EXTRACT;SEASHELLS;5231;50
28200;;SUBMISSION;VEV_5100;SEASHELLS;157;30
28200;;SUBMISSION;VEV_5200;SEASHELLS;90;30
28200;;SUBMISSION;VEV_5300;SEASHELLS;45;15
28200;;SUBMISSION;VEV_5500;SEASHELLS;7;15
28300;;SUBMISSION;VELVETFRUIT_EXTRACT;SEASHELLS;5231;60
28300;;SUBMISSION;VEV_5100;SEASHELLS;157;15
28300;;SUBMISSION;VEV_5200;SEASHELLS;90;15
28300;;SUBMISSION;VEV_5300;SEASHELLS;45;15
28300;;SUBMISSION;VEV_5500;SEASHELLS;7;15
28400;;SUBMISSION;VELVETFRUIT_EXTRACT;SEASHELLS;5230;50
28600;;SUBMISSION;VELVETFRUIT_EXTRACT;SEASHELLS;5231;20
28600;;SUBMISSION;VEV_5200;SEASHELLS;90;15
28600;;SUBMISSION;VEV_5500;SEASHELLS;7;15
28700;;SUBMISSION;VEV_5100;SEASHELLS;157;15
28700;;SUBMISSION;VEV_5200;SEASHELLS;90;15
28700;;SUBMISSION;VEV_5500;SEASHELLS;7;15
28900;SUBMISSION;;HYDROGEL_PACK;SEASHELLS;9988;10
29000;SUBMISSION;;HYDROGEL_PACK;SEASHELLS;9989;10
29100;SUBMISSION;;HYDROGEL_PACK;SEASHELLS;9989;10
29100;SUBMISSION;;VEV_4000;SEASHELLS;1243;15
29200;SUBMISSION;;HYDROGEL_PACK;SEASHELLS;9989;10
29300;SUBMISSION;;HYDROGEL_PACK;SEASHELLS;9988;10
29400;SUBMISSION;;HYDROGEL_PACK;SEASHELLS;9989;10
29400;SUBMISSION;;VEV_5100;SEASHELLS;159;15
29400;SUBMISSION;;VEV_5300;SEASHELLS;46;15
29500;SUBMISSION;;HYDROGEL_PACK;SEASHELLS;9991;10
29600;SUBMISSION;;HYDROGEL_PACK;SEASHELLS;9989;10
29600;SUBMISSION;;VEV_5000;SEASHELLS;242;30
29600;SUBMISSION;;VEV_5300;SEASHELLS;46;15
29700;SUBMISSION;;VELVETFRUIT_EXTRACT;SEASHELLS;5232;40
29700;SUBMISSION;;VEV_5000;SEASHELLS;241;15
29700;SUBMISSION;;VEV_5300;SEASHELLS;46;15
29700;SUBMISSION;;VEV_5400;SEASHELLS;19;15
29800;SUBMISSION;;VEV_5100;SEASHELLS;158;30
29800;SUBMISSION;;VEV_5300;SEASHELLS;46;15
29800;SUBMISSION;;VEV_5400;SEASHELLS;19;15
29900;SUBMISSION;;VELVETFRUIT_EXTRACT;SEASHELLS;5230;10
30200;;SUBMISSION;VELVETFRUIT_EXTRACT;SEASHELLS;5230;20
30300;;SUBMISSION;HYDROGEL_PACK;SEASHELLS;9988;10
30300;;SUBMISSION;VELVETFRUIT_EXTRACT;SEASHELLS;5230;10
30300;SUBMISSION;;VEV_4000;SEASHELLS;1243;15
30400;;SUBMISSION;HYDROGEL_PACK;SEASHELLS;9988;10
30500;;SUBMISSION;HYDROGEL_PACK;SEASHELLS;9988;10
30500;SUBMISSION;;VEV_4000;SEASHELLS;1241;15
30600;;SUBMISSION;HYDROGEL_PACK;SEASHELLS;9986;10
30600;SUBMISSION;;VEV_4000;SEASHELLS;1242;15
30700;;SUBMISSION;HYDROGEL_PACK;SEASHELLS;9987;10
30800;;SUBMISSION;HYDROGEL_PACK;SEASHELLS;9986;10
30800;;SUBMISSION;VELVETFRUIT_EXTRACT;SEASHELLS;5230;20
30900;;SUBMISSION;HYDROGEL_PACK;SEASHELLS;9984;10
31000;;SUBMISSION;HYDROGEL_PACK;SEASHELLS;9985;10
31000;SUBMISSION;;VEV_4000;SEASHELLS;1240;15
31000;SUBMISSION;;VEV_5000;SEASHELLS;242;30
31000;SUBMISSION;;VEV_5300;SEASHELLS;46;15
31100;SUBMISSION;;VEV_5000;SEASHELLS;241;15
31100;SUBMISSION;;VEV_5200;SEASHELLS;90;15
31100;SUBMISSION;;VEV_5300;SEASHELLS;46;15
31100;SUBMISSION;;VEV_5400;SEASHELLS;19;15
31200;SUBMISSION;;VEV_5000;SEASHELLS;241;15
31200;SUBMISSION;;VEV_5200;SEASHELLS;90;15
31200;SUBMISSION;;VEV_5300;SEASHELLS;46;15
31200;SUBMISSION;;VEV_5400;SEASHELLS;19;15
31200;SUBMISSION;;VEV_5500;SEASHELLS;7;15
31300;SUBMISSION;;VEV_5000;SEASHELLS;241;15
31300;SUBMISSION;;VEV_5100;SEASHELLS;157;15
31300;SUBMISSION;;VEV_5200;SEASHELLS;90;15
31300;SUBMISSION;;VEV_5300;SEASHELLS;46;15
31300;SUBMISSION;;VEV_5400;SEASHELLS;19;15
31300;SUBMISSION;;VEV_5500;SEASHELLS;7;15
31400;SUBMISSION;;VEV_5100;SEASHELLS;158;15
31400;SUBMISSION;;VEV_5300;SEASHELLS;46;15
31400;SUBMISSION;;VEV_5500;SEASHELLS;7;15
31500;SUBMISSION;;VEV_5300;SEASHELLS;46;15
31500;SUBMISSION;;VEV_5500;SEASHELLS;7;15
31600;SUBMISSION;;VEV_5100;SEASHELLS;158;30
31600;SUBMISSION;;VEV_5300;SEASHELLS;46;15
31600;SUBMISSION;;VEV_5500;SEASHELLS;7;15
31700;SUBMISSION;;VEV_5500;SEASHELLS;7;15
31800;SUBMISSION;;VEV_5100;SEASHELLS;157;15
31800;SUBMISSION;;VEV_5200;SEASHELLS;90;15
31800;SUBMISSION;;VEV_5400;SEASHELLS;19;15
31800;SUBMISSION;;VEV_5500;SEASHELLS;7;15
31900;SUBMISSION;;VEV_5100;SEASHELLS;157;15
31900;SUBMISSION;;VEV_5200;SEASHELLS;90;15
31900;SUBMISSION;;VEV_5400;SEASHELLS;19;15
31900;SUBMISSION;;VEV_5500;SEASHELLS;7;15
32000;SUBMISSION;;VELVETFRUIT_EXTRACT;SEASHELLS;5231;10
32000;SUBMISSION;;VEV_5100;SEASHELLS;157;30
32000;SUBMISSION;;VEV_5200;SEASHELLS;90;30
32000;SUBMISSION;;VEV_5400;SEASHELLS;19;15
32000;SUBMISSION;;VEV_5500;SEASHELLS;7;15
32100;SUBMISSION;;VELVETFRUIT_EXTRACT;SEASHELLS;5230;70
32100;SUBMISSION;;VEV_5100;SEASHELLS;156;15
32100;SUBMISSION;;VEV_5200;SEASHELLS;89;15
32100;SUBMISSION;;VEV_5300;SEASHELLS;45;15
32100;SUBMISSION;;VEV_5400;SEASHELLS;19;15
32100;SUBMISSION;;VEV_5500;SEASHELLS;7;15
32200;SUBMISSION;;VELVETFRUIT_EXTRACT;SEASHELLS;5231;10
32200;SUBMISSION;;VEV_5100;SEASHELLS;157;30
32200;SUBMISSION;;VEV_5200;SEASHELLS;90;30
32200;SUBMISSION;;VEV_5400;SEASHELLS;19;15
32200;SUBMISSION;;VEV_5500;SEASHELLS;7;15
32300;SUBMISSION;;VELVETFRUIT_EXTRACT;SEASHELLS;5231;20
32300;SUBMISSION;;VEV_5000;SEASHELLS;241;15
32300;SUBMISSION;;VEV_5100;SEASHELLS;157;15
32300;SUBMISSION;;VEV_5200;SEASHELLS;90;15
32300;SUBMISSION;;VEV_5300;SEASHELLS;46;15
32300;SUBMISSION;;VEV_5400;SEASHELLS;19;15
32300;SUBMISSION;;VEV_5500;SEASHELLS;7;15
32400;SUBMISSION;;VEV_5000;SEASHELLS;242;15
32400;SUBMISSION;;VEV_5100;SEASHELLS;158;15
32400;SUBMISSION;;VEV_5300;SEASHELLS;46;15
32400;SUBMISSION;;VEV_5500;SEASHELLS;7;15
32500;SUBMISSION;;HYDROGEL_PACK;SEASHELLS;9982;10
32500;SUBMISSION;;VEV_4000;SEASHELLS;1240;15
32500;SUBMISSION;;VEV_5100;SEASHELLS;158;15
32500;SUBMISSION;;VEV_5300;SEASHELLS;46;15
32500;SUBMISSION;;VEV_5500;SEASHELLS;7;15
32600;SUBMISSION;;HYDROGEL_PACK;SEASHELLS;9982;10
32600;SUBMISSION;;VEV_5000;SEASHELLS;242;30
32600;SUBMISSION;;VEV_5100;SEASHELLS;158;30
32600;SUBMISSION;;VEV_5300;SEASHELLS;46;15
32600;SUBMISSION;;VEV_5500;SEASHELLS;7;15
32700;SUBMISSION;;VELVETFRUIT_EXTRACT;SEASHELLS;5231;10
32700;SUBMISSION;;VEV_4000;SEASHELLS;1239;15
32700;SUBMISSION;;VEV_5000;SEASHELLS;241;15
32700;SUBMISSION;;VEV_5100;SEASHELLS;157;15
32700;SUBMISSION;;VEV_5200;SEASHELLS;90;15
32700;SUBMISSION;;VEV_5300;SEASHELLS;46;15
32700;SUBMISSION;;VEV_5400;SEASHELLS;19;15
32700;SUBMISSION;;VEV_5500;SEASHELLS;7;15
32800;SUBMISSION;;VELVETFRUIT_EXTRACT;SEASHELLS;5231;70
32800;SUBMISSION;;VEV_5100;SEASHELLS;157;15
32800;SUBMISSION;;VEV_5200;SEASHELLS;90;15
32800;SUBMISSION;;VEV_5400;SEASHELLS;19;15
32800;SUBMISSION;;VEV_5500;SEASHELLS;7;15
32900;SUBMISSION;;VELVETFRUIT_EXTRACT;SEASHELLS;5231;20
32900;SUBMISSION;;VEV_5100;SEASHELLS;157;15
32900;SUBMISSION;;VEV_5200;SEASHELLS;90;15
32900;SUBMISSION;;VEV_5300;SEASHELLS;46;15
32900;SUBMISSION;;VEV_5400;SEASHELLS;19;15
32900;SUBMISSION;;VEV_5500;SEASHELLS;7;15
33000;SUBMISSION;;HYDROGEL_PACK;SEASHELLS;9981;10
33000;SUBMISSION;;VEV_5200;SEASHELLS;90;30
33000;SUBMISSION;;VEV_5400;SEASHELLS;19;15
33000;SUBMISSION;;VEV_5500;SEASHELLS;7;15
33100;SUBMISSION;;HYDROGEL_PACK;SEASHELLS;9978;10
33100;SUBMISSION;;VEV_5300;SEASHELLS;46;15
33100;SUBMISSION;;VEV_5500;SEASHELLS;7;15
33200;SUBMISSION;;HYDROGEL_PACK;SEASHELLS;9978;10
33200;;SUBMISSION;VELVETFRUIT_EXTRACT;SEASHELLS;5229;20
33200;SUBMISSION;;VEV_5500;SEASHELLS;7;15
33300;SUBMISSION;;HYDROGEL_PACK;SEASHELLS;9977;10
33300;SUBMISSION;;VEV_5300;SEASHELLS;46;15
33300;SUBMISSION;;VEV_5500;SEASHELLS;7;15
33400;SUBMISSION;;VEV_5000;SEASHELLS;242;30
33400;SUBMISSION;;VEV_5100;SEASHELLS;158;30
33400;SUBMISSION;;VEV_5300;SEASHELLS;46;15
33400;SUBMISSION;;VEV_5500;SEASHELLS;7;15
33500;SUBMISSION;;VEV_5000;SEASHELLS;242;15
33500;SUBMISSION;;VEV_5300;SEASHELLS;46;15
33500;SUBMISSION;;VEV_5500;SEASHELLS;7;15
33600;SUBMISSION;;VEV_4000;SEASHELLS;1240;15
33600;SUBMISSION;;VEV_5000;SEASHELLS;242;30
33600;SUBMISSION;;VEV_5100;SEASHELLS;158;30
33600;SUBMISSION;;VEV_5200;SEASHELLS;91;30
33600;SUBMISSION;;VEV_5300;SEASHELLS;46;15
33600;SUBMISSION;;VEV_5500;SEASHELLS;7;15
33700;;SUBMISSION;VELVETFRUIT_EXTRACT;SEASHELLS;5229;20
33700;SUBMISSION;;VEV_5500;SEASHELLS;7;15
33800;SUBMISSION;;VEV_5000;SEASHELLS;242;15
33800;SUBMISSION;;VEV_5100;SEASHELLS;158;15
33800;SUBMISSION;;VEV_5200;SEASHELLS;91;15
33800;SUBMISSION;;VEV_5300;SEASHELLS;46;15
33800;SUBMISSION;;VEV_5500;SEASHELLS;7;15
33900;SUBMISSION;;HYDROGEL_PACK;SEASHELLS;9981;10
33900;SUBMISSION;;VELVETFRUIT_EXTRACT;SEASHELLS;5231;20
33900;SUBMISSION;;VEV_5000;SEASHELLS;241;15
33900;SUBMISSION;;VEV_5100;SEASHELLS;157;15
33900;SUBMISSION;;VEV_5200;SEASHELLS;90;15
33900;SUBMISSION;;VEV_5300;SEASHELLS;46;15
33900;SUBMISSION;;VEV_5400;SEASHELLS;19;15
33900;SUBMISSION;;VEV_5500;SEASHELLS;7;15
34000;SUBMISSION;;HYDROGEL_PACK;SEASHELLS;9979;10
34000;SUBMISSION;;VELVETFRUIT_EXTRACT;SEASHELLS;5231;20
34000;SUBMISSION;;VEV_5100;SEASHELLS;157;30
34000;SUBMISSION;;VEV_5200;SEASHELLS;90;30
34000;SUBMISSION;;VEV_5400;SEASHELLS;19;15
34000;SUBMISSION;;VEV_5500;SEASHELLS;7;15
34100;SUBMISSION;;HYDROGEL_PACK;SEASHELLS;9975;10
34100;SUBMISSION;;VELVETFRUIT_EXTRACT;SEASHELLS;5231;60
34100;SUBMISSION;;VEV_5200;SEASHELLS;90;30
34100;SUBMISSION;;VEV_5400;SEASHELLS;19;15
34100;SUBMISSION;;VEV_5500;SEASHELLS;7;15
34200;SUBMISSION;;HYDROGEL_PACK;SEASHELLS;9974;10
34200;SUBMISSION;;VEV_5300;SEASHELLS;46;15
34200;SUBMISSION;;VEV_5400;SEASHELLS;19;15
34200;SUBMISSION;;VEV_5500;SEASHELLS;7;15
34300;SUBMISSION;;HYDROGEL_PACK;SEASHELLS;9976;10
34300;SUBMISSION;;VELVETFRUIT_EXTRACT;SEASHELLS;5230;10
34300;SUBMISSION;;VEV_5000;SEASHELLS;240;15
34300;SUBMISSION;;VEV_5200;SEASHELLS;90;15
34300;SUBMISSION;;VEV_5300;SEASHELLS;45;15
34300;SUBMISSION;;VEV_5400;SEASHELLS;19;15
34300;SUBMISSION;;VEV_5500;SEASHELLS;7;15
34400;SUBMISSION;;HYDROGEL_PACK;SEASHELLS;9974;10
34400;SUBMISSION;;VELVETFRUIT_EXTRACT;SEASHELLS;5231;20
34400;SUBMISSION;;VEV_5100;SEASHELLS;157;15
34400;SUBMISSION;;VEV_5200;SEASHELLS;90;15
34400;SUBMISSION;;VEV_5400;SEASHELLS;19;15
34400;SUBMISSION;;VEV_5500;SEASHELLS;7;15
34500;SUBMISSION;;HYDROGEL_PACK;SEASHELLS;9975;10
34500;SUBMISSION;;VELVETFRUIT_EXTRACT;SEASHELLS;5231;50
34500;SUBMISSION;;VEV_5100;SEASHELLS;157;15
34500;SUBMISSION;;VEV_5200;SEASHELLS;90;15
34500;SUBMISSION;;VEV_5400;SEASHELLS;19;15
34500;SUBMISSION;;VEV_5500;SEASHELLS;7;15
34600;SUBMISSION;;HYDROGEL_PACK;SEASHELLS;9973;10
34600;SUBMISSION;;VELVETFRUIT_EXTRACT;SEASHELLS;5231;50
34600;SUBMISSION;;VEV_4000;SEASHELLS;1239;15
34600;SUBMISSION;;VEV_5100;SEASHELLS;157;15
34600;SUBMISSION;;VEV_5200;SEASHELLS;90;15
34600;SUBMISSION;;VEV_5400;SEASHELLS;19;15
34600;SUBMISSION;;VEV_5500;SEASHELLS;7;15
34700;SUBMISSION;;HYDROGEL_PACK;SEASHELLS;9973;10
34700;SUBMISSION;;VEV_5300;SEASHELLS;46;15
34700;SUBMISSION;;VEV_5400;SEASHELLS;19;15
34700;SUBMISSION;;VEV_5500;SEASHELLS;7;15
34800;SUBMISSION;;HYDROGEL_PACK;SEASHELLS;9974;10
34900;SUBMISSION;;HYDROGEL_PACK;SEASHELLS;9974;10
35000;SUBMISSION;;HYDROGEL_PACK;SEASHELLS;9977;10
35000;SUBMISSION;;VEV_5100;SEASHELLS;159;15
35000;SUBMISSION;;VEV_5200;SEASHELLS;91;15
35000;SUBMISSION;;VEV_5300;SEASHELLS;46;15
35000;SUBMISSION;;VEV_5500;SEASHELLS;7;15
35100;SUBMISSION;;HYDROGEL_PACK;SEASHELLS;9980;10
35100;SUBMISSION;;VEV_5100;SEASHELLS;158;15
35100;SUBMISSION;;VEV_5200;SEASHELLS;91;15
35100;SUBMISSION;;VEV_5300;SEASHELLS;46;15
35100;SUBMISSION;;VEV_5500;SEASHELLS;7;15
35200;SUBMISSION;;HYDROGEL_PACK;SEASHELLS;9982;10
35200;SUBMISSION;;VEV_5200;SEASHELLS;91;15
35200;SUBMISSION;;VEV_5300;SEASHELLS;46;15
35200;SUBMISSION;;VEV_5500;SEASHELLS;7;15
35300;SUBMISSION;;HYDROGEL_PACK;SEASHELLS;9982;10
35300;SUBMISSION;;VEV_5200;SEASHELLS;91;30
35300;SUBMISSION;;VEV_5300;SEASHELLS;46;15
35300;SUBMISSION;;VEV_5500;SEASHELLS;7;15
35400;SUBMISSION;;HYDROGEL_PACK;SEASHELLS;9978;10
35500;SUBMISSION;;HYDROGEL_PACK;SEASHELLS;9978;10
35500;;SUBMISSION;VEV_5200;SEASHELLS;90;15
35500;;SUBMISSION;VEV_5500;SEASHELLS;7;15
35600;SUBMISSION;;HYDROGEL_PACK;SEASHELLS;9976;10
35600;;SUBMISSION;VELVETFRUIT_EXTRACT;SEASHELLS;5232;10
35600;;SUBMISSION;VEV_5100;SEASHELLS;157;15
35600;;SUBMISSION;VEV_5500;SEASHELLS;7;15
35700;SUBMISSION;;HYDROGEL_PACK;SEASHELLS;9978;10
35700;;SUBMISSION;VELVETFRUIT_EXTRACT;SEASHELLS;5232;50
35700;;SUBMISSION;VEV_5000;SEASHELLS;240;15
35700;;SUBMISSION;VEV_5200;SEASHELLS;91;15
35700;;SUBMISSION;VEV_5300;SEASHELLS;46;15
35700;;SUBMISSION;VEV_5400;SEASHELLS;19;15
35700;;SUBMISSION;VEV_5500;SEASHELLS;7;15
35800;SUBMISSION;;HYDROGEL_PACK;SEASHELLS;9976;10
35800;;SUBMISSION;VELVETFRUIT_EXTRACT;SEASHELLS;5231;60
35800;;SUBMISSION;VEV_5100;SEASHELLS;157;15
35800;;SUBMISSION;VEV_5200;SEASHELLS;90;15
35800;;SUBMISSION;VEV_5300;SEASHELLS;45;15
35800;;SUBMISSION;VEV_5500;SEASHELLS;7;15
35900;SUBMISSION;;HYDROGEL_PACK;SEASHELLS;9975;10
35900;;SUBMISSION;VEV_5200;SEASHELLS;90;15
36000;SUBMISSION;;HYDROGEL_PACK;SEASHELLS;9976;10
36100;SUBMISSION;;HYDROGEL_PACK;SEASHELLS;9976;10
36200;SUBMISSION;;HYDROGEL_PACK;SEASHELLS;9975;10
36300;SUBMISSION;;HYDROGEL_PACK;SEASHELLS;9977;10
36400;SUBMISSION;;HYDROGEL_PACK;SEASHELLS;9976;10
36500;SUBMISSION;;HYDROGEL_PACK;SEASHELLS;9977;10
36600;SUBMISSION;;HYDROGEL_PACK;SEASHELLS;9981;10
36600;SUBMISSION;;VELVETFRUIT_EXTRACT;SEASHELLS;5233;50
36600;SUBMISSION;;VEV_5200;SEASHELLS;91;15
36600;SUBMISSION;;VEV_5300;SEASHELLS;46;15
36600;SUBMISSION;;VEV_5500;SEASHELLS;7;15
36700;SUBMISSION;;VELVETFRUIT_EXTRACT;SEASHELLS;5232;20
36700;SUBMISSION;;VEV_5100;SEASHELLS;158;15
36700;SUBMISSION;;VEV_5200;SEASHELLS;91;15
36700;SUBMISSION;;VEV_5300;SEASHELLS;46;15
36700;SUBMISSION;;VEV_5500;SEASHELLS;7;15
36800;SUBMISSION;;VELVETFRUIT_EXTRACT;SEASHELLS;5233;20
36800;SUBMISSION;;VEV_5200;SEASHELLS;91;15
37200;SUBMISSION;;VEV_4000;SEASHELLS;1243;15
37300;;SUBMISSION;VEV_5200;SEASHELLS;90;30
37400;;SUBMISSION;HYDROGEL_PACK;SEASHELLS;9975;10
37400;;SUBMISSION;VELVETFRUIT_EXTRACT;SEASHELLS;5233;10
37400;;SUBMISSION;VEV_5100;SEASHELLS;158;15
37400;;SUBMISSION;VEV_5200;SEASHELLS;91;15
37400;;SUBMISSION;VEV_5300;SEASHELLS;46;15
37400;;SUBMISSION;VEV_5400;SEASHELLS;19;15
37400;;SUBMISSION;VEV_5500;SEASHELLS;7;15
37500;;SUBMISSION;VELVETFRUIT_EXTRACT;SEASHELLS;5233;50
37500;;SUBMISSION;VEV_5100;SEASHELLS;158;30
37500;;SUBMISSION;VEV_5200;SEASHELLS;91;30
37500;;SUBMISSION;VEV_5300;SEASHELLS;46;15
37500;;SUBMISSION;VEV_5400;SEASHELLS;19;15
37500;;SUBMISSION;VEV_5500;SEASHELLS;7;15
37600;;SUBMISSION;VELVETFRUIT_EXTRACT;SEASHELLS;5233;60
37600;;SUBMISSION;VEV_5000;SEASHELLS;241;15
37600;;SUBMISSION;VEV_5100;SEASHELLS;158;15
37600;;SUBMISSION;VEV_5200;SEASHELLS;91;15
37600;;SUBMISSION;VEV_5300;SEASHELLS;46;15
37600;;SUBMISSION;VEV_5400;SEASHELLS;19;15
37600;;SUBMISSION;VEV_5500;SEASHELLS;7;15
37700;;SUBMISSION;VELVETFRUIT_EXTRACT;SEASHELLS;5232;60
37700;;SUBMISSION;VEV_5000;SEASHELLS;240;30
37700;;SUBMISSION;VEV_5300;SEASHELLS;46;15
37700;;SUBMISSION;VEV_5400;SEASHELLS;19;15
37700;;SUBMISSION;VEV_5500;SEASHELLS;7;15
37800;;SUBMISSION;VELVETFRUIT_EXTRACT;SEASHELLS;5232;50
37800;;SUBMISSION;VEV_5000;SEASHELLS;240;15
37800;;SUBMISSION;VEV_5300;SEASHELLS;46;15
37800;;SUBMISSION;VEV_5400;SEASHELLS;19;15
37800;;SUBMISSION;VEV_5500;SEASHELLS;7;15
37900;;SUBMISSION;VELVETFRUIT_EXTRACT;SEASHELLS;5233;50
37900;;SUBMISSION;VEV_5100;SEASHELLS;158;30
37900;;SUBMISSION;VEV_5200;SEASHELLS;91;30
37900;;SUBMISSION;VEV_5300;SEASHELLS;46;15
37900;;SUBMISSION;VEV_5400;SEASHELLS;19;15
37900;;SUBMISSION;VEV_5500;SEASHELLS;7;15
38000;;SUBMISSION;VELVETFRUIT_EXTRACT;SEASHELLS;5232;20
38000;;SUBMISSION;VEV_5100;SEASHELLS;157;30
38000;;SUBMISSION;VEV_5200;SEASHELLS;90;30
38100;;SUBMISSION;VELVETFRUIT_EXTRACT;SEASHELLS;5231;50
38100;;SUBMISSION;VEV_5100;SEASHELLS;157;15
38100;;SUBMISSION;VEV_5200;SEASHELLS;90;15
38100;;SUBMISSION;VEV_5300;SEASHELLS;45;15
38200;;SUBMISSION;VELVETFRUIT_EXTRACT;SEASHELLS;5232;20
38200;;SUBMISSION;VEV_5100;SEASHELLS;157;15
38200;;SUBMISSION;VEV_5200;SEASHELLS;90;15
38300;;SUBMISSION;VEV_5200;SEASHELLS;90;30
38300;;SUBMISSION;VEV_5300;SEASHELLS;45;15
38400;SUBMISSION;;VEV_4000;SEASHELLS;1243;15
38500;SUBMISSION;;VEV_5500;SEASHELLS;7;15
38600;SUBMISSION;;VEV_5500;SEASHELLS;7;15
39000;SUBMISSION;;VEV_4000;SEASHELLS;1243;15
39200;SUBMISSION;;VEV_5200;SEASHELLS;91;15
39300;SUBMISSION;;VEV_5000;SEASHELLS;243;15
39300;SUBMISSION;;VEV_5200;SEASHELLS;91;30
39400;SUBMISSION;;VEV_4000;SEASHELLS;1242;15
39500;SUBMISSION;;VELVETFRUIT_EXTRACT;SEASHELLS;5233;60
39500;SUBMISSION;;VEV_5000;SEASHELLS;242;15
39500;SUBMISSION;;VEV_5200;SEASHELLS;91;15
39500;SUBMISSION;;VEV_5300;SEASHELLS;46;15
39500;SUBMISSION;;VEV_5500;SEASHELLS;7;15
39600;SUBMISSION;;VELVETFRUIT_EXTRACT;SEASHELLS;5233;10
39600;SUBMISSION;;VEV_4000;SEASHELLS;1241;15
39600;SUBMISSION;;VEV_5100;SEASHELLS;159;15
39600;SUBMISSION;;VEV_5200;SEASHELLS;91;15
39600;SUBMISSION;;VEV_5300;SEASHELLS;46;15
39600;SUBMISSION;;VEV_5500;SEASHELLS;7;15
39700;SUBMISSION;;VEV_5000;SEASHELLS;243;30
39700;SUBMISSION;;VEV_5200;SEASHELLS;91;30
40100;SUBMISSION;;VEV_5000;SEASHELLS;243;30
40200;SUBMISSION;;VEV_4000;SEASHELLS;1243;15
40300;;SUBMISSION;HYDROGEL_PACK;SEASHELLS;9976;10
40600;SUBMISSION;;VEV_4000;SEASHELLS;1242;15
40700;SUBMISSION;;VELVETFRUIT_EXTRACT;SEASHELLS;5233;10
40700;SUBMISSION;;VEV_4000;SEASHELLS;1241;15
40700;SUBMISSION;;VEV_5100;SEASHELLS;159;15
40700;SUBMISSION;;VEV_5200;SEASHELLS;91;15
40700;SUBMISSION;;VEV_5300;SEASHELLS;46;15
40800;SUBMISSION;;VELVETFRUIT_EXTRACT;SEASHELLS;5232;10
40800;SUBMISSION;;VEV_4000;SEASHELLS;1240;15
40800;SUBMISSION;;VEV_5100;SEASHELLS;158;15
40800;SUBMISSION;;VEV_5300;SEASHELLS;46;15
40800;SUBMISSION;;VEV_5500;SEASHELLS;7;15
40900;SUBMISSION;;VELVETFRUIT_EXTRACT;SEASHELLS;5232;10
40900;SUBMISSION;;VEV_5100;SEASHELLS;158;15
40900;SUBMISSION;;VEV_5300;SEASHELLS;46;15
40900;SUBMISSION;;VEV_5500;SEASHELLS;7;15
41000;SUBMISSION;;VELVETFRUIT_EXTRACT;SEASHELLS;5233;70
41000;SUBMISSION;;VEV_5200;SEASHELLS;91;30
41000;SUBMISSION;;VEV_5300;SEASHELLS;46;15
41200;SUBMISSION;;VELVETFRUIT_EXTRACT;SEASHELLS;5233;20
41200;SUBMISSION;;VEV_5200;SEASHELLS;91;15
41200;SUBMISSION;;VEV_5300;SEASHELLS;46;15
41300;SUBMISSION;;VEV_5200;SEASHELLS;91;30
41300;SUBMISSION;;VEV_5300;SEASHELLS;46;15
41500;SUBMISSION;;VEV_5000;SEASHELLS;243;15
41500;SUBMISSION;;VEV_5200;SEASHELLS;91;15
41600;SUBMISSION;;VELVETFRUIT_EXTRACT;SEASHELLS;5233;60
41600;SUBMISSION;;VEV_5000;SEASHELLS;242;15
41600;SUBMISSION;;VEV_5200;SEASHELLS;91;15
41600;SUBMISSION;;VEV_5300;SEASHELLS;46;15
41700;SUBMISSION;;VELVETFRUIT_EXTRACT;SEASHELLS;5233;10
41700;SUBMISSION;;VEV_5100;SEASHELLS;159;15
41700;SUBMISSION;;VEV_5200;SEASHELLS;91;15
41700;SUBMISSION;;VEV_5300;SEASHELLS;46;15
41800;SUBMISSION;;HYDROGEL_PACK;SEASHELLS;9983;10
41800;SUBMISSION;;VELVETFRUIT_EXTRACT;SEASHELLS;5232;60
41800;SUBMISSION;;VEV_5000;SEASHELLS;241;15
41800;SUBMISSION;;VEV_5200;SEASHELLS;90;15
41800;SUBMISSION;;VEV_5300;SEASHELLS;46;15
41800;SUBMISSION;;VEV_5400;SEASHELLS;19;15
41800;SUBMISSION;;VEV_5500;SEASHELLS;7;15
41900;SUBMISSION;;HYDROGEL_PACK;SEASHELLS;9982;10
41900;SUBMISSION;;VELVETFRUIT_EXTRACT;SEASHELLS;5232;20
41900;SUBMISSION;;VEV_5000;SEASHELLS;242;15
41900;SUBMISSION;;VEV_5100;SEASHELLS;158;15
41900;SUBMISSION;;VEV_5300;SEASHELLS;46;15
41900;SUBMISSION;;VEV_5400;SEASHELLS;19;15
42000;SUBMISSION;;HYDROGEL_PACK;SEASHELLS;9982;10
42000;SUBMISSION;;VELVETFRUIT_EXTRACT;SEASHELLS;5232;10
42000;SUBMISSION;;VEV_5100;SEASHELLS;158;15
42000;SUBMISSION;;VEV_5200;SEASHELLS;90;15
42000;SUBMISSION;;VEV_5300;SEASHELLS;46;15
42000;SUBMISSION;;VEV_5400;SEASHELLS;19;15
42000;SUBMISSION;;VEV_5500;SEASHELLS;7;15
42100;SUBMISSION;;HYDROGEL_PACK;SEASHELLS;9982;10
42200;SUBMISSION;;HYDROGEL_PACK;SEASHELLS;9983;10
42300;SUBMISSION;;HYDROGEL_PACK;SEASHELLS;9982;10
42400;SUBMISSION;;VEV_5000;SEASHELLS;243;15
42400;SUBMISSION;;VEV_5200;SEASHELLS;91;15
42500;SUBMISSION;;VELVETFRUIT_EXTRACT;SEASHELLS;5233;10
42500;SUBMISSION;;VEV_5200;SEASHELLS;91;30
42500;SUBMISSION;;VEV_5300;SEASHELLS;46;15
42600;SUBMISSION;;VELVETFRUIT_EXTRACT;SEASHELLS;5232;20
42600;SUBMISSION;;VEV_5000;SEASHELLS;242;30
42600;SUBMISSION;;VEV_5100;SEASHELLS;158;30
42600;SUBMISSION;;VEV_5300;SEASHELLS;46;15
42700;SUBMISSION;;VELVETFRUIT_EXTRACT;SEASHELLS;5232;20
42700;SUBMISSION;;VEV_5000;SEASHELLS;242;30
42700;SUBMISSION;;VEV_5100;SEASHELLS;158;30
42700;SUBMISSION;;VEV_5300;SEASHELLS;46;15
42800;SUBMISSION;;HYDROGEL_PACK;SEASHELLS;9983;10
42800;SUBMISSION;;VEV_5000;SEASHELLS;243;15
42800;SUBMISSION;;VEV_5100;SEASHELLS;159;15
42800;SUBMISSION;;VEV_5200;SEASHELLS;91;15
42800;SUBMISSION;;VEV_5400;SEASHELLS;20;15
42900;SUBMISSION;;VEV_5400;SEASHELLS;20;15
43100;SUBMISSION;;HYDROGEL_PACK;SEASHELLS;9983;10
43300;;SUBMISSION;VELVETFRUIT_EXTRACT;SEASHELLS;5232;20
43500;SUBMISSION;;VEV_5400;SEASHELLS;20;15
43800;SUBMISSION;;VEV_5400;SEASHELLS;20;15
43900;SUBMISSION;;VEV_5400;SEASHELLS;20;15
44000;SUBMISSION;;VEV_5400;SEASHELLS;20;15
44200;;SUBMISSION;HYDROGEL_PACK;SEASHELLS;9978;10
44300;;SUBMISSION;HYDROGEL_PACK;SEASHELLS;9982;10
44400;;SUBMISSION;HYDROGEL_PACK;SEASHELLS;9981;10
44500;;SUBMISSION;HYDROGEL_PACK;SEASHELLS;9981;10
44500;SUBMISSION;;VEV_4000;SEASHELLS;1243;15
44600;;SUBMISSION;HYDROGEL_PACK;SEASHELLS;9983;10
44600;SUBMISSION;;VEV_5400;SEASHELLS;20;15
44700;;SUBMISSION;HYDROGEL_PACK;SEASHELLS;9981;10
44700;SUBMISSION;;VELVETFRUIT_EXTRACT;SEASHELLS;5234;20
44700;SUBMISSION;;VEV_5400;SEASHELLS;20;15
44800;;SUBMISSION;HYDROGEL_PACK;SEASHELLS;9979;10
44800;SUBMISSION;;VEV_5400;SEASHELLS;20;15
44900;SUBMISSION;;VEV_5400;SEASHELLS;20;15
45000;;SUBMISSION;HYDROGEL_PACK;SEASHELLS;9977;10
45100;;SUBMISSION;HYDROGEL_PACK;SEASHELLS;9980;10
45200;;SUBMISSION;HYDROGEL_PACK;SEASHELLS;9978;10
45300;;SUBMISSION;HYDROGEL_PACK;SEASHELLS;9979;10
45300;;SUBMISSION;VEV_5300;SEASHELLS;46;15
45400;;SUBMISSION;HYDROGEL_PACK;SEASHELLS;9980;10
45700;;SUBMISSION;HYDROGEL_PACK;SEASHELLS;9980;10
45800;;SUBMISSION;HYDROGEL_PACK;SEASHELLS;9978;10
45900;;SUBMISSION;HYDROGEL_PACK;SEASHELLS;9979;10
46000;;SUBMISSION;HYDROGEL_PACK;SEASHELLS;9978;10
46200;;SUBMISSION;VEV_5000;SEASHELLS;242;30
46300;;SUBMISSION;VELVETFRUIT_EXTRACT;SEASHELLS;5235;50
46300;;SUBMISSION;VEV_5100;SEASHELLS;160;15
46300;;SUBMISSION;VEV_5200;SEASHELLS;92;15
46300;;SUBMISSION;VEV_5300;SEASHELLS;47;15
46300;;SUBMISSION;VEV_5400;SEASHELLS;20;15
46400;;SUBMISSION;VELVETFRUIT_EXTRACT;SEASHELLS;5235;10
46400;;SUBMISSION;VEV_5200;SEASHELLS;92;15
46500;;SUBMISSION;VELVETFRUIT_EXTRACT;SEASHELLS;5236;50
46500;;SUBMISSION;VEV_5300;SEASHELLS;47;15
46500;;SUBMISSION;VEV_5400;SEASHELLS;20;15
46600;;SUBMISSION;VELVETFRUIT_EXTRACT;SEASHELLS;5237;20
46600;;SUBMISSION;VEV_5000;SEASHELLS;244;30
46600;;SUBMISSION;VEV_5100;SEASHELLS;161;30
46600;;SUBMISSION;VEV_5200;SEASHELLS;93;30
46600;;SUBMISSION;VEV_5300;SEASHELLS;47;15
46600;;SUBMISSION;VEV_5400;SEASHELLS;20;15
46700;;SUBMISSION;VELVETFRUIT_EXTRACT;SEASHELLS;5238;20
46700;;SUBMISSION;VEV_5200;SEASHELLS;93;15
46700;;SUBMISSION;VEV_5400;SEASHELLS;20;15
46800;;SUBMISSION;VELVETFRUIT_EXTRACT;SEASHELLS;5237;50
46800;;SUBMISSION;VEV_5100;SEASHELLS;161;30
46800;;SUBMISSION;VEV_5200;SEASHELLS;93;30
46800;;SUBMISSION;VEV_5300;SEASHELLS;47;15
46800;;SUBMISSION;VEV_5400;SEASHELLS;20;15
46900;;SUBMISSION;VELVETFRUIT_EXTRACT;SEASHELLS;5236;50
46900;;SUBMISSION;VEV_5300;SEASHELLS;47;15
46900;;SUBMISSION;VEV_5400;SEASHELLS;20;15
47000;;SUBMISSION;VELVETFRUIT_EXTRACT;SEASHELLS;5235;10
47000;;SUBMISSION;VEV_5200;SEASHELLS;92;30
47000;;SUBMISSION;VEV_5300;SEASHELLS;46;15
47100;;SUBMISSION;VELVETFRUIT_EXTRACT;SEASHELLS;5235;50
47100;;SUBMISSION;VEV_5100;SEASHELLS;160;30
47100;;SUBMISSION;VEV_5200;SEASHELLS;92;30
47300;SUBMISSION;;HYDROGEL_PACK;SEASHELLS;9984;10
47400;SUBMISSION;;HYDROGEL_PACK;SEASHELLS;9980;10
47500;SUBMISSION;;HYDROGEL_PACK;SEASHELLS;9978;10
47600;SUBMISSION;;HYDROGEL_PACK;SEASHELLS;9976;10
47600;;SUBMISSION;VELVETFRUIT_EXTRACT;SEASHELLS;5235;20
47600;;SUBMISSION;VEV_5100;SEASHELLS;160;15
47600;;SUBMISSION;VEV_5200;SEASHELLS;92;15
47600;;SUBMISSION;VEV_5300;SEASHELLS;46;15
47700;SUBMISSION;;HYDROGEL_PACK;SEASHELLS;9977;10
47800;SUBMISSION;;HYDROGEL_PACK;SEASHELLS;9977;10
47900;SUBMISSION;;HYDROGEL_PACK;SEASHELLS;9975;10
48000;SUBMISSION;;HYDROGEL_PACK;SEASHELLS;9976;10
48100;SUBMISSION;;HYDROGEL_PACK;SEASHELLS;9976;10
48200;SUBMISSION;;HYDROGEL_PACK;SEASHELLS;9978;10
48200;SUBMISSION;;VELVETFRUIT_EXTRACT;SEASHELLS;5237;10
48300;SUBMISSION;;HYDROGEL_PACK;SEASHELLS;9981;10
48300;SUBMISSION;;VELVETFRUIT_EXTRACT;SEASHELLS;5237;20
48400;SUBMISSION;;HYDROGEL_PACK;SEASHELLS;9981;10
48400;SUBMISSION;;VELVETFRUIT_EXTRACT;SEASHELLS;5237;50
48400;SUBMISSION;;VEV_5300;SEASHELLS;47;15
48500;SUBMISSION;;HYDROGEL_PACK;SEASHELLS;9981;10
48600;SUBMISSION;;HYDROGEL_PACK;SEASHELLS;9982;10
48600;SUBMISSION;;VELVETFRUIT_EXTRACT;SEASHELLS;5237;20
48600;SUBMISSION;;VEV_5100;SEASHELLS;162;15
48600;SUBMISSION;;VEV_5200;SEASHELLS;93;15
48700;SUBMISSION;;HYDROGEL_PACK;SEASHELLS;9984;10
48700;SUBMISSION;;VELVETFRUIT_EXTRACT;SEASHELLS;5236;10
48700;SUBMISSION;;VEV_5000;SEASHELLS;245;15
48700;SUBMISSION;;VEV_5100;SEASHELLS;161;15
48700;SUBMISSION;;VEV_5300;SEASHELLS;47;15
48800;SUBMISSION;;VELVETFRUIT_EXTRACT;SEASHELLS;5236;20
48800;SUBMISSION;;VEV_5100;SEASHELLS;161;15
48900;SUBMISSION;;VELVETFRUIT_EXTRACT;SEASHELLS;5235;10
48900;SUBMISSION;;VEV_5200;SEASHELLS;92;30
48900;SUBMISSION;;VEV_5300;SEASHELLS;47;15
48900;SUBMISSION;;VEV_5400;SEASHELLS;20;15
49000;SUBMISSION;;HYDROGEL_PACK;SEASHELLS;9984;10
49000;SUBMISSION;;VELVETFRUIT_EXTRACT;SEASHELLS;5235;10
49000;SUBMISSION;;VEV_5000;SEASHELLS;244;15
49000;SUBMISSION;;VEV_5100;SEASHELLS;160;15
49000;SUBMISSION;;VEV_5200;SEASHELLS;92;15
49000;SUBMISSION;;VEV_5300;SEASHELLS;47;15
49000;SUBMISSION;;VEV_5400;SEASHELLS;20;15
49100;SUBMISSION;;VELVETFRUIT_EXTRACT;SEASHELLS;5236;60
49100;SUBMISSION;;VEV_5000;SEASHELLS;245;30
49100;SUBMISSION;;VEV_5100;SEASHELLS;161;30
49100;SUBMISSION;;VEV_5200;SEASHELLS;92;30
49100;SUBMISSION;;VEV_5300;SEASHELLS;47;15
49100;SUBMISSION;;VEV_5400;SEASHELLS;20;15
49200;SUBMISSION;;VELVETFRUIT_EXTRACT;SEASHELLS;5237;50
49200;SUBMISSION;;VEV_5200;SEASHELLS;93;30
49200;SUBMISSION;;VEV_5300;SEASHELLS;47;15
49200;SUBMISSION;;VEV_5400;SEASHELLS;20;15
49300;SUBMISSION;;VELVETFRUIT_EXTRACT;SEASHELLS;5236;20
49300;SUBMISSION;;VEV_5100;SEASHELLS;161;30
49300;SUBMISSION;;VEV_5200;SEASHELLS;93;30
49300;SUBMISSION;;VEV_5300;SEASHELLS;47;15
49300;SUBMISSION;;VEV_5400;SEASHELLS;20;15
49400;SUBMISSION;;VELVETFRUIT_EXTRACT;SEASHELLS;5237;50
49400;SUBMISSION;;VEV_5200;SEASHELLS;93;30
49400;SUBMISSION;;VEV_5300;SEASHELLS;47;15
49400;SUBMISSION;;VEV_5400;SEASHELLS;20;15
49900;;SUBMISSION;VEV_5300;SEASHELLS;47;15
50100;;SUBMISSION;VEV_5200;SEASHELLS;93;15
50500;;SUBMISSION;VELVETFRUIT_EXTRACT;SEASHELLS;5238;20
50500;;SUBMISSION;VEV_5100;SEASHELLS;162;15
50500;;SUBMISSION;VEV_5300;SEASHELLS;47;15
50500;;SUBMISSION;VEV_5400;SEASHELLS;20;15
50600;;SUBMISSION;HYDROGEL_PACK;SEASHELLS;9981;10
50700;;SUBMISSION;HYDROGEL_PACK;SEASHELLS;9982;10
50700;;SUBMISSION;VEV_5400;SEASHELLS;20;15
50800;;SUBMISSION;HYDROGEL_PACK;SEASHELLS;9983;10
50800;;SUBMISSION;VELVETFRUIT_EXTRACT;SEASHELLS;5238;60
50800;;SUBMISSION;VEV_5100;SEASHELLS;162;30
50800;;SUBMISSION;VEV_5400;SEASHELLS;20;15
50900;;SUBMISSION;HYDROGEL_PACK;SEASHELLS;9983;10
51000;;SUBMISSION;HYDROGEL_PACK;SEASHELLS;9985;10
51000;;SUBMISSION;VELVETFRUIT_EXTRACT;SEASHELLS;5238;20
51000;;SUBMISSION;VEV_5300;SEASHELLS;47;15
51000;;SUBMISSION;VEV_5400;SEASHELLS;20;15
51100;;SUBMISSION;VELVETFRUIT_EXTRACT;SEASHELLS;5239;20
51100;;SUBMISSION;VEV_5000;SEASHELLS;246;15
51100;;SUBMISSION;VEV_5200;SEASHELLS;94;15
51100;;SUBMISSION;VEV_5300;SEASHELLS;48;15
51100;;SUBMISSION;VEV_5400;SEASHELLS;20;15
51200;;SUBMISSION;HYDROGEL_PACK;SEASHELLS;9981;10
51200;;SUBMISSION;VELVETFRUIT_EXTRACT;SEASHELLS;5239;60
51200;;SUBMISSION;VEV_5000;SEASHELLS;246;15
51200;;SUBMISSION;VEV_5200;SEASHELLS;94;15
51200;;SUBMISSION;VEV_5300;SEASHELLS;48;15
51200;;SUBMISSION;VEV_5400;SEASHELLS;20;15
51300;;SUBMISSION;HYDROGEL_PACK;SEASHELLS;9980;10
51300;;SUBMISSION;VELVETFRUIT_EXTRACT;SEASHELLS;5240;60
51300;;SUBMISSION;VEV_5000;SEASHELLS;247;15
51300;;SUBMISSION;VEV_5200;SEASHELLS;95;15
51300;;SUBMISSION;VEV_5300;SEASHELLS;48;15
51400;;SUBMISSION;HYDROGEL_PACK;SEASHELLS;9980;10
51400;;SUBMISSION;VELVETFRUIT_EXTRACT;SEASHELLS;5239;50
51400;;SUBMISSION;VEV_5000;SEASHELLS;246;15
51400;;SUBMISSION;VEV_5200;SEASHELLS;94;15
51400;;SUBMISSION;VEV_5300;SEASHELLS;48;15
51400;;SUBMISSION;VEV_5400;SEASHELLS;20;15
51500;;SUBMISSION;VELVETFRUIT_EXTRACT;SEASHELLS;5238;40
51500;;SUBMISSION;VEV_5100;SEASHELLS;162;30
51500;;SUBMISSION;VEV_5200;SEASHELLS;94;30
51500;;SUBMISSION;VEV_5300;SEASHELLS;48;15
51500;;SUBMISSION;VEV_5400;SEASHELLS;20;15
51600;;SUBMISSION;HYDROGEL_PACK;SEASHELLS;9984;10
51600;;SUBMISSION;VELVETFRUIT_EXTRACT;SEASHELLS;5238;50
51600;;SUBMISSION;VEV_5100;SEASHELLS;162;15
51600;;SUBMISSION;VEV_5200;SEASHELLS;94;15
51600;;SUBMISSION;VEV_5400;SEASHELLS;20;15
51700;;SUBMISSION;HYDROGEL_PACK;SEASHELLS;9984;10
51800;;SUBMISSION;HYDROGEL_PACK;SEASHELLS;9984;10
51900;;SUBMISSION;HYDROGEL_PACK;SEASHELLS;9982;10
52000;;SUBMISSION;HYDROGEL_PACK;SEASHELLS;9981;10
52000;SUBMISSION;;VELVETFRUIT_EXTRACT;SEASHELLS;5240;70
52100;SUBMISSION;;VELVETFRUIT_EXTRACT;SEASHELLS;5240;60
52100;SUBMISSION;;VEV_5300;SEASHELLS;48;15
52200;SUBMISSION;;VELVETFRUIT_EXTRACT;SEASHELLS;5240;10
52300;;SUBMISSION;VELVETFRUIT_EXTRACT;SEASHELLS;5238;50
52300;;SUBMISSION;VEV_5100;SEASHELLS;162;30
52300;;SUBMISSION;VEV_5300;SEASHELLS;47;15
52300;;SUBMISSION;VEV_5400;SEASHELLS;20;15
52400;SUBMISSION;;VELVETFRUIT_EXTRACT;SEASHELLS;5239;10
52400;;SUBMISSION;VEV_5400;SEASHELLS;20;15
52500;;SUBMISSION;VELVETFRUIT_EXTRACT;SEASHELLS;5238;30
52500;;SUBMISSION;VEV_5100;SEASHELLS;162;15
52500;;SUBMISSION;VEV_5300;SEASHELLS;47;15
52500;;SUBMISSION;VEV_5400;SEASHELLS;20;15
52600;;SUBMISSION;VEV_5400;SEASHELLS;20;15
52700;SUBMISSION;;HYDROGEL_PACK;SEASHELLS;9987;10
52700;SUBMISSION;;VELVETFRUIT_EXTRACT;SEASHELLS;5239;10
53100;SUBMISSION;;VELVETFRUIT_EXTRACT;SEASHELLS;5239;20
53100;SUBMISSION;;VEV_5000;SEASHELLS;248;30
53100;SUBMISSION;;VEV_5100;SEASHELLS;163;30
53100;SUBMISSION;;VEV_5200;SEASHELLS;94;30
53100;SUBMISSION;;VEV_5300;SEASHELLS;48;15
53200;SUBMISSION;;VELVETFRUIT_EXTRACT;SEASHELLS;5238;60
53200;SUBMISSION;;VEV_5100;SEASHELLS;162;30
53200;SUBMISSION;;VEV_5300;SEASHELLS;48;15
53300;SUBMISSION;;VELVETFRUIT_EXTRACT;SEASHELLS;5239;60
53300;SUBMISSION;;VEV_5100;SEASHELLS;163;15
53300;SUBMISSION;;VEV_5200;SEASHELLS;94;15
53300;SUBMISSION;;VEV_5300;SEASHELLS;48;15
53400;SUBMISSION;;VELVETFRUIT_EXTRACT;SEASHELLS;5238;20
53400;SUBMISSION;;VEV_5100;SEASHELLS;163;15
53400;SUBMISSION;;VEV_5200;SEASHELLS;94;15
53400;SUBMISSION;;VEV_5300;SEASHELLS;48;15
53500;SUBMISSION;;VELVETFRUIT_EXTRACT;SEASHELLS;5238;10
53500;SUBMISSION;;VEV_5000;SEASHELLS;247;15
53500;SUBMISSION;;VEV_5200;SEASHELLS;94;15
53500;SUBMISSION;;VEV_5300;SEASHELLS;48;15
53600;SUBMISSION;;VELVETFRUIT_EXTRACT;SEASHELLS;5239;20
53600;SUBMISSION;;VEV_5000;SEASHELLS;248;15
53600;SUBMISSION;;VEV_5100;SEASHELLS;163;15
53600;SUBMISSION;;VEV_5200;SEASHELLS;94;15
53600;SUBMISSION;;VEV_5300;SEASHELLS;48;15
53700;SUBMISSION;;VELVETFRUIT_EXTRACT;SEASHELLS;5239;60
53700;SUBMISSION;;VEV_5100;SEASHELLS;163;30
53700;SUBMISSION;;VEV_5200;SEASHELLS;94;30
53700;SUBMISSION;;VEV_5300;SEASHELLS;48;15
53800;SUBMISSION;;VELVETFRUIT_EXTRACT;SEASHELLS;5240;50
53800;SUBMISSION;;VEV_5300;SEASHELLS;48;15
54300;;SUBMISSION;VELVETFRUIT_EXTRACT;SEASHELLS;5239;60
54300;;SUBMISSION;VEV_5100;SEASHELLS;163;15
54300;;SUBMISSION;VEV_5200;SEASHELLS;94;15
54300;;SUBMISSION;VEV_5300;SEASHELLS;48;15
54300;;SUBMISSION;VEV_5400;SEASHELLS;20;15
54400;SUBMISSION;;HYDROGEL_PACK;SEASHELLS;9988;10
54400;;SUBMISSION;VEV_5100;SEASHELLS;162;15
54600;SUBMISSION;;HYDROGEL_PACK;SEASHELLS;9987;10
54600;SUBMISSION;;VELVETFRUIT_EXTRACT;SEASHELLS;5240;10
54700;SUBMISSION;;HYDROGEL_PACK;SEASHELLS;9987;10
54800;SUBMISSION;;HYDROGEL_PACK;SEASHELLS;9987;10
54900;SUBMISSION;;VELVETFRUIT_EXTRACT;SEASHELLS;5240;20
54900;SUBMISSION;;VEV_5100;SEASHELLS;164;15
54900;SUBMISSION;;VEV_5300;SEASHELLS;48;15
55000;SUBMISSION;;HYDROGEL_PACK;SEASHELLS;9987;10
55000;SUBMISSION;;VEV_5100;SEASHELLS;164;15
55000;SUBMISSION;;VEV_5300;SEASHELLS;48;15
55100;SUBMISSION;;HYDROGEL_PACK;SEASHELLS;9985;10
55200;SUBMISSION;;HYDROGEL_PACK;SEASHELLS;9986;10
55200;SUBMISSION;;VEV_5400;SEASHELLS;21;15
55300;SUBMISSION;;HYDROGEL_PACK;SEASHELLS;9984;10
55300;SUBMISSION;;VEV_5400;SEASHELLS;21;15
55400;SUBMISSION;;HYDROGEL_PACK;SEASHELLS;9985;10
55400;SUBMISSION;;VELVETFRUIT_EXTRACT;SEASHELLS;5241;20
55400;SUBMISSION;;VEV_5200;SEASHELLS;95;15
55400;SUBMISSION;;VEV_5400;SEASHELLS;21;15
55500;SUBMISSION;;HYDROGEL_PACK;SEASHELLS;9986;10
55600;SUBMISSION;;HYDROGEL_PACK;SEASHELLS;9987;10
55600;SUBMISSION;;VELVETFRUIT_EXTRACT;SEASHELLS;5241;10
55900;SUBMISSION;;HYDROGEL_PACK;SEASHELLS;9987;10
55900;;SUBMISSION;VEV_5300;SEASHELLS;48;15
56000;;SUBMISSION;VEV_5100;SEASHELLS;163;15
56000;;SUBMISSION;VEV_5300;SEASHELLS;48;15
56100;;SUBMISSION;VEV_5100;SEASHELLS;163;30
56100;;SUBMISSION;VEV_5300;SEASHELLS;48;15
56200;;SUBMISSION;VEV_5000;SEASHELLS;247;30
56200;;SUBMISSION;VEV_5200;SEASHELLS;95;30
56200;;SUBMISSION;VEV_5300;SEASHELLS;48;15
56300;;SUBMISSION;VELVETFRUIT_EXTRACT;SEASHELLS;5243;20
56300;;SUBMISSION;VEV_5200;SEASHELLS;96;30
56300;;SUBMISSION;VEV_5300;SEASHELLS;49;15
56300;;SUBMISSION;VEV_5400;SEASHELLS;21;15
56300;;SUBMISSION;VEV_5500;SEASHELLS;8;15
56400;;SUBMISSION;VELVETFRUIT_EXTRACT;SEASHELLS;5244;20
56400;;SUBMISSION;VEV_5000;SEASHELLS;250;30
56400;;SUBMISSION;VEV_5100;SEASHELLS;166;30
56400;;SUBMISSION;VEV_5200;SEASHELLS;97;30
56400;;SUBMISSION;VEV_5300;SEASHELLS;49;15
56400;;SUBMISSION;VEV_5400;SEASHELLS;21;15
56400;;SUBMISSION;VEV_5500;SEASHELLS;8;15
56500;;SUBMISSION;VELVETFRUIT_EXTRACT;SEASHELLS;5242;50
56500;;SUBMISSION;VEV_4000;SEASHELLS;1234;15
56500;;SUBMISSION;VEV_5100;SEASHELLS;165;15
56500;;SUBMISSION;VEV_5200;SEASHELLS;96;15
56500;;SUBMISSION;VEV_5300;SEASHELLS;49;15
56500;;SUBMISSION;VEV_5400;SEASHELLS;21;15
56500;;SUBMISSION;VEV_5500;SEASHELLS;8;15
56600;;SUBMISSION;VELVETFRUIT_EXTRACT;SEASHELLS;5242;20
56600;;SUBMISSION;VEV_5400;SEASHELLS;21;15
56600;;SUBMISSION;VEV_5500;SEASHELLS;8;15
56700;;SUBMISSION;VEV_5000;SEASHELLS;248;15
56700;;SUBMISSION;VEV_5100;SEASHELLS;164;15
56700;;SUBMISSION;VEV_5200;SEASHELLS;95;15
56700;;SUBMISSION;VEV_5300;SEASHELLS;48;15
56700;;SUBMISSION;VEV_5400;SEASHELLS;21;15
56700;;SUBMISSION;VEV_5500;SEASHELLS;8;15
56800;;SUBMISSION;VELVETFRUIT_EXTRACT;SEASHELLS;5242;10
56800;;SUBMISSION;VEV_5300;SEASHELLS;49;15
56800;;SUBMISSION;VEV_5400;SEASHELLS;21;15
56800;;SUBMISSION;VEV_5500;SEASHELLS;8;15
56900;;SUBMISSION;VEV_5200;SEASHELLS;95;15
56900;;SUBMISSION;VEV_5300;SEASHELLS;48;15
57000;;SUBMISSION;VELVETFRUIT_EXTRACT;SEASHELLS;5243;20
57000;;SUBMISSION;VEV_4000;SEASHELLS;1235;15
57000;;SUBMISSION;VEV_5100;SEASHELLS;165;15
57000;;SUBMISSION;VEV_5200;SEASHELLS;96;15
57000;;SUBMISSION;VEV_5300;SEASHELLS;49;15
57000;;SUBMISSION;VEV_5400;SEASHELLS;21;15
57000;;SUBMISSION;VEV_5500;SEASHELLS;8;15
57100;;SUBMISSION;VEV_5000;SEASHELLS;248;15
57100;;SUBMISSION;VEV_5100;SEASHELLS;164;15
57100;;SUBMISSION;VEV_5200;SEASHELLS;95;15
57100;;SUBMISSION;VEV_5300;SEASHELLS;48;15
57100;;SUBMISSION;VEV_5400;SEASHELLS;21;15
57200;;SUBMISSION;VELVETFRUIT_EXTRACT;SEASHELLS;5242;20
57200;;SUBMISSION;VEV_5200;SEASHELLS;96;15
57200;;SUBMISSION;VEV_5300;SEASHELLS;49;15
57200;;SUBMISSION;VEV_5400;SEASHELLS;21;15
57200;;SUBMISSION;VEV_5500;SEASHELLS;8;15
57300;;SUBMISSION;VELVETFRUIT_EXTRACT;SEASHELLS;5242;20
57300;;SUBMISSION;VEV_5100;SEASHELLS;165;15
57300;;SUBMISSION;VEV_5200;SEASHELLS;96;15
57300;;SUBMISSION;VEV_5300;SEASHELLS;49;15
57300;;SUBMISSION;VEV_5400;SEASHELLS;21;15
57300;;SUBMISSION;VEV_5500;SEASHELLS;8;15
57400;;SUBMISSION;VEV_5200;SEASHELLS;95;15
57400;;SUBMISSION;VEV_5300;SEASHELLS;48;15
57500;;SUBMISSION;VEV_5000;SEASHELLS;248;15
57500;;SUBMISSION;VEV_5100;SEASHELLS;164;15
57500;;SUBMISSION;VEV_5200;SEASHELLS;95;15
57500;;SUBMISSION;VEV_5300;SEASHELLS;48;15
57500;;SUBMISSION;VEV_5400;SEASHELLS;21;15
57600;;SUBMISSION;VEV_5000;SEASHELLS;248;15
57600;;SUBMISSION;VEV_5100;SEASHELLS;164;15
57600;;SUBMISSION;VEV_5200;SEASHELLS;95;15
57600;;SUBMISSION;VEV_5300;SEASHELLS;48;15
57600;;SUBMISSION;VEV_5400;SEASHELLS;21;15
57700;;SUBMISSION;VEV_5200;SEASHELLS;95;15
57700;;SUBMISSION;VEV_5300;SEASHELLS;48;15
57800;;SUBMISSION;VELVETFRUIT_EXTRACT;SEASHELLS;5243;10
57800;;SUBMISSION;VEV_4000;SEASHELLS;1233;15
57800;;SUBMISSION;VEV_5200;SEASHELLS;95;15
57800;;SUBMISSION;VEV_5300;SEASHELLS;48;15
57800;;SUBMISSION;VEV_5400;SEASHELLS;21;15
57900;;SUBMISSION;VEV_5100;SEASHELLS;163;15
57900;;SUBMISSION;VEV_5300;SEASHELLS;48;15
58000;;SUBMISSION;HYDROGEL_PACK;SEASHELLS;9984;10
58000;;SUBMISSION;VEV_5000;SEASHELLS;248;15
58000;;SUBMISSION;VEV_5100;SEASHELLS;164;15
58000;;SUBMISSION;VEV_5200;SEASHELLS;95;15
58000;;SUBMISSION;VEV_5300;SEASHELLS;48;15
58000;;SUBMISSION;VEV_5400;SEASHELLS;21;15
58100;;SUBMISSION;HYDROGEL_PACK;SEASHELLS;9984;10
58100;;SUBMISSION;VEV_4000;SEASHELLS;1233;15
58100;;SUBMISSION;VEV_5200;SEASHELLS;95;30
58100;;SUBMISSION;VEV_5300;SEASHELLS;48;15
58200;;SUBMISSION;HYDROGEL_PACK;SEASHELLS;9985;10
58200;;SUBMISSION;VEV_5000;SEASHELLS;247;15
58200;;SUBMISSION;VEV_5200;SEASHELLS;95;15
58200;;SUBMISSION;VEV_5300;SEASHELLS;48;15
58300;;SUBMISSION;HYDROGEL_PACK;SEASHELLS;9984;10
58300;;SUBMISSION;VELVETFRUIT_EXTRACT;SEASHELLS;5242;20
58300;;SUBMISSION;VEV_5300;SEASHELLS;48;15
58300;;SUBMISSION;VEV_5400;SEASHELLS;21;15
58400;;SUBMISSION;HYDROGEL_PACK;SEASHELLS;9986;10
58400;;SUBMISSION;VEV_4000;SEASHELLS;1233;15
58400;;SUBMISSION;VEV_5000;SEASHELLS;248;15
58400;;SUBMISSION;VEV_5100;SEASHELLS;164;15
58400;;SUBMISSION;VEV_5200;SEASHELLS;95;15
58400;;SUBMISSION;VEV_5300;SEASHELLS;48;30
58400;;SUBMISSION;VEV_5400;SEASHELLS;21;30
58500;;SUBMISSION;HYDROGEL_PACK;SEASHELLS;9984;10
58500;;SUBMISSION;VEV_5100;SEASHELLS;163;15
58500;;SUBMISSION;VEV_5300;SEASHELLS;48;15
58600;;SUBMISSION;HYDROGEL_PACK;SEASHELLS;9985;10
58600;SUBMISSION;;VELVETFRUIT_EXTRACT;SEASHELLS;5244;10
58600;;SUBMISSION;VEV_5100;SEASHELLS;162;15
58700;;SUBMISSION;HYDROGEL_PACK;SEASHELLS;9984;10
58700;SUBMISSION;;VELVETFRUIT_EXTRACT;SEASHELLS;5243;10
58800;;SUBMISSION;HYDROGEL_PACK;SEASHELLS;9984;10
58800;SUBMISSION;;VELVETFRUIT_EXTRACT;SEASHELLS;5243;20
58900;;SUBMISSION;HYDROGEL_PACK;SEASHELLS;9985;10
58900;;SUBMISSION;VEV_5100;SEASHELLS;163;30
58900;;SUBMISSION;VEV_5300;SEASHELLS;48;15
59000;;SUBMISSION;VEV_5200;SEASHELLS;95;15
59000;;SUBMISSION;VEV_5300;SEASHELLS;48;15
59100;;SUBMISSION;VEV_5100;SEASHELLS;163;30
59100;;SUBMISSION;VEV_5200;SEASHELLS;95;30
59200;;SUBMISSION;HYDROGEL_PACK;SEASHELLS;9985;10
59200;;SUBMISSION;VEV_5000;SEASHELLS;247;30
59200;;SUBMISSION;VEV_5100;SEASHELLS;163;30
59200;;SUBMISSION;VEV_5200;SEASHELLS;95;30
59300;;SUBMISSION;HYDROGEL_PACK;SEASHELLS;9986;10
59300;;SUBMISSION;VELVETFRUIT_EXTRACT;SEASHELLS;5242;20
59300;;SUBMISSION;VEV_5100;SEASHELLS;164;15
59300;;SUBMISSION;VEV_5300;SEASHELLS;48;30
59300;;SUBMISSION;VEV_5400;SEASHELLS;21;30
59400;;SUBMISSION;HYDROGEL_PACK;SEASHELLS;9988;10
59400;;SUBMISSION;VEV_5100;SEASHELLS;164;15
59400;;SUBMISSION;VEV_5300;SEASHELLS;48;15
59400;;SUBMISSION;VEV_5400;SEASHELLS;21;15
59500;;SUBMISSION;HYDROGEL_PACK;SEASHELLS;9987;10
59500;;SUBMISSION;VELVETFRUIT_EXTRACT;SEASHELLS;5243;10
59500;;SUBMISSION;VEV_5100;SEASHELLS;165;15
59500;;SUBMISSION;VEV_5200;SEASHELLS;96;15
59500;;SUBMISSION;VEV_5300;SEASHELLS;49;15
59500;;SUBMISSION;VEV_5400;SEASHELLS;21;15
59500;;SUBMISSION;VEV_5500;SEASHELLS;8;15
59600;;SUBMISSION;HYDROGEL_PACK;SEASHELLS;9987;10
59600;;SUBMISSION;VELVETFRUIT_EXTRACT;SEASHELLS;5243;60
59600;;SUBMISSION;VEV_5300;SEASHELLS;49;15
59600;;SUBMISSION;VEV_5400;SEASHELLS;21;15
59600;;SUBMISSION;VEV_5500;SEASHELLS;8;15
59700;;SUBMISSION;HYDROGEL_PACK;SEASHELLS;9987;10
59700;;SUBMISSION;VELVETFRUIT_EXTRACT;SEASHELLS;5242;50
59700;;SUBMISSION;VEV_5000;SEASHELLS;249;30
59700;;SUBMISSION;VEV_5200;SEASHELLS;96;30
59700;;SUBMISSION;VEV_5300;SEASHELLS;49;15
59700;;SUBMISSION;VEV_5400;SEASHELLS;21;15
59800;;SUBMISSION;HYDROGEL_PACK;SEASHELLS;9989;10
59800;;SUBMISSION;VELVETFRUIT_EXTRACT;SEASHELLS;5242;10
59800;;SUBMISSION;VEV_4000;SEASHELLS;1234;15
59800;;SUBMISSION;VEV_5200;SEASHELLS;96;15
59800;;SUBMISSION;VEV_5400;SEASHELLS;21;15
59900;;SUBMISSION;HYDROGEL_PACK;SEASHELLS;9989;10
59900;;SUBMISSION;VEV_5200;SEASHELLS;95;15
60000;;SUBMISSION;HYDROGEL_PACK;SEASHELLS;9988;10
60000;;SUBMISSION;VEV_5200;SEASHELLS;95;15
60100;;SUBMISSION;HYDROGEL_PACK;SEASHELLS;9988;10
60100;;SUBMISSION;VEV_5100;SEASHELLS;164;30
60100;;SUBMISSION;VEV_5300;SEASHELLS;48;15
60100;;SUBMISSION;VEV_5400;SEASHELLS;21;15
60200;;SUBMISSION;HYDROGEL_PACK;SEASHELLS;9986;10
60200;;SUBMISSION;VEV_5000;SEASHELLS;248;30
60200;;SUBMISSION;VEV_5100;SEASHELLS;164;30
60200;;SUBMISSION;VEV_5200;SEASHELLS;95;30
60200;;SUBMISSION;VEV_5300;SEASHELLS;48;15
60200;;SUBMISSION;VEV_5400;SEASHELLS;21;15
60300;;SUBMISSION;HYDROGEL_PACK;SEASHELLS;9985;10
60300;;SUBMISSION;VELVETFRUIT_EXTRACT;SEASHELLS;5243;20
60300;;SUBMISSION;VEV_5100;SEASHELLS;165;30
60300;;SUBMISSION;VEV_5300;SEASHELLS;49;15
60300;;SUBMISSION;VEV_5400;SEASHELLS;21;15
60300;;SUBMISSION;VEV_5500;SEASHELLS;8;15
60400;;SUBMISSION;HYDROGEL_PACK;SEASHELLS;9986;10
60400;;SUBMISSION;VELVETFRUIT_EXTRACT;SEASHELLS;5243;60
60400;;SUBMISSION;VEV_4000;SEASHELLS;1235;15
60400;;SUBMISSION;VEV_5300;SEASHELLS;49;15
60400;;SUBMISSION;VEV_5400;SEASHELLS;21;15
60400;;SUBMISSION;VEV_5500;SEASHELLS;8;15
60500;;SUBMISSION;VEV_5100;SEASHELLS;165;30
60500;;SUBMISSION;VEV_5300;SEASHELLS;49;15
60500;;SUBMISSION;VEV_5400;SEASHELLS;21;15
60500;;SUBMISSION;VEV_5500;SEASHELLS;8;15
60600;;SUBMISSION;HYDROGEL_PACK;SEASHELLS;9987;10
60600;;SUBMISSION;VEV_4000;SEASHELLS;1233;15
60600;;SUBMISSION;VEV_5200;SEASHELLS;95;30
60700;;SUBMISSION;HYDROGEL_PACK;SEASHELLS;9993;10
60800;;SUBMISSION;HYDROGEL_PACK;SEASHELLS;9993;10
60900;;SUBMISSION;HYDROGEL_PACK;SEASHELLS;9991;10
60900;;SUBMISSION;VEV_5000;SEASHELLS;246;30
60900;;SUBMISSION;VEV_5100;SEASHELLS;162;30
61000;;SUBMISSION;HYDROGEL_PACK;SEASHELLS;9992;10
61000;;SUBMISSION;VEV_5000;SEASHELLS;246;15
61000;;SUBMISSION;VEV_5100;SEASHELLS;162;15
61100;;SUBMISSION;HYDROGEL_PACK;SEASHELLS;9988;10
61100;;SUBMISSION;VEV_5000;SEASHELLS;246;15
61100;;SUBMISSION;VEV_5100;SEASHELLS;162;15
61200;;SUBMISSION;HYDROGEL_PACK;SEASHELLS;9987;10
61200;;SUBMISSION;VEV_5000;SEASHELLS;247;30
61200;;SUBMISSION;VEV_5100;SEASHELLS;163;30
61200;;SUBMISSION;VEV_5200;SEASHELLS;95;30
61300;;SUBMISSION;HYDROGEL_PACK;SEASHELLS;9990;10
61400;;SUBMISSION;HYDROGEL_PACK;SEASHELLS;9989;10
61500;;SUBMISSION;HYDROGEL_PACK;SEASHELLS;9986;10
62100;SUBMISSION;;HYDROGEL_PACK;SEASHELLS;9990;10
62200;SUBMISSION;;VEV_5100;SEASHELLS;164;15
62500;SUBMISSION;;VEV_5100;SEASHELLS;164;15
62500;SUBMISSION;;VEV_5300;SEASHELLS;48;30
62900;SUBMISSION;;VELVETFRUIT_EXTRACT;SEASHELLS;5240;10
62900;SUBMISSION;;VEV_5100;SEASHELLS;164;30
62900;SUBMISSION;;VEV_5300;SEASHELLS;48;15
63000;SUBMISSION;;HYDROGEL_PACK;SEASHELLS;9991;10
63000;SUBMISSION;;VELVETFRUIT_EXTRACT;SEASHELLS;5239;20
63000;SUBMISSION;;VEV_5000;SEASHELLS;248;15
63000;SUBMISSION;;VEV_5100;SEASHELLS;163;15
63000;SUBMISSION;;VEV_5200;SEASHELLS;94;15
63000;SUBMISSION;;VEV_5300;SEASHELLS;48;15
63000;SUBMISSION;;VEV_5400;SEASHELLS;21;15
63200;;SUBMISSION;VELVETFRUIT_EXTRACT;SEASHELLS;5238;20
63300;;SUBMISSION;VELVETFRUIT_EXTRACT;SEASHELLS;5238;10
63500;SUBMISSION;;VELVETFRUIT_EXTRACT;SEASHELLS;5240;20
63500;SUBMISSION;;VEV_5300;SEASHELLS;48;15
63500;SUBMISSION;;VEV_5400;SEASHELLS;21;15
63800;;SUBMISSION;HYDROGEL_PACK;SEASHELLS;9984;10
63900;;SUBMISSION;HYDROGEL_PACK;SEASHELLS;9986;10
63900;;SUBMISSION;VELVETFRUIT_EXTRACT;SEASHELLS;5238;10
64000;;SUBMISSION;HYDROGEL_PACK;SEASHELLS;9984;10
64000;;SUBMISSION;VELVETFRUIT_EXTRACT;SEASHELLS;5239;10
64000;;SUBMISSION;VEV_5100;SEASHELLS;162;15
64000;;SUBMISSION;VEV_5200;SEASHELLS;94;15
64100;;SUBMISSION;HYDROGEL_PACK;SEASHELLS;9984;10
64200;;SUBMISSION;HYDROGEL_PACK;SEASHELLS;9984;10
64200;SUBMISSION;;VEV_5100;SEASHELLS;164;30
64200;SUBMISSION;;VEV_5400;SEASHELLS;21;15
64300;;SUBMISSION;HYDROGEL_PACK;SEASHELLS;9984;10
64300;SUBMISSION;;VEV_5000;SEASHELLS;248;15
64300;SUBMISSION;;VEV_5200;SEASHELLS;94;15
64300;SUBMISSION;;VEV_5300;SEASHELLS;48;15
64300;SUBMISSION;;VEV_5400;SEASHELLS;21;15
64400;SUBMISSION;;VELVETFRUIT_EXTRACT;SEASHELLS;5237;20
64400;SUBMISSION;;VEV_5100;SEASHELLS;161;15
64400;SUBMISSION;;VEV_5200;SEASHELLS;93;15
64400;SUBMISSION;;VEV_5300;SEASHELLS;47;15
64400;SUBMISSION;;VEV_5400;SEASHELLS;20;15
64500;SUBMISSION;;VELVETFRUIT_EXTRACT;SEASHELLS;5237;10
64500;SUBMISSION;;VEV_5000;SEASHELLS;246;30
64500;SUBMISSION;;VEV_5100;SEASHELLS;161;30
64500;SUBMISSION;;VEV_5200;SEASHELLS;93;30
64500;SUBMISSION;;VEV_5300;SEASHELLS;47;15
64500;SUBMISSION;;VEV_5400;SEASHELLS;20;15
64600;;SUBMISSION;HYDROGEL_PACK;SEASHELLS;9986;10
64600;SUBMISSION;;VELVETFRUIT_EXTRACT;SEASHELLS;5236;10
64600;SUBMISSION;;VEV_5200;SEASHELLS;92;15
64600;SUBMISSION;;VEV_5300;SEASHELLS;47;15
64600;SUBMISSION;;VEV_5400;SEASHELLS;20;15
64700;SUBMISSION;;VEV_5100;SEASHELLS;161;30
64700;SUBMISSION;;VEV_5300;SEASHELLS;47;15
64700;SUBMISSION;;VEV_5400;SEASHELLS;20;15
64800;;SUBMISSION;HYDROGEL_PACK;SEASHELLS;9985;10
64800;SUBMISSION;;VELVETFRUIT_EXTRACT;SEASHELLS;5237;20
64800;SUBMISSION;;VEV_5000;SEASHELLS;246;15
64800;SUBMISSION;;VEV_5100;SEASHELLS;161;15
64800;SUBMISSION;;VEV_5200;SEASHELLS;93;15
64800;SUBMISSION;;VEV_5300;SEASHELLS;47;15
64800;SUBMISSION;;VEV_5400;SEASHELLS;20;15
64900;SUBMISSION;;VELVETFRUIT_EXTRACT;SEASHELLS;5235;20
64900;SUBMISSION;;VEV_5100;SEASHELLS;160;15
64900;SUBMISSION;;VEV_5200;SEASHELLS;92;15
64900;SUBMISSION;;VEV_5300;SEASHELLS;47;15
64900;SUBMISSION;;VEV_5400;SEASHELLS;20;15
65000;SUBMISSION;;VELVETFRUIT_EXTRACT;SEASHELLS;5236;50
65000;SUBMISSION;;VEV_5000;SEASHELLS;245;15
65000;SUBMISSION;;VEV_5200;SEASHELLS;92;15
65000;SUBMISSION;;VEV_5300;SEASHELLS;47;15
65000;SUBMISSION;;VEV_5400;SEASHELLS;20;15
65100;SUBMISSION;;VELVETFRUIT_EXTRACT;SEASHELLS;5236;60
65100;SUBMISSION;;VEV_5000;SEASHELLS;245;30
65100;SUBMISSION;;VEV_5100;SEASHELLS;160;30
65100;SUBMISSION;;VEV_5200;SEASHELLS;92;30
65100;SUBMISSION;;VEV_5300;SEASHELLS;47;15
65100;SUBMISSION;;VEV_5400;SEASHELLS;20;15
65200;SUBMISSION;;VELVETFRUIT_EXTRACT;SEASHELLS;5235;50
65200;SUBMISSION;;VEV_5000;SEASHELLS;244;15
65200;SUBMISSION;;VEV_5400;SEASHELLS;20;15
65300;SUBMISSION;;VELVETFRUIT_EXTRACT;SEASHELLS;5237;60
65300;SUBMISSION;;VEV_5000;SEASHELLS;246;30
65300;SUBMISSION;;VEV_5100;SEASHELLS;161;30
65300;SUBMISSION;;VEV_5300;SEASHELLS;47;15
65300;SUBMISSION;;VEV_5400;SEASHELLS;20;15
65400;SUBMISSION;;VELVETFRUIT_EXTRACT;SEASHELLS;5236;20
65400;SUBMISSION;;VEV_5300;SEASHELLS;47;15
65400;SUBMISSION;;VEV_5400;SEASHELLS;20;15
65500;SUBMISSION;;VELVETFRUIT_EXTRACT;SEASHELLS;5237;50
65500;SUBMISSION;;VEV_5000;SEASHELLS;246;15
65500;SUBMISSION;;VEV_5100;SEASHELLS;161;15
65500;SUBMISSION;;VEV_5200;SEASHELLS;93;15
65500;SUBMISSION;;VEV_5300;SEASHELLS;47;15
65500;SUBMISSION;;VEV_5400;SEASHELLS;20;15
65600;SUBMISSION;;VEV_5000;SEASHELLS;247;15
65600;SUBMISSION;;VEV_5100;SEASHELLS;162;15
65600;SUBMISSION;;VEV_5200;SEASHELLS;93;15
65600;SUBMISSION;;VEV_5400;SEASHELLS;20;15
65700;SUBMISSION;;VEV_5100;SEASHELLS;162;15
65700;SUBMISSION;;VEV_5300;SEASHELLS;48;15
65800;SUBMISSION;;VELVETFRUIT_EXTRACT;SEASHELLS;5237;10
65800;SUBMISSION;;VEV_5200;SEASHELLS;93;15
65800;SUBMISSION;;VEV_5300;SEASHELLS;47;15
65800;SUBMISSION;;VEV_5400;SEASHELLS;20;15
65900;SUBMISSION;;VEV_5000;SEASHELLS;247;15
65900;SUBMISSION;;VEV_5100;SEASHELLS;162;15
65900;SUBMISSION;;VEV_5400;SEASHELLS;20;15
66000;SUBMISSION;;VEV_5100;SEASHELLS;162;30
66000;SUBMISSION;;VEV_5200;SEASHELLS;94;30
66000;SUBMISSION;;VEV_5300;SEASHELLS;48;15
66100;SUBMISSION;;VEV_5200;SEASHELLS;94;15
66100;SUBMISSION;;VEV_5300;SEASHELLS;48;15
66200;SUBMISSION;;VEV_5000;SEASHELLS;248;15
66200;SUBMISSION;;VEV_5100;SEASHELLS;163;15
66200;SUBMISSION;;VEV_5200;SEASHELLS;94;15
66200;SUBMISSION;;VEV_5300;SEASHELLS;48;15
66200;SUBMISSION;;VEV_5400;SEASHELLS;21;15
66300;SUBMISSION;;VEV_5100;SEASHELLS;163;30
66300;SUBMISSION;;VEV_5200;SEASHELLS;94;30
66300;SUBMISSION;;VEV_5300;SEASHELLS;48;15
66300;SUBMISSION;;VEV_5400;SEASHELLS;21;15
66400;;SUBMISSION;VELVETFRUIT_EXTRACT;SEASHELLS;5235;20
66400;SUBMISSION;;VEV_5300;SEASHELLS;48;15
66400;SUBMISSION;;VEV_5400;SEASHELLS;21;15
66500;SUBMISSION;;VEV_5300;SEASHELLS;48;15
66500;SUBMISSION;;VEV_5400;SEASHELLS;21;15
66600;;SUBMISSION;VELVETFRUIT_EXTRACT;SEASHELLS;5235;60
66600;SUBMISSION;;VEV_5100;SEASHELLS;164;30
66600;SUBMISSION;;VEV_5400;SEASHELLS;21;15
66700;;SUBMISSION;VELVETFRUIT_EXTRACT;SEASHELLS;5236;50
66800;;SUBMISSION;VELVETFRUIT_EXTRACT;SEASHELLS;5236;20
66900;;SUBMISSION;VELVETFRUIT_EXTRACT;SEASHELLS;5237;20
67000;;SUBMISSION;VELVETFRUIT_EXTRACT;SEASHELLS;5236;20
67000;SUBMISSION;;VEV_5400;SEASHELLS;21;15
67100;SUBMISSION;;VEV_5000;SEASHELLS;249;15
67100;SUBMISSION;;VEV_5100;SEASHELLS;164;30
67100;SUBMISSION;;VEV_5300;SEASHELLS;48;15
67100;SUBMISSION;;VEV_5400;SEASHELLS;21;15
67200;;SUBMISSION;HYDROGEL_PACK;SEASHELLS;9985;10
67200;SUBMISSION;;VEV_5200;SEASHELLS;94;30
67200;SUBMISSION;;VEV_5300;SEASHELLS;48;15
67200;SUBMISSION;;VEV_5400;SEASHELLS;21;15
67300;SUBMISSION;;VELVETFRUIT_EXTRACT;SEASHELLS;5237;20
67300;SUBMISSION;;VEV_5200;SEASHELLS;93;30
67300;SUBMISSION;;VEV_5300;SEASHELLS;47;15
67300;SUBMISSION;;VEV_5400;SEASHELLS;20;15
67400;SUBMISSION;;VELVETFRUIT_EXTRACT;SEASHELLS;5237;20
67400;SUBMISSION;;VEV_5200;SEASHELLS;93;30
67400;SUBMISSION;;VEV_5300;SEASHELLS;47;15
67400;SUBMISSION;;VEV_5400;SEASHELLS;20;15
67500;SUBMISSION;;VEV_5000;SEASHELLS;247;30
67500;SUBMISSION;;VEV_5100;SEASHELLS;162;30
67500;SUBMISSION;;VEV_5300;SEASHELLS;48;15
67500;SUBMISSION;;VEV_5400;SEASHELLS;20;15
67600;SUBMISSION;;VEV_5000;SEASHELLS;248;15
67600;SUBMISSION;;VEV_5100;SEASHELLS;163;15
67600;SUBMISSION;;VEV_5200;SEASHELLS;94;15
67600;SUBMISSION;;VEV_5300;SEASHELLS;48;15
67600;SUBMISSION;;VEV_5400;SEASHELLS;21;15
67700;SUBMISSION;;VEV_5000;SEASHELLS;248;15
67700;SUBMISSION;;VEV_5200;SEASHELLS;94;15
67700;SUBMISSION;;VEV_5300;SEASHELLS;48;15
67700;SUBMISSION;;VEV_5400;SEASHELLS;21;15
67800;SUBMISSION;;VEV_5100;SEASHELLS;162;30
67800;SUBMISSION;;VEV_5300;SEASHELLS;48;15
67900;SUBMISSION;;VELVETFRUIT_EXTRACT;SEASHELLS;5236;10
67900;SUBMISSION;;VEV_5200;SEASHELLS;94;15
67900;SUBMISSION;;VEV_5300;SEASHELLS;48;15
67900;SUBMISSION;;VEV_5400;SEASHELLS;21;15
68000;SUBMISSION;;VEV_5200;SEASHELLS;93;30
68000;SUBMISSION;;VEV_5300;SEASHELLS;47;15
68000;SUBMISSION;;VEV_5400;SEASHELLS;20;15
68100;SUBMISSION;;VELVETFRUIT_EXTRACT;SEASHELLS;5236;50
68100;SUBMISSION;;VEV_5000;SEASHELLS;245;30
68100;SUBMISSION;;VEV_5100;SEASHELLS;160;30
68100;SUBMISSION;;VEV_5200;SEASHELLS;92;30
68100;SUBMISSION;;VEV_5300;SEASHELLS;47;15
68100;SUBMISSION;;VEV_5400;SEASHELLS;20;15
68200;SUBMISSION;;VELVETFRUIT_EXTRACT;SEASHELLS;5236;20
68200;SUBMISSION;;VEV_5200;SEASHELLS;92;30
68200;SUBMISSION;;VEV_5300;SEASHELLS;47;15
68200;SUBMISSION;;VEV_5400;SEASHELLS;20;15
68300;SUBMISSION;;VELVETFRUIT_EXTRACT;SEASHELLS;5236;60
68300;SUBMISSION;;VEV_5100;SEASHELLS;160;15
68300;SUBMISSION;;VEV_5200;SEASHELLS;92;15
68300;SUBMISSION;;VEV_5300;SEASHELLS;47;15
68300;SUBMISSION;;VEV_5400;SEASHELLS;20;15
68400;SUBMISSION;;VELVETFRUIT_EXTRACT;SEASHELLS;5235;20
68500;SUBMISSION;;VELVETFRUIT_EXTRACT;SEASHELLS;5236;10
68500;SUBMISSION;;VEV_5200;SEASHELLS;92;15
68500;SUBMISSION;;VEV_5300;SEASHELLS;47;15
68500;SUBMISSION;;VEV_5400;SEASHELLS;20;15
68600;SUBMISSION;;VEV_5200;SEASHELLS;93;15
68600;SUBMISSION;;VEV_5400;SEASHELLS;20;15
68700;SUBMISSION;;VEV_5000;SEASHELLS;247;15
68700;SUBMISSION;;VEV_5100;SEASHELLS;162;15
68700;SUBMISSION;;VEV_5200;SEASHELLS;93;15
68800;SUBMISSION;;VEV_5100;SEASHELLS;163;15
68800;SUBMISSION;;VEV_5200;SEASHELLS;94;15
68800;SUBMISSION;;VEV_5300;SEASHELLS;48;15
68800;SUBMISSION;;VEV_5400;SEASHELLS;21;15
69500;;SUBMISSION;VEV_5200;SEASHELLS;94;15
69600;;SUBMISSION;VELVETFRUIT_EXTRACT;SEASHELLS;5240;20
69600;;SUBMISSION;VEV_5200;SEASHELLS;94;30
69600;;SUBMISSION;VEV_5300;SEASHELLS;48;15
69700;;SUBMISSION;VELVETFRUIT_EXTRACT;SEASHELLS;5240;50
69700;;SUBMISSION;VEV_5000;SEASHELLS;247;15
69700;;SUBMISSION;VEV_5100;SEASHELLS;163;15
69700;;SUBMISSION;VEV_5200;SEASHELLS;94;15
69700;;SUBMISSION;VEV_5300;SEASHELLS;48;15
69800;SUBMISSION;;HYDROGEL_PACK;SEASHELLS;9984;10
69800;;SUBMISSION;VELVETFRUIT_EXTRACT;SEASHELLS;5239;10
69800;;SUBMISSION;VEV_5200;SEASHELLS;94;15
69800;;SUBMISSION;VEV_5300;SEASHELLS;48;15
69900;SUBMISSION;;HYDROGEL_PACK;SEASHELLS;9981;10
70000;SUBMISSION;;HYDROGEL_PACK;SEASHELLS;9982;10
70000;SUBMISSION;;VEV_5500;SEASHELLS;8;15
70100;SUBMISSION;;HYDROGEL_PACK;SEASHELLS;9981;10
70100;SUBMISSION;;VEV_5500;SEASHELLS;8;15
70200;SUBMISSION;;HYDROGEL_PACK;SEASHELLS;9981;10
70200;SUBMISSION;;VELVETFRUIT_EXTRACT;SEASHELLS;5242;50
70200;SUBMISSION;;VEV_5200;SEASHELLS;95;15
70200;SUBMISSION;;VEV_5500;SEASHELLS;8;15
70300;SUBMISSION;;VEV_5500;SEASHELLS;8;15
70400;SUBMISSION;;HYDROGEL_PACK;SEASHELLS;9981;10
70400;SUBMISSION;;VEV_5500;SEASHELLS;8;15
70500;SUBMISSION;;HYDROGEL_PACK;SEASHELLS;9985;10
70500;SUBMISSION;;VELVETFRUIT_EXTRACT;SEASHELLS;5241;10
70500;SUBMISSION;;VEV_5200;SEASHELLS;95;30
70500;SUBMISSION;;VEV_5500;SEASHELLS;8;15
70600;SUBMISSION;;HYDROGEL_PACK;SEASHELLS;9985;10
70600;SUBMISSION;;VELVETFRUIT_EXTRACT;SEASHELLS;5241;20
70600;SUBMISSION;;VEV_5200;SEASHELLS;95;30
70600;SUBMISSION;;VEV_5500;SEASHELLS;8;15
70700;SUBMISSION;;VEV_5300;SEASHELLS;49;15
70700;SUBMISSION;;VEV_5500;SEASHELLS;8;15
70800;SUBMISSION;;HYDROGEL_PACK;SEASHELLS;9982;10
70800;SUBMISSION;;VEV_5300;SEASHELLS;49;15
70800;SUBMISSION;;VEV_5500;SEASHELLS;8;15
70900;SUBMISSION;;HYDROGEL_PACK;SEASHELLS;9982;10
70900;SUBMISSION;;VEV_5100;SEASHELLS;165;15
70900;SUBMISSION;;VEV_5200;SEASHELLS;95;15
70900;SUBMISSION;;VEV_5300;SEASHELLS;49;15
70900;SUBMISSION;;VEV_5500;SEASHELLS;8;15
71000;SUBMISSION;;HYDROGEL_PACK;SEASHELLS;9981;10
71000;SUBMISSION;;VEV_5500;SEASHELLS;8;15
71100;SUBMISSION;;HYDROGEL_PACK;SEASHELLS;9984;10
71100;SUBMISSION;;VEV_5500;SEASHELLS;8;15
71200;SUBMISSION;;HYDROGEL_PACK;SEASHELLS;9983;10
71300;SUBMISSION;;HYDROGEL_PACK;SEASHELLS;9985;10
71400;SUBMISSION;;HYDROGEL_PACK;SEASHELLS;9986;10
71500;;SUBMISSION;VEV_5000;SEASHELLS;247;15
71900;SUBMISSION;;VEV_5500;SEASHELLS;8;15
72000;SUBMISSION;;VEV_5500;SEASHELLS;8;15
72200;;SUBMISSION;VEV_5000;SEASHELLS;247;15
72500;SUBMISSION;;HYDROGEL_PACK;SEASHELLS;9988;10
72700;;SUBMISSION;VEV_4000;SEASHELLS;1234;15
72700;;SUBMISSION;VEV_5000;SEASHELLS;248;15
72900;;SUBMISSION;VELVETFRUIT_EXTRACT;SEASHELLS;5243;20
72900;;SUBMISSION;VEV_5200;SEASHELLS;96;15
72900;;SUBMISSION;VEV_5300;SEASHELLS;49;15
72900;;SUBMISSION;VEV_5400;SEASHELLS;21;15
72900;;SUBMISSION;VEV_5500;SEASHELLS;8;15
73000;;SUBMISSION;VELVETFRUIT_EXTRACT;SEASHELLS;5242;50
73000;;SUBMISSION;VEV_5300;SEASHELLS;49;15
73000;;SUBMISSION;VEV_5500;SEASHELLS;8;15
73100;;SUBMISSION;VEV_5000;SEASHELLS;248;30
73200;;SUBMISSION;HYDROGEL_PACK;SEASHELLS;9983;10
73200;;SUBMISSION;VEV_5000;SEASHELLS;248;15
73300;;SUBMISSION;HYDROGEL_PACK;SEASHELLS;9982;10
73300;;SUBMISSION;VELVETFRUIT_EXTRACT;SEASHELLS;5243;20
73300;;SUBMISSION;VEV_5200;SEASHELLS;96;15
73300;;SUBMISSION;VEV_5300;SEASHELLS;49;15
73300;;SUBMISSION;VEV_5400;SEASHELLS;21;15
73300;;SUBMISSION;VEV_5500;SEASHELLS;8;15
73400;;SUBMISSION;HYDROGEL_PACK;SEASHELLS;9983;10
73400;;SUBMISSION;VELVETFRUIT_EXTRACT;SEASHELLS;5243;20
73400;;SUBMISSION;VEV_5100;SEASHELLS;165;15
73400;;SUBMISSION;VEV_5200;SEASHELLS;96;15
73400;;SUBMISSION;VEV_5300;SEASHELLS;49;15
73400;;SUBMISSION;VEV_5400;SEASHELLS;21;15
73400;;SUBMISSION;VEV_5500;SEASHELLS;8;15
73500;;SUBMISSION;HYDROGEL_PACK;SEASHELLS;9982;10
73500;;SUBMISSION;VELVETFRUIT_EXTRACT;SEASHELLS;5244;20
73500;;SUBMISSION;VEV_5100;SEASHELLS;166;30
73500;;SUBMISSION;VEV_5300;SEASHELLS;49;15
73500;;SUBMISSION;VEV_5400;SEASHELLS;21;15
73500;;SUBMISSION;VEV_5500;SEASHELLS;8;15
73600;;SUBMISSION;HYDROGEL_PACK;SEASHELLS;9984;10
73600;;SUBMISSION;VELVETFRUIT_EXTRACT;SEASHELLS;5244;10
73600;;SUBMISSION;VEV_5100;SEASHELLS;166;15
73600;;SUBMISSION;VEV_5200;SEASHELLS;96;15
73600;;SUBMISSION;VEV_5300;SEASHELLS;49;15
73600;;SUBMISSION;VEV_5400;SEASHELLS;21;15
73600;;SUBMISSION;VEV_5500;SEASHELLS;8;15
73700;;SUBMISSION;HYDROGEL_PACK;SEASHELLS;9984;10
73700;;SUBMISSION;VELVETFRUIT_EXTRACT;SEASHELLS;5243;20
73700;;SUBMISSION;VEV_5200;SEASHELLS;96;15
73700;;SUBMISSION;VEV_5300;SEASHELLS;49;15
73700;;SUBMISSION;VEV_5400;SEASHELLS;21;15
73700;;SUBMISSION;VEV_5500;SEASHELLS;8;15
73800;;SUBMISSION;HYDROGEL_PACK;SEASHELLS;9985;10
73800;;SUBMISSION;VEV_5000;SEASHELLS;248;15
73900;;SUBMISSION;HYDROGEL_PACK;SEASHELLS;9988;10
73900;;SUBMISSION;VELVETFRUIT_EXTRACT;SEASHELLS;5242;20
73900;;SUBMISSION;VEV_5500;SEASHELLS;8;15
74000;;SUBMISSION;HYDROGEL_PACK;SEASHELLS;9990;10
74000;;SUBMISSION;VEV_5000;SEASHELLS;248;15
74100;;SUBMISSION;HYDROGEL_PACK;SEASHELLS;9991;10
74100;;SUBMISSION;VELVETFRUIT_EXTRACT;SEASHELLS;5242;20
74100;;SUBMISSION;VEV_5300;SEASHELLS;49;15
74100;;SUBMISSION;VEV_5500;SEASHELLS;8;15
74200;;SUBMISSION;HYDROGEL_PACK;SEASHELLS;9989;10
74200;;SUBMISSION;VELVETFRUIT_EXTRACT;SEASHELLS;5243;10
74200;;SUBMISSION;VEV_5100;SEASHELLS;165;15
74200;;SUBMISSION;VEV_5200;SEASHELLS;96;30
74200;;SUBMISSION;VEV_5300;SEASHELLS;49;15
74200;;SUBMISSION;VEV_5400;SEASHELLS;21;15
74200;;SUBMISSION;VEV_5500;SEASHELLS;8;15
74300;;SUBMISSION;HYDROGEL_PACK;SEASHELLS;9986;10
74300;;SUBMISSION;VELVETFRUIT_EXTRACT;SEASHELLS;5244;50
74300;;SUBMISSION;VEV_5100;SEASHELLS;166;30
74300;;SUBMISSION;VEV_5400;SEASHELLS;21;15
74300;;SUBMISSION;VEV_5500;SEASHELLS;8;15
74400;;SUBMISSION;HYDROGEL_PACK;SEASHELLS;9983;10
74400;;SUBMISSION;VELVETFRUIT_EXTRACT;SEASHELLS;5242;20
74400;;SUBMISSION;VEV_4000;SEASHELLS;1234;15
74400;;SUBMISSION;VEV_5300;SEASHELLS;49;15
74400;;SUBMISSION;VEV_5500;SEASHELLS;8;15
74500;;SUBMISSION;HYDROGEL_PACK;SEASHELLS;9981;10
74600;;SUBMISSION;HYDROGEL_PACK;SEASHELLS;9982;10
74600;SUBMISSION;;VELVETFRUIT_EXTRACT;SEASHELLS;5244;50
74600;SUBMISSION;;VEV_5200;SEASHELLS;96;15
74600;SUBMISSION;;VEV_5500;SEASHELLS;8;15
74700;;SUBMISSION;HYDROGEL_PACK;SEASHELLS;9984;10
74700;SUBMISSION;;VELVETFRUIT_EXTRACT;SEASHELLS;5243;10
74700;SUBMISSION;;VEV_5100;SEASHELLS;166;15
74700;SUBMISSION;;VEV_5200;SEASHELLS;96;15
74700;SUBMISSION;;VEV_5300;SEASHELLS;49;15
74700;SUBMISSION;;VEV_5500;SEASHELLS;8;15
74900;SUBMISSION;;VEV_5300;SEASHELLS;50;15
75100;SUBMISSION;;VEV_5100;SEASHELLS;167;15
75200;SUBMISSION;;VEV_5100;SEASHELLS;167;15
75200;SUBMISSION;;VEV_5300;SEASHELLS;50;15
75400;SUBMISSION;;VELVETFRUIT_EXTRACT;SEASHELLS;5244;40
75400;SUBMISSION;;VEV_5200;SEASHELLS;96;15
75400;SUBMISSION;;VEV_5500;SEASHELLS;8;15
75500;SUBMISSION;;VELVETFRUIT_EXTRACT;SEASHELLS;5243;10
75500;SUBMISSION;;VEV_5100;SEASHELLS;166;15
75500;SUBMISSION;;VEV_5200;SEASHELLS;96;15
75500;SUBMISSION;;VEV_5300;SEASHELLS;49;15
75500;SUBMISSION;;VEV_5500;SEASHELLS;8;15
75600;SUBMISSION;;VELVETFRUIT_EXTRACT;SEASHELLS;5244;60
75600;SUBMISSION;;VEV_5200;SEASHELLS;96;15
75600;SUBMISSION;;VEV_5500;SEASHELLS;8;15
75700;SUBMISSION;;VEV_5100;SEASHELLS;167;15
75800;;SUBMISSION;VEV_5000;SEASHELLS;247;30
75900;SUBMISSION;;VELVETFRUIT_EXTRACT;SEASHELLS;5244;10
75900;SUBMISSION;;VEV_5100;SEASHELLS;167;30
75900;SUBMISSION;;VEV_5300;SEASHELLS;50;15
76000;SUBMISSION;;VELVETFRUIT_EXTRACT;SEASHELLS;5243;40
76000;SUBMISSION;;VEV_5200;SEASHELLS;96;15
76000;SUBMISSION;;VEV_5300;SEASHELLS;49;15
76000;SUBMISSION;;VEV_5500;SEASHELLS;8;15
76100;SUBMISSION;;VELVETFRUIT_EXTRACT;SEASHELLS;5244;60
76100;SUBMISSION;;VEV_5200;SEASHELLS;96;15
76100;SUBMISSION;;VEV_5300;SEASHELLS;49;15
76100;SUBMISSION;;VEV_5500;SEASHELLS;8;15
76300;;SUBMISSION;VEV_5000;SEASHELLS;248;15
76300;;SUBMISSION;VEV_5500;SEASHELLS;8;15
76400;;SUBMISSION;VELVETFRUIT_EXTRACT;SEASHELLS;5243;20
76400;;SUBMISSION;VEV_5300;SEASHELLS;49;15
76400;;SUBMISSION;VEV_5500;SEASHELLS;8;15
76500;;SUBMISSION;VEV_5500;SEASHELLS;8;15
76600;;SUBMISSION;VEV_5500;SEASHELLS;8;15
76700;;SUBMISSION;VEV_5500;SEASHELLS;8;15
76800;SUBMISSION;;VELVETFRUIT_EXTRACT;SEASHELLS;5245;20
76900;SUBMISSION;;HYDROGEL_PACK;SEASHELLS;9984;10
77200;;SUBMISSION;VEV_5000;SEASHELLS;248;15
77300;;SUBMISSION;VEV_5500;SEASHELLS;8;15
77400;;SUBMISSION;VEV_5000;SEASHELLS;248;15
77500;;SUBMISSION;VEV_5500;SEASHELLS;8;15
77600;;SUBMISSION;VEV_5000;SEASHELLS;248;30
77700;;SUBMISSION;HYDROGEL_PACK;SEASHELLS;9977;10
77700;;SUBMISSION;VEV_5000;SEASHELLS;248;15
77800;;SUBMISSION;VEV_5500;SEASHELLS;8;15
77900;;SUBMISSION;VEV_5500;SEASHELLS;8;15
78000;;SUBMISSION;VEV_5000;SEASHELLS;249;30
78000;;SUBMISSION;VEV_5500;SEASHELLS;8;15
78100;;SUBMISSION;VELVETFRUIT_EXTRACT;SEASHELLS;5245;10
78100;;SUBMISSION;VEV_5500;SEASHELLS;8;15
78300;;SUBMISSION;VEV_5500;SEASHELLS;8;15
78400;SUBMISSION;;VELVETFRUIT_EXTRACT;SEASHELLS;5247;10
78400;;SUBMISSION;VEV_5000;SEASHELLS;248;30
78500;;SUBMISSION;VEV_5200;SEASHELLS;96;15
78500;;SUBMISSION;VEV_5300;SEASHELLS;49;15
78500;;SUBMISSION;VEV_5400;SEASHELLS;21;15
78500;;SUBMISSION;VEV_5500;SEASHELLS;8;15
78600;;SUBMISSION;VEV_5100;SEASHELLS;166;15
78600;;SUBMISSION;VEV_5200;SEASHELLS;96;15
78600;;SUBMISSION;VEV_5300;SEASHELLS;49;15
78600;;SUBMISSION;VEV_5400;SEASHELLS;21;15
78600;;SUBMISSION;VEV_5500;SEASHELLS;8;15
78700;;SUBMISSION;VEV_4000;SEASHELLS;1236;15
78700;;SUBMISSION;VEV_5200;SEASHELLS;96;15
78700;;SUBMISSION;VEV_5300;SEASHELLS;49;15
78700;;SUBMISSION;VEV_5400;SEASHELLS;21;15
78700;;SUBMISSION;VEV_5500;SEASHELLS;8;15
78800;;SUBMISSION;VEV_5100;SEASHELLS;166;15
78800;;SUBMISSION;VEV_5200;SEASHELLS;96;15
78800;;SUBMISSION;VEV_5500;SEASHELLS;8;15
78900;;SUBMISSION;VEV_5000;SEASHELLS;249;15
78900;;SUBMISSION;VEV_5500;SEASHELLS;8;15
79000;;SUBMISSION;VEV_5200;SEASHELLS;96;30
79000;;SUBMISSION;VEV_5500;SEASHELLS;8;15
79100;;SUBMISSION;VEV_5000;SEASHELLS;250;30
79100;;SUBMISSION;VEV_5500;SEASHELLS;8;15
79200;;SUBMISSION;VEV_5100;SEASHELLS;166;30
79200;;SUBMISSION;VEV_5500;SEASHELLS;8;15
79300;;SUBMISSION;VEV_5100;SEASHELLS;166;15
79300;;SUBMISSION;VEV_5300;SEASHELLS;49;15
79300;;SUBMISSION;VEV_5500;SEASHELLS;8;15
79400;;SUBMISSION;VEV_5100;SEASHELLS;167;15
79400;;SUBMISSION;VEV_5200;SEASHELLS;97;15
79400;;SUBMISSION;VEV_5300;SEASHELLS;50;15
79500;;SUBMISSION;VEV_5300;SEASHELLS;50;15
79500;;SUBMISSION;VEV_5400;SEASHELLS;22;15
79600;;SUBMISSION;VEV_5200;SEASHELLS;98;15
79600;;SUBMISSION;VEV_5300;SEASHELLS;50;15
79600;;SUBMISSION;VEV_5400;SEASHELLS;22;15
79700;;SUBMISSION;VELVETFRUIT_EXTRACT;SEASHELLS;5248;10
79700;;SUBMISSION;VEV_4000;SEASHELLS;1240;15
79700;;SUBMISSION;VEV_5100;SEASHELLS;169;30
79700;;SUBMISSION;VEV_5400;SEASHELLS;22;30
79800;;SUBMISSION;VEV_5100;SEASHELLS;168;30
79800;;SUBMISSION;VEV_5200;SEASHELLS;98;30
79800;;SUBMISSION;VEV_5300;SEASHELLS;50;15
79800;;SUBMISSION;VEV_5400;SEASHELLS;22;15
79900;;SUBMISSION;VELVETFRUIT_EXTRACT;SEASHELLS;5248;20
79900;;SUBMISSION;VEV_5100;SEASHELLS;169;15
79900;;SUBMISSION;VEV_5400;SEASHELLS;22;15
80000;;SUBMISSION;VEV_5000;SEASHELLS;253;15
80000;;SUBMISSION;VEV_5100;SEASHELLS;168;15
80000;;SUBMISSION;VEV_5200;SEASHELLS;98;15
80000;;SUBMISSION;VEV_5300;SEASHELLS;50;15
80000;;SUBMISSION;VEV_5400;SEASHELLS;22;15
80100;;SUBMISSION;VEV_5300;SEASHELLS;50;15
80100;;SUBMISSION;VEV_5400;SEASHELLS;22;15
80200;SUBMISSION;;VELVETFRUIT_EXTRACT;SEASHELLS;5249;20
80300;;SUBMISSION;VEV_5100;SEASHELLS;167;15
80300;;SUBMISSION;VEV_5200;SEASHELLS;97;15
80300;;SUBMISSION;VEV_5300;SEASHELLS;50;15
80400;SUBMISSION;;VELVETFRUIT_EXTRACT;SEASHELLS;5249;10
80400;;SUBMISSION;VEV_5100;SEASHELLS;168;15
80400;;SUBMISSION;VEV_5200;SEASHELLS;98;15
80400;;SUBMISSION;VEV_5300;SEASHELLS;50;15
80400;;SUBMISSION;VEV_5400;SEASHELLS;22;15
80500;;SUBMISSION;VEV_4000;SEASHELLS;1240;15
80500;;SUBMISSION;VEV_5100;SEASHELLS;169;15
80500;;SUBMISSION;VEV_5400;SEASHELLS;22;15
80600;;SUBMISSION;VEV_4000;SEASHELLS;1241;15
80600;;SUBMISSION;VEV_5200;SEASHELLS;99;30
80600;;SUBMISSION;VEV_5300;SEASHELLS;51;15
80600;;SUBMISSION;VEV_5400;SEASHELLS;22;15
80700;;SUBMISSION;VELVETFRUIT_EXTRACT;SEASHELLS;5250;10
80700;;SUBMISSION;VEV_4000;SEASHELLS;1242;15
80700;;SUBMISSION;VEV_5200;SEASHELLS;100;15
80700;;SUBMISSION;VEV_5300;SEASHELLS;51;15
80700;;SUBMISSION;VEV_5400;SEASHELLS;22;15
80700;;SUBMISSION;VEV_5500;SEASHELLS;8;15
80800;;SUBMISSION;VEV_5100;SEASHELLS;170;30
80800;;SUBMISSION;VEV_5300;SEASHELLS;51;15
80800;;SUBMISSION;VEV_5400;SEASHELLS;22;15
80800;;SUBMISSION;VEV_5500;SEASHELLS;8;15
80900;;SUBMISSION;VEV_5200;SEASHELLS;99;15
80900;;SUBMISSION;VEV_5300;SEASHELLS;51;15
80900;;SUBMISSION;VEV_5400;SEASHELLS;22;15
81000;;SUBMISSION;VEV_5100;SEASHELLS;170;15
81000;;SUBMISSION;VEV_5300;SEASHELLS;51;15
81000;;SUBMISSION;VEV_5400;SEASHELLS;22;15
81000;;SUBMISSION;VEV_5500;SEASHELLS;8;15
81100;;SUBMISSION;VELVETFRUIT_EXTRACT;SEASHELLS;5251;20
81100;;SUBMISSION;VEV_5100;SEASHELLS;171;15
81100;;SUBMISSION;VEV_5200;SEASHELLS;100;15
81100;;SUBMISSION;VEV_5300;SEASHELLS;52;15
81100;;SUBMISSION;VEV_5400;SEASHELLS;23;15
81100;;SUBMISSION;VEV_5500;SEASHELLS;8;15
81200;;SUBMISSION;VELVETFRUIT_EXTRACT;SEASHELLS;5250;60
81200;;SUBMISSION;VEV_5100;SEASHELLS;171;15
81200;;SUBMISSION;VEV_5200;SEASHELLS;100;15
81200;;SUBMISSION;VEV_5300;SEASHELLS;52;15
81200;;SUBMISSION;VEV_5400;SEASHELLS;23;15
81200;;SUBMISSION;VEV_5500;SEASHELLS;8;15
81300;;SUBMISSION;VELVETFRUIT_EXTRACT;SEASHELLS;5250;40
81300;;SUBMISSION;VEV_5000;SEASHELLS;256;15
81300;;SUBMISSION;VEV_5100;SEASHELLS;171;15
81300;;SUBMISSION;VEV_5200;SEASHELLS;100;15
81300;;SUBMISSION;VEV_5300;SEASHELLS;52;15
81300;;SUBMISSION;VEV_5500;SEASHELLS;8;15
81400;;SUBMISSION;VELVETFRUIT_EXTRACT;SEASHELLS;5251;20
81400;;SUBMISSION;VEV_5100;SEASHELLS;171;15
81400;;SUBMISSION;VEV_5200;SEASHELLS;100;15
81400;;SUBMISSION;VEV_5300;SEASHELLS;52;15
81400;;SUBMISSION;VEV_5400;SEASHELLS;23;15
81400;;SUBMISSION;VEV_5500;SEASHELLS;8;15
81500;;SUBMISSION;VELVETFRUIT_EXTRACT;SEASHELLS;5252;60
81500;;SUBMISSION;VEV_5400;SEASHELLS;23;15
81500;;SUBMISSION;VEV_5500;SEASHELLS;9;15
81600;;SUBMISSION;VELVETFRUIT_EXTRACT;SEASHELLS;5253;60
81600;;SUBMISSION;VEV_4000;SEASHELLS;1245;15
81600;;SUBMISSION;VEV_5100;SEASHELLS;173;30
81600;;SUBMISSION;VEV_5200;SEASHELLS;102;30
81600;;SUBMISSION;VEV_5300;SEASHELLS;53;15
81600;;SUBMISSION;VEV_5400;SEASHELLS;23;15
81600;;SUBMISSION;VEV_5500;SEASHELLS;9;15
81700;;SUBMISSION;VELVETFRUIT_EXTRACT;SEASHELLS;5251;70
81700;;SUBMISSION;VEV_5000;SEASHELLS;257;15
81700;;SUBMISSION;VEV_5100;SEASHELLS;172;15
81700;;SUBMISSION;VEV_5200;SEASHELLS;101;15
81700;;SUBMISSION;VEV_5300;SEASHELLS;52;15
81700;;SUBMISSION;VEV_5400;SEASHELLS;23;15
81800;;SUBMISSION;VELVETFRUIT_EXTRACT;SEASHELLS;5251;60
81800;;SUBMISSION;VEV_5100;SEASHELLS;172;30
81800;;SUBMISSION;VEV_5200;SEASHELLS;101;30
81800;;SUBMISSION;VEV_5300;SEASHELLS;52;15
81800;;SUBMISSION;VEV_5400;SEASHELLS;23;15
81800;;SUBMISSION;VEV_5500;SEASHELLS;9;15
81900;;SUBMISSION;VEV_5200;SEASHELLS;100;30
81900;;SUBMISSION;VEV_5400;SEASHELLS;22;30
81900;;SUBMISSION;VEV_5500;SEASHELLS;8;30
82000;;SUBMISSION;VEV_5200;SEASHELLS;100;15
82000;;SUBMISSION;VEV_5300;SEASHELLS;51;15
82000;;SUBMISSION;VEV_5400;SEASHELLS;22;15
82000;;SUBMISSION;VEV_5500;SEASHELLS;8;15
82100;;SUBMISSION;VEV_5100;SEASHELLS;170;30
82100;;SUBMISSION;VEV_5300;SEASHELLS;51;15
82100;;SUBMISSION;VEV_5400;SEASHELLS;22;15
82100;;SUBMISSION;VEV_5500;SEASHELLS;8;15
82200;;SUBMISSION;VEV_4000;SEASHELLS;1240;15
82200;;SUBMISSION;VEV_5200;SEASHELLS;99;15
82200;;SUBMISSION;VEV_5300;SEASHELLS;51;15
82200;;SUBMISSION;VEV_5400;SEASHELLS;22;15
82300;;SUBMISSION;VEV_5000;SEASHELLS;254;30
82300;;SUBMISSION;VEV_5100;SEASHELLS;169;30
82300;;SUBMISSION;VEV_5300;SEASHELLS;51;15
82300;;SUBMISSION;VEV_5400;SEASHELLS;22;15
82400;;SUBMISSION;VEV_5200;SEASHELLS;98;15
82400;;SUBMISSION;VEV_5300;SEASHELLS;50;15
82400;;SUBMISSION;VEV_5400;SEASHELLS;22;15
82500;;SUBMISSION;VEV_5100;SEASHELLS;167;15
82500;;SUBMISSION;VEV_5200;SEASHELLS;97;15
82600;SUBMISSION;;VELVETFRUIT_EXTRACT;SEASHELLS;5246;10
82800;;SUBMISSION;VEV_4000;SEASHELLS;1237;15
82800;;SUBMISSION;VEV_5100;SEASHELLS;167;15
82800;;SUBMISSION;VEV_5200;SEASHELLS;97;15
82900;;SUBMISSION;VELVETFRUIT_EXTRACT;SEASHELLS;5246;10
82900;;SUBMISSION;VEV_4000;SEASHELLS;1238;15
82900;;SUBMISSION;VEV_5000;SEASHELLS;252;15
82900;;SUBMISSION;VEV_5200;SEASHELLS;97;15
82900;;SUBMISSION;VEV_5300;SEASHELLS;50;15
83000;;SUBMISSION;VEV_5000;SEASHELLS;252;15
83000;;SUBMISSION;VEV_5100;SEASHELLS;167;15
83000;;SUBMISSION;VEV_5200;SEASHELLS;97;15
83000;;SUBMISSION;VEV_5300;SEASHELLS;50;15
83100;SUBMISSION;;HYDROGEL_PACK;SEASHELLS;9960;10
83100;;SUBMISSION;VEV_5000;SEASHELLS;252;15
83100;;SUBMISSION;VEV_5100;SEASHELLS;167;15
83100;;SUBMISSION;VEV_5200;SEASHELLS;97;15
83100;;SUBMISSION;VEV_5300;SEASHELLS;50;15
83200;;SUBMISSION;VEV_5000;SEASHELLS;252;15
83200;;SUBMISSION;VEV_5100;SEASHELLS;167;15
83200;;SUBMISSION;VEV_5200;SEASHELLS;97;15
83200;;SUBMISSION;VEV_5300;SEASHELLS;50;15
83300;;SUBMISSION;VEV_5100;SEASHELLS;167;30
83300;;SUBMISSION;VEV_5200;SEASHELLS;97;30
83300;;SUBMISSION;VEV_5300;SEASHELLS;50;15
83500;;SUBMISSION;VEV_5100;SEASHELLS;167;15
83500;;SUBMISSION;VEV_5200;SEASHELLS;97;15
83500;;SUBMISSION;VEV_5300;SEASHELLS;50;15
83600;;SUBMISSION;VEV_4000;SEASHELLS;1236;15
83700;;SUBMISSION;VEV_4000;SEASHELLS;1235;15
83700;;SUBMISSION;VEV_5000;SEASHELLS;250;15
83800;;SUBMISSION;VEV_5100;SEASHELLS;166;15
83800;;SUBMISSION;VEV_5300;SEASHELLS;49;15
83900;;SUBMISSION;VEV_5000;SEASHELLS;250;30
84000;SUBMISSION;;HYDROGEL_PACK;SEASHELLS;9960;10
84000;;SUBMISSION;VEV_5000;SEASHELLS;250;15
84100;SUBMISSION;;HYDROGEL_PACK;SEASHELLS;9958;10
84100;;SUBMISSION;VEV_5000;SEASHELLS;250;15
84200;SUBMISSION;;HYDROGEL_PACK;SEASHELLS;9958;10
84300;SUBMISSION;;HYDROGEL_PACK;SEASHELLS;9958;10
84300;;SUBMISSION;VEV_4000;SEASHELLS;1234;15
84400;SUBMISSION;;HYDROGEL_PACK;SEASHELLS;9960;10
84800;;SUBMISSION;VEV_4000;SEASHELLS;1233;15
84800;;SUBMISSION;VEV_5000;SEASHELLS;248;30
85100;;SUBMISSION;HYDROGEL_PACK;SEASHELLS;9953;10
85200;;SUBMISSION;HYDROGEL_PACK;SEASHELLS;9954;10
85300;;SUBMISSION;HYDROGEL_PACK;SEASHELLS;9957;10
85400;;SUBMISSION;HYDROGEL_PACK;SEASHELLS;9954;10
85500;;SUBMISSION;HYDROGEL_PACK;SEASHELLS;9954;10
85600;;SUBMISSION;HYDROGEL_PACK;SEASHELLS;9954;10
86100;SUBMISSION;;VEV_5200;SEASHELLS;95;30
86500;;SUBMISSION;VEV_5200;SEASHELLS;94;30
87900;SUBMISSION;;VELVETFRUIT_EXTRACT;SEASHELLS;5237;60
87900;SUBMISSION;;VEV_5100;SEASHELLS;161;15
87900;SUBMISSION;;VEV_5200;SEASHELLS;92;15
87900;SUBMISSION;;VEV_5400;SEASHELLS;20;15
88500;;SUBMISSION;VELVETFRUIT_EXTRACT;SEASHELLS;5235;20
88500;;SUBMISSION;VEV_5200;SEASHELLS;91;15
88700;;SUBMISSION;VELVETFRUIT_EXTRACT;SEASHELLS;5235;40
88700;;SUBMISSION;VEV_5100;SEASHELLS;159;15
88700;;SUBMISSION;VEV_5400;SEASHELLS;20;15
88800;SUBMISSION;;HYDROGEL_PACK;SEASHELLS;9945;10
89200;SUBMISSION;;HYDROGEL_PACK;SEASHELLS;9950;10
89300;SUBMISSION;;HYDROGEL_PACK;SEASHELLS;9947;10
89300;SUBMISSION;;VEV_5100;SEASHELLS;161;30
89400;SUBMISSION;;HYDROGEL_PACK;SEASHELLS;9947;10
89400;SUBMISSION;;VELVETFRUIT_EXTRACT;SEASHELLS;5236;10
89500;SUBMISSION;;HYDROGEL_PACK;SEASHELLS;9947;10
89500;SUBMISSION;;VELVETFRUIT_EXTRACT;SEASHELLS;5235;10
89500;SUBMISSION;;VEV_4000;SEASHELLS;1243;15
89500;SUBMISSION;;VEV_5200;SEASHELLS;91;30
89600;SUBMISSION;;HYDROGEL_PACK;SEASHELLS;9946;10
89600;SUBMISSION;;VELVETFRUIT_EXTRACT;SEASHELLS;5235;20
89600;SUBMISSION;;VEV_5200;SEASHELLS;91;15
89600;SUBMISSION;;VEV_5400;SEASHELLS;20;15
89700;SUBMISSION;;HYDROGEL_PACK;SEASHELLS;9946;10
89700;SUBMISSION;;VEV_5100;SEASHELLS;161;15
89800;SUBMISSION;;HYDROGEL_PACK;SEASHELLS;9949;10
89800;SUBMISSION;;VELVETFRUIT_EXTRACT;SEASHELLS;5235;20
89800;SUBMISSION;;VEV_5200;SEASHELLS;91;15
89800;SUBMISSION;;VEV_5300;SEASHELLS;46;15
89900;SUBMISSION;;HYDROGEL_PACK;SEASHELLS;9948;10
89900;SUBMISSION;;VEV_5000;SEASHELLS;246;30
89900;SUBMISSION;;VEV_5100;SEASHELLS;161;30
90000;SUBMISSION;;HYDROGEL_PACK;SEASHELLS;9950;10
90200;SUBMISSION;;VEV_5100;SEASHELLS;161;15
91000;;SUBMISSION;VELVETFRUIT_EXTRACT;SEASHELLS;5234;40
91200;SUBMISSION;;HYDROGEL_PACK;SEASHELLS;9944;10
91200;;SUBMISSION;VELVETFRUIT_EXTRACT;SEASHELLS;5235;20
91200;;SUBMISSION;VEV_5300;SEASHELLS;45;15
91300;SUBMISSION;;VEV_5100;SEASHELLS;161;15
91400;SUBMISSION;;VEV_5000;SEASHELLS;246;15
91400;SUBMISSION;;VEV_5100;SEASHELLS;161;15
91600;SUBMISSION;;VEV_5300;SEASHELLS;46;15
91700;SUBMISSION;;VEV_4000;SEASHELLS;1243;15
91700;SUBMISSION;;VEV_5200;SEASHELLS;91;15
91700;SUBMISSION;;VEV_5300;SEASHELLS;46;15
91700;SUBMISSION;;VEV_5400;SEASHELLS;20;15
91800;;SUBMISSION;HYDROGEL_PACK;SEASHELLS;9944;10
91800;SUBMISSION;;VEV_4000;SEASHELLS;1243;15
91800;SUBMISSION;;VEV_5200;SEASHELLS;91;15
91800;SUBMISSION;;VEV_5300;SEASHELLS;46;15
91800;SUBMISSION;;VEV_5400;SEASHELLS;20;15
91900;SUBMISSION;;VEV_4000;SEASHELLS;1242;15
91900;SUBMISSION;;VEV_5100;SEASHELLS;159;15
91900;SUBMISSION;;VEV_5200;SEASHELLS;91;15
91900;SUBMISSION;;VEV_5300;SEASHELLS;46;15
91900;SUBMISSION;;VEV_5400;SEASHELLS;20;15
92000;SUBMISSION;;VELVETFRUIT_EXTRACT;SEASHELLS;5234;20
92000;SUBMISSION;;VEV_5100;SEASHELLS;159;15
92000;SUBMISSION;;VEV_5200;SEASHELLS;91;15
92000;SUBMISSION;;VEV_5300;SEASHELLS;46;15
92000;SUBMISSION;;VEV_5400;SEASHELLS;20;15
92100;SUBMISSION;;VEV_5100;SEASHELLS;160;30
92100;SUBMISSION;;VEV_5200;SEASHELLS;91;30
92100;SUBMISSION;;VEV_5300;SEASHELLS;46;15
92100;SUBMISSION;;VEV_5400;SEASHELLS;20;15
92200;SUBMISSION;;VEV_5000;SEASHELLS;244;15
92200;SUBMISSION;;VEV_5200;SEASHELLS;91;15
92200;SUBMISSION;;VEV_5300;SEASHELLS;46;15
92200;SUBMISSION;;VEV_5400;SEASHELLS;20;15
92300;SUBMISSION;;VELVETFRUIT_EXTRACT;SEASHELLS;5233;10
92300;SUBMISSION;;VEV_5100;SEASHELLS;158;15
92300;SUBMISSION;;VEV_5200;SEASHELLS;90;15
92300;SUBMISSION;;VEV_5300;SEASHELLS;45;15
92300;SUBMISSION;;VEV_5500;SEASHELLS;8;15
92400;SUBMISSION;;HYDROGEL_PACK;SEASHELLS;9949;10
92400;SUBMISSION;;VELVETFRUIT_EXTRACT;SEASHELLS;5234;50
92400;SUBMISSION;;VEV_5100;SEASHELLS;158;30
