timestamp;buyer;seller;symbol;currency;price;quantity
5200;SUBMISSION;;VELVETFRUIT_EXTRACT;SEASHELLS;5252;9
6100;;SUBMISSION;VELVETFRUIT_EXTRACT;SEASHELLS;5254;3
6200;;SUBMISSION;HYDROGEL_PACK;SEASHELLS;9953;5
14300;;SUBMISSION;VELVETFRUIT_EXTRACT;SEASHELLS;5237;6
14800;SUBMISSION;;VELVETFRUIT_EXTRACT;SEASHELLS;5233;6
15000;;SUBMISSION;HYDROGEL_PACK;SEASHELLS;9964;4
20200;SUBMISSION;;VELVETFRUIT_EXTRACT;SEASHELLS;5225;5
22800;SUBMISSION;;HYDROGEL_PACK;SEASHELLS;9948;6
24100;SUBMISSION;;VELVETFRUIT_EXTRACT;SEASHELLS;5233;11
30800;SUBMISSION;;HYDROGEL_PACK;SEASHELLS;9942;2
31400;;SUBMISSION;HYDROGEL_PACK;SEASHELLS;9951;3
31700;;SUBMISSION;VELVETFRUIT_EXTRACT;SEASHELLS;5236;4
32000;SUBMISSION;;HYDROGEL_PACK;SEASHELLS;9940;5
32600;;SUBMISSION;VELVETFRUIT_EXTRACT;SEASHELLS;5239;5
33600;SUBMISSION;;HYDROGEL_PACK;SEASHELLS;9950;6
37400;SUBMISSION;;HYDROGEL_PACK;SEASHELLS;9938;4
38700;SUBMISSION;;VELVETFRUIT_EXTRACT;SEASHELLS;5229;8
39800;SUBMISSION;;VELVETFRUIT_EXTRACT;SEASHELLS;5233;4
40900;;SUBMISSION;HYDROGEL_PACK;SEASHELLS;9948;5
41300;;SUBMISSION;HYDROGEL_PACK;SEASHELLS;9950;5
43900;SUBMISSION;;HYDROGEL_PACK;SEASHELLS;9954;6
45200;SUBMISSION;;HYDROGEL_PACK;SEASHELLS;9962;2
48300;SUBMISSION;;HYDROGEL_PACK;SEASHELLS;9961;3
52400;SUBMISSION;;HYDROGEL_PACK;SEASHELLS;9962;5
53000;SUBMISSION;;HYDROGEL_PACK;SEASHELLS;9962;4
59300;SUBMISSION;;HYDROGEL_PACK;SEASHELLS;9950;4
61100;;SUBMISSION;HYDROGEL_PACK;SEASHELLS;9959;2
61400;;SUBMISSION;HYDROGEL_PACK;SEASHELLS;9960;2
63200;;SUBMISSION;HYDROGEL_PACK;SEASHELLS;9948;5
64200;;SUBMISSION;VELVETFRUIT_EXTRACT;SEASHELLS;5244;6
64300;SUBMISSION;;HYDROGEL_PACK;SEASHELLS;9935;4
65400;SUBMISSION;;HYDROGEL_PACK;SEASHELLS;9932;4
65900;SUBMISSION;;HYDROGEL_PACK;SEASHELLS;9936;2
67300;SUBMISSION;;VELVETFRUIT_EXTRACT;SEASHELLS;5245;8
67700;;SUBMISSION;VELVETFRUIT_EXTRACT;SEASHELLS;5249;4
69500;SUBMISSION;;HYDROGEL_PACK;SEASHELLS;9953;2
73400;;SUBMISSION;VELVETFRUIT_EXTRACT;SEASHELLS;5237;2
73500;SUBMISSION;;HYDROGEL_PACK;SEASHELLS;9967;3
74300;;SUBMISSION;VELVETFRUIT_EXTRACT;SEASHELLS;5237;6
76600;;SUBMISSION;HYDROGEL_PACK;SEASHELLS;9993;3
77300;;SUBMISSION;VELVETFRUIT_EXTRACT;SEASHELLS;5240;8
78500;;SUBMISSION;HYDROGEL_PACK;SEASHELLS;9998;4
79000;SUBMISSION;;HYDROGEL_PACK;SEASHELLS;9983;3
79800;;SUBMISSION;HYDROGEL_PACK;SEASHELLS;9992;6
81300;SUBMISSION;;HYDROGEL_PACK;SEASHELLS;9971;6
81700;;SUBMISSION;HYDROGEL_PACK;SEASHELLS;9978;3
81900;;SUBMISSION;HYDROGEL_PACK;SEASHELLS;9976;2
82300;;SUBMISSION;HYDROGEL_PACK;SEASHELLS;9975;3
82300;SUBMISSION;;VELVETFRUIT_EXTRACT;SEASHELLS;5236;3
83200;;SUBMISSION;VELVETFRUIT_EXTRACT;SEASHELLS;5236;7
87900;SUBMISSION;;VELVETFRUIT_EXTRACT;SEASHELLS;5240;3
91100;;SUBMISSION;VELVETFRUIT_EXTRACT;SEASHELLS;5243;6
92000;;SUBMISSION;VELVETFRUIT_EXTRACT;SEASHELLS;5242;8
92100;SUBMISSION;;HYDROGEL_PACK;SEASHELLS;9956;4
92500;SUBMISSION;;HYDROGEL_PACK;SEASHELLS;9957;2
93700;;SUBMISSION;VELVETFRUIT_EXTRACT;SEASHELLS;5245;6
93800;;SUBMISSION;VELVETFRUIT_EXTRACT;SEASHELLS;5245;7
94400;;SUBMISSION;HYDROGEL_PACK;SEASHELLS;9971;4
97100;SUBMISSION;;HYDROGEL_PACK;SEASHELLS;9952;2
98600;;SUBMISSION;HYDROGEL_PACK;SEASHELLS;9960;2
99000;;SUBMISSION;HYDROGEL_PACK;SEASHELLS;9959;3
101400;SUBMISSION;;HYDROGEL_PACK;SEASHELLS;9937;5
101500;SUBMISSION;;HYDROGEL_PACK;SEASHELLS;9936;6
103100;;SUBMISSION;HYDROGEL_PACK;SEASHELLS;9951;4
107900;;SUBMISSION;VELVETFRUIT_EXTRACT;SEASHELLS;5266;3
109000;SUBMISSION;;VELVETFRUIT_EXTRACT;SEASHELLS;5265;12
110100;SUBMISSION;;VELVETFRUIT_EXTRACT;SEASHELLS;5266;4
112000;SUBMISSION;;VELVETFRUIT_EXTRACT;SEASHELLS;5261;3
112700;SUBMISSION;;HYDROGEL_PACK;SEASHELLS;9949;2
113900;;SUBMISSION;HYDROGEL_PACK;SEASHELLS;9954;2
115500;SUBMISSION;;HYDROGEL_PACK;SEASHELLS;9938;3
118800;SUBMISSION;;VELVETFRUIT_EXTRACT;SEASHELLS;5258;3
119400;;SUBMISSION;HYDROGEL_PACK;SEASHELLS;9960;3
120700;;SUBMISSION;HYDROGEL_PACK;SEASHELLS;9956;2
123300;SUBMISSION;;VELVETFRUIT_EXTRACT;SEASHELLS;5263;7
125600;;SUBMISSION;VELVETFRUIT_EXTRACT;SEASHELLS;5264;3
126000;;SUBMISSION;HYDROGEL_PACK;SEASHELLS;9951;4
129500;;SUBMISSION;HYDROGEL_PACK;SEASHELLS;9965;6
129800;SUBMISSION;;HYDROGEL_PACK;SEASHELLS;9953;4
130800;SUBMISSION;;HYDROGEL_PACK;SEASHELLS;9948;5
131800;SUBMISSION;;VELVETFRUIT_EXTRACT;SEASHELLS;5262;5
133700;SUBMISSION;;HYDROGEL_PACK;SEASHELLS;9949;4
134500;SUBMISSION;;HYDROGEL_PACK;SEASHELLS;9945;6
135200;;SUBMISSION;VELVETFRUIT_EXTRACT;SEASHELLS;5263;8
135500;SUBMISSION;;VELVETFRUIT_EXTRACT;SEASHELLS;5258;7
137800;SUBMISSION;;HYDROGEL_PACK;SEASHELLS;9944;3
138000;SUBMISSION;;VELVETFRUIT_EXTRACT;SEASHELLS;5255;7
138100;;SUBMISSION;HYDROGEL_PACK;SEASHELLS;9956;2
140000;;SUBMISSION;VELVETFRUIT_EXTRACT;SEASHELLS;5260;5
140100;;SUBMISSION;VELVETFRUIT_EXTRACT;SEASHELLS;5259;4
141000;;SUBMISSION;VELVETFRUIT_EXTRACT;SEASHELLS;5259;4
142000;;SUBMISSION;VELVETFRUIT_EXTRACT;SEASHELLS;5261;6
144500;SUBMISSION;;VELVETFRUIT_EXTRACT;SEASHELLS;5259;5
145600;;SUBMISSION;HYDROGEL_PACK;SEASHELLS;9960;5
146500;;SUBMISSION;HYDROGEL_PACK;SEASHELLS;9961;6
146700;SUBMISSION;;VELVETFRUIT_EXTRACT;SEASHELLS;5261;7
148000;;SUBMISSION;HYDROGEL_PACK;SEASHELLS;9970;3
150700;;SUBMISSION;VELVETFRUIT_EXTRACT;SEASHELLS;5267;7
151100;SUBMISSION;;HYDROGEL_PACK;SEASHELLS;9946;4
151200;SUBMISSION;;HYDROGEL_PACK;SEASHELLS;9945;6
151400;SUBMISSION;;VELVETFRUIT_EXTRACT;SEASHELLS;5262;7
152700;SUBMISSION;;HYDROGEL_PACK;SEASHELLS;9945;5
155900;;SUBMISSION;HYDROGEL_PACK;SEASHELLS;9963;4
156400;SUBMISSION;;HYDROGEL_PACK;SEASHELLS;9951;6
159900;SUBMISSION;;HYDROGEL_PACK;SEASHELLS;9962;3
161200;SUBMISSION;;HYDROGEL_PACK;SEASHELLS;9957;6
164300;;SUBMISSION;HYDROGEL_PACK;SEASHELLS;9971;5
167300;SUBMISSION;;HYDROGEL_PACK;SEASHELLS;9958;3
167600;SUBMISSION;;VELVETFRUIT_EXTRACT;SEASHELLS;5250;6
171400;;SUBMISSION;HYDROGEL_PACK;SEASHELLS;9990;6
171700;SUBMISSION;;VELVETFRUIT_EXTRACT;SEASHELLS;5249;7
174200;;SUBMISSION;HYDROGEL_PACK;SEASHELLS;9985;5
174400;;SUBMISSION;HYDROGEL_PACK;SEASHELLS;9989;6
178000;SUBMISSION;;HYDROGEL_PACK;SEASHELLS;9989;3
179200;SUBMISSION;;VELVETFRUIT_EXTRACT;SEASHELLS;5244;4
180100;;SUBMISSION;VELVETFRUIT_EXTRACT;SEASHELLS;5247;3
182100;SUBMISSION;;HYDROGEL_PACK;SEASHELLS;10014;3
182800;SUBMISSION;;HYDROGEL_PACK;SEASHELLS;10012;5
185800;;SUBMISSION;HYDROGEL_PACK;SEASHELLS;10037;4
187400;;SUBMISSION;VELVETFRUIT_EXTRACT;SEASHELLS;5234;8
187600;;SUBMISSION;VELVETFRUIT_EXTRACT;SEASHELLS;5234;5
188400;SUBMISSION;;HYDROGEL_PACK;SEASHELLS;10022;4
190600;SUBMISSION;;VELVETFRUIT_EXTRACT;SEASHELLS;5235;6
190700;;SUBMISSION;VELVETFRUIT_EXTRACT;SEASHELLS;5238;3
191100;SUBMISSION;;VELVETFRUIT_EXTRACT;SEASHELLS;5238;8
192800;SUBMISSION;;HYDROGEL_PACK;SEASHELLS;10008;5
193400;;SUBMISSION;HYDROGEL_PACK;SEASHELLS;10023;4
195200;;SUBMISSION;VELVETFRUIT_EXTRACT;SEASHELLS;5235;3
196100;;SUBMISSION;VELVETFRUIT_EXTRACT;SEASHELLS;5235;5
197600;SUBMISSION;;VELVETFRUIT_EXTRACT;SEASHELLS;5237;9
198900;;SUBMISSION;VELVETFRUIT_EXTRACT;SEASHELLS;5242;5
199200;;SUBMISSION;VELVETFRUIT_EXTRACT;SEASHELLS;5242;5
199400;;SUBMISSION;HYDROGEL_PACK;SEASHELLS;10027;3
202700;;SUBMISSION;HYDROGEL_PACK;SEASHELLS;10031;5
203200;SUBMISSION;;HYDROGEL_PACK;SEASHELLS;10015;6
203700;;SUBMISSION;VELVETFRUIT_EXTRACT;SEASHELLS;5240;3
205400;SUBMISSION;;VELVETFRUIT_EXTRACT;SEASHELLS;5243;13
206800;SUBMISSION;;VELVETFRUIT_EXTRACT;SEASHELLS;5242;6
207600;;SUBMISSION;VELVETFRUIT_EXTRACT;SEASHELLS;5249;4
210600;SUBMISSION;;HYDROGEL_PACK;SEASHELLS;9991;5
211100;SUBMISSION;;HYDROGEL_PACK;SEASHELLS;9997;6
213700;;SUBMISSION;VELVETFRUIT_EXTRACT;SEASHELLS;5258;5
214400;SUBMISSION;;VELVETFRUIT_EXTRACT;SEASHELLS;5251;3
217100;;SUBMISSION;VELVETFRUIT_EXTRACT;SEASHELLS;5256;4
217500;;SUBMISSION;HYDROGEL_PACK;SEASHELLS;10008;4
218500;;SUBMISSION;HYDROGEL_PACK;SEASHELLS;10014;5
218900;;SUBMISSION;HYDROGEL_PACK;SEASHELLS;10011;3
221200;;SUBMISSION;HYDROGEL_PACK;SEASHELLS;10008;5
222900;SUBMISSION;;VEV_4000;SEASHELLS;1237;3
223300;;SUBMISSION;VEV_4000;SEASHELLS;1256;2
224100;;SUBMISSION;VEV_4000;SEASHELLS;1257;2
225100;;SUBMISSION;VELVETFRUIT_EXTRACT;SEASHELLS;5253;5
226100;SUBMISSION;;HYDROGEL_PACK;SEASHELLS;9975;5
230000;;SUBMISSION;HYDROGEL_PACK;SEASHELLS;9995;4
230800;;SUBMISSION;HYDROGEL_PACK;SEASHELLS;10004;3
235900;SUBMISSION;;HYDROGEL_PACK;SEASHELLS;9999;3
237900;;SUBMISSION;VELVETFRUIT_EXTRACT;SEASHELLS;5253;6
238200;;SUBMISSION;HYDROGEL_PACK;SEASHELLS;10023;2
239400;SUBMISSION;;VELVETFRUIT_EXTRACT;SEASHELLS;5252;6
239600;SUBMISSION;;HYDROGEL_PACK;SEASHELLS;10007;4
239700;;SUBMISSION;HYDROGEL_PACK;SEASHELLS;10019;6
240200;;SUBMISSION;VELVETFRUIT_EXTRACT;SEASHELLS;5257;3
240600;SUBMISSION;;HYDROGEL_PACK;SEASHELLS;10014;3
241900;SUBMISSION;;HYDROGEL_PACK;SEASHELLS;10006;2
245600;;SUBMISSION;VELVETFRUIT_EXTRACT;SEASHELLS;5255;6
248200;;SUBMISSION;HYDROGEL_PACK;SEASHELLS;10023;5
248300;SUBMISSION;;VELVETFRUIT_EXTRACT;SEASHELLS;5258;5
250500;SUBMISSION;;VELVETFRUIT_EXTRACT;SEASHELLS;5261;4
251200;SUBMISSION;;VELVETFRUIT_EXTRACT;SEASHELLS;5263;8
252400;;SUBMISSION;VELVETFRUIT_EXTRACT;SEASHELLS;5266;6
252500;SUBMISSION;;HYDROGEL_PACK;SEASHELLS;9990;3
253900;;SUBMISSION;VELVETFRUIT_EXTRACT;SEASHELLS;5265;3
254700;;SUBMISSION;HYDROGEL_PACK;SEASHELLS;9994;5
255000;SUBMISSION;;HYDROGEL_PACK;SEASHELLS;9982;4
255300;SUBMISSION;;HYDROGEL_PACK;SEASHELLS;9975;2
255400;SUBMISSION;;HYDROGEL_PACK;SEASHELLS;9975;3
262200;SUBMISSION;;VELVETFRUIT_EXTRACT;SEASHELLS;5251;4
262300;;SUBMISSION;HYDROGEL_PACK;SEASHELLS;10002;4
262800;;SUBMISSION;HYDROGEL_PACK;SEASHELLS;10005;2
263900;;SUBMISSION;VELVETFRUIT_EXTRACT;SEASHELLS;5256;7
265700;SUBMISSION;;VELVETFRUIT_EXTRACT;SEASHELLS;5247;14
265800;;SUBMISSION;VELVETFRUIT_EXTRACT;SEASHELLS;5251;7
266300;;SUBMISSION;HYDROGEL_PACK;SEASHELLS;9997;4
266500;;SUBMISSION;VELVETFRUIT_EXTRACT;SEASHELLS;5252;5
266600;;SUBMISSION;HYDROGEL_PACK;SEASHELLS;9995;4
267400;;SUBMISSION;VELVETFRUIT_EXTRACT;SEASHELLS;5252;3
268700;;SUBMISSION;VELVETFRUIT_EXTRACT;SEASHELLS;5250;5
269300;SUBMISSION;;HYDROGEL_PACK;SEASHELLS;9974;3
269300;SUBMISSION;;VELVETFRUIT_EXTRACT;SEASHELLS;5248;5
274600;;SUBMISSION;HYDROGEL_PACK;SEASHELLS;9986;2
274900;SUBMISSION;;VELVETFRUIT_EXTRACT;SEASHELLS;5256;13
275300;;SUBMISSION;VELVETFRUIT_EXTRACT;SEASHELLS;5258;8
275700;;SUBMISSION;HYDROGEL_PACK;SEASHELLS;9993;2
276500;;SUBMISSION;VELVETFRUIT_EXTRACT;SEASHELLS;5254;7
277400;;SUBMISSION;VELVETFRUIT_EXTRACT;SEASHELLS;5253;4
278300;;SUBMISSION;VELVETFRUIT_EXTRACT;SEASHELLS;5257;5
279600;;SUBMISSION;VELVETFRUIT_EXTRACT;SEASHELLS;5259;4
280500;;SUBMISSION;HYDROGEL_PACK;SEASHELLS;9971;2
281100;SUBMISSION;;HYDROGEL_PACK;SEASHELLS;9953;3
282000;SUBMISSION;;VELVETFRUIT_EXTRACT;SEASHELLS;5256;10
282200;;SUBMISSION;HYDROGEL_PACK;SEASHELLS;9977;2
282200;SUBMISSION;;VELVETFRUIT_EXTRACT;SEASHELLS;5261;7
283400;;SUBMISSION;VELVETFRUIT_EXTRACT;SEASHELLS;5258;7
285400;SUBMISSION;;HYDROGEL_PACK;SEASHELLS;9966;5
286300;;SUBMISSION;VELVETFRUIT_EXTRACT;SEASHELLS;5265;6
289100;;SUBMISSION;VELVETFRUIT_EXTRACT;SEASHELLS;5270;5
290900;;SUBMISSION;HYDROGEL_PACK;SEASHELLS;9963;3
292400;;SUBMISSION;VELVETFRUIT_EXTRACT;SEASHELLS;5274;8
292800;SUBMISSION;;HYDROGEL_PACK;SEASHELLS;9952;6
295000;;SUBMISSION;HYDROGEL_PACK;SEASHELLS;9957;5
296900;SUBMISSION;;VELVETFRUIT_EXTRACT;SEASHELLS;5271;5
297100;;SUBMISSION;HYDROGEL_PACK;SEASHELLS;9956;3
298100;SUBMISSION;;VELVETFRUIT_EXTRACT;SEASHELLS;5269;15
301100;;SUBMISSION;HYDROGEL_PACK;SEASHELLS;9964;3
301300;;SUBMISSION;HYDROGEL_PACK;SEASHELLS;9965;2
302400;SUBMISSION;;HYDROGEL_PACK;SEASHELLS;9937;6
304200;SUBMISSION;;HYDROGEL_PACK;SEASHELLS;9945;2
306500;;SUBMISSION;HYDROGEL_PACK;SEASHELLS;9964;5
307500;;SUBMISSION;VELVETFRUIT_EXTRACT;SEASHELLS;5274;8
308000;SUBMISSION;;HYDROGEL_PACK;SEASHELLS;9945;3
308100;SUBMISSION;;HYDROGEL_PACK;SEASHELLS;9947;4
309500;;SUBMISSION;VELVETFRUIT_EXTRACT;SEASHELLS;5267;4
310500;SUBMISSION;;VELVETFRUIT_EXTRACT;SEASHELLS;5266;11
310600;SUBMISSION;;VELVETFRUIT_EXTRACT;SEASHELLS;5265;3
313000;;SUBMISSION;VELVETFRUIT_EXTRACT;SEASHELLS;5266;5
314500;SUBMISSION;;VELVETFRUIT_EXTRACT;SEASHELLS;5252;4
316200;;SUBMISSION;HYDROGEL_PACK;SEASHELLS;9936;5
317100;SUBMISSION;;HYDROGEL_PACK;SEASHELLS;9931;4
318300;;SUBMISSION;HYDROGEL_PACK;SEASHELLS;9948;4
318900;;SUBMISSION;VELVETFRUIT_EXTRACT;SEASHELLS;5249;4
321900;;SUBMISSION;VELVETFRUIT_EXTRACT;SEASHELLS;5252;7
323300;;SUBMISSION;HYDROGEL_PACK;SEASHELLS;9954;5
324100;;SUBMISSION;VELVETFRUIT_EXTRACT;SEASHELLS;5253;7
324600;;SUBMISSION;HYDROGEL_PACK;SEASHELLS;9944;6
327600;SUBMISSION;;HYDROGEL_PACK;SEASHELLS;9930;5
327700;;SUBMISSION;HYDROGEL_PACK;SEASHELLS;9944;6
328500;SUBMISSION;;VELVETFRUIT_EXTRACT;SEASHELLS;5250;4
333100;SUBMISSION;;VELVETFRUIT_EXTRACT;SEASHELLS;5237;4
335300;SUBMISSION;;HYDROGEL_PACK;SEASHELLS;9945;5
335300;SUBMISSION;;VELVETFRUIT_EXTRACT;SEASHELLS;5246;3
335500;;SUBMISSION;HYDROGEL_PACK;SEASHELLS;9958;4
338100;SUBMISSION;;HYDROGEL_PACK;SEASHELLS;9933;3
339500;SUBMISSION;;HYDROGEL_PACK;SEASHELLS;9934;3
340500;SUBMISSION;;VELVETFRUIT_EXTRACT;SEASHELLS;5249;9
342000;SUBMISSION;;VELVETFRUIT_EXTRACT;SEASHELLS;5250;6
342400;SUBMISSION;;HYDROGEL_PACK;SEASHELLS;9945;5
343100;;SUBMISSION;HYDROGEL_PACK;SEASHELLS;9964;2
344000;SUBMISSION;;HYDROGEL_PACK;SEASHELLS;9954;5
344200;;SUBMISSION;VELVETFRUIT_EXTRACT;SEASHELLS;5252;4
345700;;SUBMISSION;HYDROGEL_PACK;SEASHELLS;9955;6
345900;;SUBMISSION;HYDROGEL_PACK;SEASHELLS;9956;3
348500;SUBMISSION;;HYDROGEL_PACK;SEASHELLS;9965;5
351000;;SUBMISSION;HYDROGEL_PACK;SEASHELLS;9971;3
357100;;SUBMISSION;HYDROGEL_PACK;SEASHELLS;9961;6
358500;;SUBMISSION;HYDROGEL_PACK;SEASHELLS;9958;6
360600;SUBMISSION;;HYDROGEL_PACK;SEASHELLS;9953;2
362700;SUBMISSION;;HYDROGEL_PACK;SEASHELLS;9964;3
363100;;SUBMISSION;HYDROGEL_PACK;SEASHELLS;9980;4
364800;;SUBMISSION;HYDROGEL_PACK;SEASHELLS;9976;5
368500;;SUBMISSION;HYDROGEL_PACK;SEASHELLS;9981;6
371400;SUBMISSION;;HYDROGEL_PACK;SEASHELLS;9955;2
373400;;SUBMISSION;HYDROGEL_PACK;SEASHELLS;9968;3
373700;SUBMISSION;;HYDROGEL_PACK;SEASHELLS;9956;5
374400;SUBMISSION;;VELVETFRUIT_EXTRACT;SEASHELLS;5254;4
375100;SUBMISSION;;HYDROGEL_PACK;SEASHELLS;9949;2
380100;;SUBMISSION;HYDROGEL_PACK;SEASHELLS;9956;6
380700;;SUBMISSION;HYDROGEL_PACK;SEASHELLS;9947;4
380900;SUBMISSION;;VELVETFRUIT_EXTRACT;SEASHELLS;5251;8
381700;;SUBMISSION;VELVETFRUIT_EXTRACT;SEASHELLS;5254;8
383300;;SUBMISSION;HYDROGEL_PACK;SEASHELLS;9944;5
383600;;SUBMISSION;HYDROGEL_PACK;SEASHELLS;9947;4
385800;;SUBMISSION;HYDROGEL_PACK;SEASHELLS;9942;6
393000;SUBMISSION;;VELVETFRUIT_EXTRACT;SEASHELLS;5243;4
393900;SUBMISSION;;VELVETFRUIT_EXTRACT;SEASHELLS;5242;6
394800;SUBMISSION;;HYDROGEL_PACK;SEASHELLS;9943;5
396000;;SUBMISSION;VELVETFRUIT_EXTRACT;SEASHELLS;5245;8
396200;SUBMISSION;;VELVETFRUIT_EXTRACT;SEASHELLS;5241;7
396300;;SUBMISSION;HYDROGEL_PACK;SEASHELLS;9954;4
397800;;SUBMISSION;HYDROGEL_PACK;SEASHELLS;9949;4
401900;SUBMISSION;;VELVETFRUIT_EXTRACT;SEASHELLS;5243;8
403600;SUBMISSION;;HYDROGEL_PACK;SEASHELLS;9925;6
404200;;SUBMISSION;VELVETFRUIT_EXTRACT;SEASHELLS;5246;4
406400;;SUBMISSION;VELVETFRUIT_EXTRACT;SEASHELLS;5245;5
407900;SUBMISSION;;VELVETFRUIT_EXTRACT;SEASHELLS;5239;12
409300;SUBMISSION;;HYDROGEL_PACK;SEASHELLS;9931;6
410600;;SUBMISSION;VELVETFRUIT_EXTRACT;SEASHELLS;5238;6
411000;;SUBMISSION;HYDROGEL_PACK;SEASHELLS;9950;4
411200;;SUBMISSION;VELVETFRUIT_EXTRACT;SEASHELLS;5235;7
411300;;SUBMISSION;VELVETFRUIT_EXTRACT;SEASHELLS;5235;7
411400;;SUBMISSION;HYDROGEL_PACK;SEASHELLS;9951;3
412300;;SUBMISSION;HYDROGEL_PACK;SEASHELLS;9952;2
414000;;SUBMISSION;HYDROGEL_PACK;SEASHELLS;9961;2
414400;SUBMISSION;;HYDROGEL_PACK;SEASHELLS;9947;3
414800;SUBMISSION;;HYDROGEL_PACK;SEASHELLS;9942;3
415700;;SUBMISSION;VELVETFRUIT_EXTRACT;SEASHELLS;5233;3
419900;;SUBMISSION;VELVETFRUIT_EXTRACT;SEASHELLS;5230;6
421500;SUBMISSION;;HYDROGEL_PACK;SEASHELLS;9949;3
424500;;SUBMISSION;VELVETFRUIT_EXTRACT;SEASHELLS;5234;7
426800;SUBMISSION;;VELVETFRUIT_EXTRACT;SEASHELLS;5233;8
427000;SUBMISSION;;HYDROGEL_PACK;SEASHELLS;9952;2
427600;;SUBMISSION;VELVETFRUIT_EXTRACT;SEASHELLS;5236;8
431000;;SUBMISSION;VELVETFRUIT_EXTRACT;SEASHELLS;5232;5
431700;;SUBMISSION;VELVETFRUIT_EXTRACT;SEASHELLS;5232;4
435300;SUBMISSION;;VELVETFRUIT_EXTRACT;SEASHELLS;5226;8
436200;;SUBMISSION;HYDROGEL_PACK;SEASHELLS;9934;5
438000;SUBMISSION;;VELVETFRUIT_EXTRACT;SEASHELLS;5231;7
440300;;SUBMISSION;HYDROGEL_PACK;SEASHELLS;9921;2
441300;SUBMISSION;;HYDROGEL_PACK;SEASHELLS;9904;2
443600;SUBMISSION;;HYDROGEL_PACK;SEASHELLS;9910;2
444300;SUBMISSION;;VELVETFRUIT_EXTRACT;SEASHELLS;5239;7
445900;;SUBMISSION;VELVETFRUIT_EXTRACT;SEASHELLS;5248;4
448100;;SUBMISSION;VELVETFRUIT_EXTRACT;SEASHELLS;5253;3
450000;SUBMISSION;;HYDROGEL_PACK;SEASHELLS;9934;5
453500;SUBMISSION;;VELVETFRUIT_EXTRACT;SEASHELLS;5246;8
453600;;SUBMISSION;VELVETFRUIT_EXTRACT;SEASHELLS;5251;4
454800;SUBMISSION;;VELVETFRUIT_EXTRACT;SEASHELLS;5246;3
455200;SUBMISSION;;VELVETFRUIT_EXTRACT;SEASHELLS;5245;6
457700;SUBMISSION;;HYDROGEL_PACK;SEASHELLS;9916;4
458400;;SUBMISSION;VELVETFRUIT_EXTRACT;SEASHELLS;5247;3
459900;;SUBMISSION;VELVETFRUIT_EXTRACT;SEASHELLS;5251;8
460400;SUBMISSION;;VEV_5400;SEASHELLS;16;1
460700;;SUBMISSION;VELVETFRUIT_EXTRACT;SEASHELLS;5253;6
462300;;SUBMISSION;VELVETFRUIT_EXTRACT;SEASHELLS;5258;8
462500;;SUBMISSION;HYDROGEL_PACK;SEASHELLS;9930;2
465300;;SUBMISSION;VELVETFRUIT_EXTRACT;SEASHELLS;5254;8
468000;SUBMISSION;;VELVETFRUIT_EXTRACT;SEASHELLS;5248;3
469300;SUBMISSION;;VELVETFRUIT_EXTRACT;SEASHELLS;5253;6
469600;SUBMISSION;;VELVETFRUIT_EXTRACT;SEASHELLS;5253;7
470400;;SUBMISSION;VELVETFRUIT_EXTRACT;SEASHELLS;5256;4
472600;SUBMISSION;;VELVETFRUIT_EXTRACT;SEASHELLS;5250;3
476200;;SUBMISSION;HYDROGEL_PACK;SEASHELLS;9958;3
477600;SUBMISSION;;HYDROGEL_PACK;SEASHELLS;9943;5
477900;;SUBMISSION;VELVETFRUIT_EXTRACT;SEASHELLS;5257;5
478900;SUBMISSION;;VELVETFRUIT_EXTRACT;SEASHELLS;5251;4
479100;;SUBMISSION;HYDROGEL_PACK;SEASHELLS;9972;5
483800;SUBMISSION;;VELVETFRUIT_EXTRACT;SEASHELLS;5239;7
485300;SUBMISSION;;HYDROGEL_PACK;SEASHELLS;9954;3
486400;SUBMISSION;;VELVETFRUIT_EXTRACT;SEASHELLS;5240;7
489600;SUBMISSION;;HYDROGEL_PACK;SEASHELLS;9951;4
489700;SUBMISSION;;VELVETFRUIT_EXTRACT;SEASHELLS;5238;6
490900;;SUBMISSION;VELVETFRUIT_EXTRACT;SEASHELLS;5245;5
493900;SUBMISSION;;VELVETFRUIT_EXTRACT;SEASHELLS;5238;3
494500;;SUBMISSION;HYDROGEL_PACK;SEASHELLS;9972;4
495300;SUBMISSION;;HYDROGEL_PACK;SEASHELLS;9967;5
496200;SUBMISSION;;VELVETFRUIT_EXTRACT;SEASHELLS;5240;5
498200;SUBMISSION;;VELVETFRUIT_EXTRACT;SEASHELLS;5240;6
498200;;SUBMISSION;VELVETFRUIT_EXTRACT;SEASHELLS;5241;5
499900;SUBMISSION;;HYDROGEL_PACK;SEASHELLS;9993;6
500800;SUBMISSION;;HYDROGEL_PACK;SEASHELLS;9989;4
501400;SUBMISSION;;HYDROGEL_PACK;SEASHELLS;9989;6
502000;SUBMISSION;;HYDROGEL_PACK;SEASHELLS;9987;3
503500;SUBMISSION;;HYDROGEL_PACK;SEASHELLS;9996;6
507200;;SUBMISSION;HYDROGEL_PACK;SEASHELLS;10010;4
507800;SUBMISSION;;HYDROGEL_PACK;SEASHELLS;9994;6
509900;SUBMISSION;;HYDROGEL_PACK;SEASHELLS;10006;5
510100;SUBMISSION;;HYDROGEL_PACK;SEASHELLS;10004;3
513200;;SUBMISSION;HYDROGEL_PACK;SEASHELLS;10008;5
515200;SUBMISSION;;HYDROGEL_PACK;SEASHELLS;10001;4
519000;SUBMISSION;;HYDROGEL_PACK;SEASHELLS;10003;5
519400;;SUBMISSION;HYDROGEL_PACK;SEASHELLS;10014;2
520400;;SUBMISSION;HYDROGEL_PACK;SEASHELLS;10016;2
520500;SUBMISSION;;VELVETFRUIT_EXTRACT;SEASHELLS;5257;4
521800;;SUBMISSION;VELVETFRUIT_EXTRACT;SEASHELLS;5264;3
523300;;SUBMISSION;VELVETFRUIT_EXTRACT;SEASHELLS;5261;3
526200;SUBMISSION;;VELVETFRUIT_EXTRACT;SEASHELLS;5251;8
526600;;SUBMISSION;HYDROGEL_PACK;SEASHELLS;10019;4
527700;;SUBMISSION;HYDROGEL_PACK;SEASHELLS;10019;6
527700;;SUBMISSION;VELVETFRUIT_EXTRACT;SEASHELLS;5254;6
528600;;SUBMISSION;VELVETFRUIT_EXTRACT;SEASHELLS;5253;4
529400;;SUBMISSION;VELVETFRUIT_EXTRACT;SEASHELLS;5255;4
530000;SUBMISSION;;VELVETFRUIT_EXTRACT;SEASHELLS;5250;6
530300;SUBMISSION;;HYDROGEL_PACK;SEASHELLS;10011;3
530600;SUBMISSION;;HYDROGEL_PACK;SEASHELLS;10011;5
533100;;SUBMISSION;HYDROGEL_PACK;SEASHELLS;10027;2
533400;;SUBMISSION;HYDROGEL_PACK;SEASHELLS;10028;5
534800;;SUBMISSION;HYDROGEL_PACK;SEASHELLS;10016;3
537500;SUBMISSION;;HYDROGEL_PACK;SEASHELLS;10015;2
537500;;SUBMISSION;VELVETFRUIT_EXTRACT;SEASHELLS;5240;4
538000;;SUBMISSION;HYDROGEL_PACK;SEASHELLS;10022;2
538900;;SUBMISSION;HYDROGEL_PACK;SEASHELLS;10020;6
540700;SUBMISSION;;VELVETFRUIT_EXTRACT;SEASHELLS;5239;7
542600;;SUBMISSION;HYDROGEL_PACK;SEASHELLS;10010;6
544400;;SUBMISSION;VELVETFRUIT_EXTRACT;SEASHELLS;5239;6
549800;;SUBMISSION;VELVETFRUIT_EXTRACT;SEASHELLS;5235;5
550400;SUBMISSION;;HYDROGEL_PACK;SEASHELLS;9999;2
553300;;SUBMISSION;HYDROGEL_PACK;SEASHELLS;10030;6
556400;;SUBMISSION;VELVETFRUIT_EXTRACT;SEASHELLS;5227;8
557200;SUBMISSION;;VELVETFRUIT_EXTRACT;SEASHELLS;5226;4
563500;SUBMISSION;;VELVETFRUIT_EXTRACT;SEASHELLS;5227;8
563600;SUBMISSION;;HYDROGEL_PACK;SEASHELLS;9992;2
564000;SUBMISSION;;VELVETFRUIT_EXTRACT;SEASHELLS;5231;12
564900;;SUBMISSION;VELVETFRUIT_EXTRACT;SEASHELLS;5234;6
565500;;SUBMISSION;VELVETFRUIT_EXTRACT;SEASHELLS;5238;7
568200;;SUBMISSION;VELVETFRUIT_EXTRACT;SEASHELLS;5236;7
568700;SUBMISSION;;HYDROGEL_PACK;SEASHELLS;10001;5
571600;SUBMISSION;;VELVETFRUIT_EXTRACT;SEASHELLS;5236;7
574000;;SUBMISSION;VELVETFRUIT_EXTRACT;SEASHELLS;5237;3
576400;SUBMISSION;;VELVETFRUIT_EXTRACT;SEASHELLS;5234;3
578600;;SUBMISSION;HYDROGEL_PACK;SEASHELLS;10011;3
578800;SUBMISSION;;HYDROGEL_PACK;SEASHELLS;10000;6
580600;SUBMISSION;;HYDROGEL_PACK;SEASHELLS;10002;4
581100;;SUBMISSION;VELVETFRUIT_EXTRACT;SEASHELLS;5239;7
581700;;SUBMISSION;VELVETFRUIT_EXTRACT;SEASHELLS;5236;3
584800;SUBMISSION;;VELVETFRUIT_EXTRACT;SEASHELLS;5235;7
584900;SUBMISSION;;VELVETFRUIT_EXTRACT;SEASHELLS;5235;7
587200;SUBMISSION;;VELVETFRUIT_EXTRACT;SEASHELLS;5243;3
590100;SUBMISSION;;HYDROGEL_PACK;SEASHELLS;9991;2
595300;SUBMISSION;;VELVETFRUIT_EXTRACT;SEASHELLS;5239;8
596300;;SUBMISSION;HYDROGEL_PACK;SEASHELLS;10024;2
600000;;SUBMISSION;VELVETFRUIT_EXTRACT;SEASHELLS;5236;7
600400;;SUBMISSION;HYDROGEL_PACK;SEASHELLS;10033;4
601700;SUBMISSION;;HYDROGEL_PACK;SEASHELLS;10016;2
603000;;SUBMISSION;VELVETFRUIT_EXTRACT;SEASHELLS;5233;6
604700;SUBMISSION;;HYDROGEL_PACK;SEASHELLS;10019;5
605700;SUBMISSION;;VELVETFRUIT_EXTRACT;SEASHELLS;5227;7
606400;SUBMISSION;;HYDROGEL_PACK;SEASHELLS;10022;5
612900;SUBMISSION;;VELVETFRUIT_EXTRACT;SEASHELLS;5224;8
614100;SUBMISSION;;HYDROGEL_PACK;SEASHELLS;10000;4
619800;;SUBMISSION;VELVETFRUIT_EXTRACT;SEASHELLS;5235;7
620500;;SUBMISSION;VELVETFRUIT_EXTRACT;SEASHELLS;5234;3
621800;SUBMISSION;;HYDROGEL_PACK;SEASHELLS;9994;2
621900;;SUBMISSION;VELVETFRUIT_EXTRACT;SEASHELLS;5235;6
624700;;SUBMISSION;VELVETFRUIT_EXTRACT;SEASHELLS;5241;5
625100;SUBMISSION;;HYDROGEL_PACK;SEASHELLS;10006;2
626000;SUBMISSION;;VELVETFRUIT_EXTRACT;SEASHELLS;5233;4
628100;;SUBMISSION;VELVETFRUIT_EXTRACT;SEASHELLS;5230;6
628300;SUBMISSION;;VELVETFRUIT_EXTRACT;SEASHELLS;5226;7
630400;;SUBMISSION;HYDROGEL_PACK;SEASHELLS;10017;5
634500;;SUBMISSION;VELVETFRUIT_EXTRACT;SEASHELLS;5217;5
634800;SUBMISSION;;VELVETFRUIT_EXTRACT;SEASHELLS;5215;6
634900;SUBMISSION;;HYDROGEL_PACK;SEASHELLS;10011;2
635700;;SUBMISSION;HYDROGEL_PACK;SEASHELLS;10032;3
637500;SUBMISSION;;HYDROGEL_PACK;SEASHELLS;10020;4
640500;SUBMISSION;;VELVETFRUIT_EXTRACT;SEASHELLS;5213;3
640700;;SUBMISSION;HYDROGEL_PACK;SEASHELLS;10039;4
642100;SUBMISSION;;VEV_5200;SEASHELLS;74;2
644900;;SUBMISSION;VELVETFRUIT_EXTRACT;SEASHELLS;5209;6
646100;;SUBMISSION;VELVETFRUIT_EXTRACT;SEASHELLS;5210;3
647000;;SUBMISSION;HYDROGEL_PACK;SEASHELLS;10000;3
647400;SUBMISSION;;HYDROGEL_PACK;SEASHELLS;9995;2
647600;SUBMISSION;;HYDROGEL_PACK;SEASHELLS;9993;4
647900;SUBMISSION;;HYDROGEL_PACK;SEASHELLS;9991;6
648200;;SUBMISSION;VELVETFRUIT_EXTRACT;SEASHELLS;5207;6
648400;;SUBMISSION;HYDROGEL_PACK;SEASHELLS;9998;2
650300;SUBMISSION;;VELVETFRUIT_EXTRACT;SEASHELLS;5199;6
652100;SUBMISSION;;VELVETFRUIT_EXTRACT;SEASHELLS;5199;6
652800;SUBMISSION;;HYDROGEL_PACK;SEASHELLS;9980;2
653200;SUBMISSION;;HYDROGEL_PACK;SEASHELLS;9976;6
653300;SUBMISSION;;HYDROGEL_PACK;SEASHELLS;9975;5
655100;;SUBMISSION;VELVETFRUIT_EXTRACT;SEASHELLS;5209;8
657800;;SUBMISSION;VELVETFRUIT_EXTRACT;SEASHELLS;5212;5
659200;;SUBMISSION;VELVETFRUIT_EXTRACT;SEASHELLS;5214;7
661300;;SUBMISSION;HYDROGEL_PACK;SEASHELLS;10009;6
666100;;SUBMISSION;HYDROGEL_PACK;SEASHELLS;10027;3
666500;SUBMISSION;;VELVETFRUIT_EXTRACT;SEASHELLS;5221;7
667400;;SUBMISSION;VELVETFRUIT_EXTRACT;SEASHELLS;5226;6
669200;;SUBMISSION;HYDROGEL_PACK;SEASHELLS;10025;4
669900;SUBMISSION;;VELVETFRUIT_EXTRACT;SEASHELLS;5217;7
673800;SUBMISSION;;HYDROGEL_PACK;SEASHELLS;10001;4
679600;;SUBMISSION;VELVETFRUIT_EXTRACT;SEASHELLS;5226;6
680800;SUBMISSION;;HYDROGEL_PACK;SEASHELLS;9995;2
681500;;SUBMISSION;HYDROGEL_PACK;SEASHELLS;10003;5
684500;SUBMISSION;;HYDROGEL_PACK;SEASHELLS;9990;2
685200;;SUBMISSION;VELVETFRUIT_EXTRACT;SEASHELLS;5230;6
688600;;SUBMISSION;VELVETFRUIT_EXTRACT;SEASHELLS;5236;5
690500;;SUBMISSION;HYDROGEL_PACK;SEASHELLS;10011;5
693000;SUBMISSION;;VELVETFRUIT_EXTRACT;SEASHELLS;5231;8
694600;SUBMISSION;;VELVETFRUIT_EXTRACT;SEASHELLS;5238;3
695200;SUBMISSION;;HYDROGEL_PACK;SEASHELLS;10011;6
695900;;SUBMISSION;HYDROGEL_PACK;SEASHELLS;10032;6
698300;;SUBMISSION;HYDROGEL_PACK;SEASHELLS;10046;5
699100;SUBMISSION;;HYDROGEL_PACK;SEASHELLS;10036;5
700400;;SUBMISSION;HYDROGEL_PACK;SEASHELLS;10050;5
701200;;SUBMISSION;HYDROGEL_PACK;SEASHELLS;10050;5
701500;;SUBMISSION;HYDROGEL_PACK;SEASHELLS;10052;3
702500;;SUBMISSION;VELVETFRUIT_EXTRACT;SEASHELLS;5247;4
703000;SUBMISSION;;HYDROGEL_PACK;SEASHELLS;10028;3
704700;;SUBMISSION;VELVETFRUIT_EXTRACT;SEASHELLS;5256;8
707100;;SUBMISSION;HYDROGEL_PACK;SEASHELLS;10055;3
710500;SUBMISSION;;VEV_5300;SEASHELLS;49;4
716000;SUBMISSION;;VELVETFRUIT_EXTRACT;SEASHELLS;5271;7
716700;;SUBMISSION;HYDROGEL_PACK;SEASHELLS;10056;3
720500;SUBMISSION;;VELVETFRUIT_EXTRACT;SEASHELLS;5265;6
721200;SUBMISSION;;VELVETFRUIT_EXTRACT;SEASHELLS;5264;4
722300;;SUBMISSION;VELVETFRUIT_EXTRACT;SEASHELLS;5264;6
724400;SUBMISSION;;HYDROGEL_PACK;SEASHELLS;10068;5
725400;;SUBMISSION;VELVETFRUIT_EXTRACT;SEASHELLS;5266;5
725800;SUBMISSION;;HYDROGEL_PACK;SEASHELLS;10071;6
725800;;SUBMISSION;VELVETFRUIT_EXTRACT;SEASHELLS;5264;8
726700;;SUBMISSION;HYDROGEL_PACK;SEASHELLS;10072;3
727900;;SUBMISSION;HYDROGEL_PACK;SEASHELLS;10072;4
729700;;SUBMISSION;HYDROGEL_PACK;SEASHELLS;10069;3
730800;SUBMISSION;;HYDROGEL_PACK;SEASHELLS;10060;6
731000;;SUBMISSION;HYDROGEL_PACK;SEASHELLS;10070;4
731200;;SUBMISSION;VELVETFRUIT_EXTRACT;SEASHELLS;5275;4
732700;SUBMISSION;;HYDROGEL_PACK;SEASHELLS;10037;2
741200;;SUBMISSION;HYDROGEL_PACK;SEASHELLS;10050;2
741600;SUBMISSION;;VELVETFRUIT_EXTRACT;SEASHELLS;5264;5
742700;;SUBMISSION;HYDROGEL_PACK;SEASHELLS;10050;2
745000;SUBMISSION;;HYDROGEL_PACK;SEASHELLS;10037;6
746300;SUBMISSION;;VEV_5400;SEASHELLS;20;1
749700;;SUBMISSION;VELVETFRUIT_EXTRACT;SEASHELLS;5276;5
749800;SUBMISSION;;HYDROGEL_PACK;SEASHELLS;10046;2
755800;SUBMISSION;;VELVETFRUIT_EXTRACT;SEASHELLS;5261;4
756600;SUBMISSION;;HYDROGEL_PACK;SEASHELLS;10063;6
759100;;SUBMISSION;HYDROGEL_PACK;SEASHELLS;10070;5
760200;;SUBMISSION;VELVETFRUIT_EXTRACT;SEASHELLS;5276;5
760900;;SUBMISSION;HYDROGEL_PACK;SEASHELLS;10052;2
762400;SUBMISSION;;VELVETFRUIT_EXTRACT;SEASHELLS;5269;3
765100;SUBMISSION;;VELVETFRUIT_EXTRACT;SEASHELLS;5266;4
765800;SUBMISSION;;HYDROGEL_PACK;SEASHELLS;10049;3
767100;;SUBMISSION;HYDROGEL_PACK;SEASHELLS;10060;4
768100;SUBMISSION;;HYDROGEL_PACK;SEASHELLS;10057;4
768200;SUBMISSION;;HYDROGEL_PACK;SEASHELLS;10057;3
768700;SUBMISSION;;VELVETFRUIT_EXTRACT;SEASHELLS;5271;5
768800;;SUBMISSION;HYDROGEL_PACK;SEASHELLS;10069;5
771700;;SUBMISSION;VELVETFRUIT_EXTRACT;SEASHELLS;5263;7
772000;;SUBMISSION;HYDROGEL_PACK;SEASHELLS;10080;6
772500;SUBMISSION;;VELVETFRUIT_EXTRACT;SEASHELLS;5261;7
772600;;SUBMISSION;VELVETFRUIT_EXTRACT;SEASHELLS;5264;8
775000;;SUBMISSION;VELVETFRUIT_EXTRACT;SEASHELLS;5265;4
775100;SUBMISSION;;HYDROGEL_PACK;SEASHELLS;10058;5
777000;;SUBMISSION;VELVETFRUIT_EXTRACT;SEASHELLS;5269;6
782100;;SUBMISSION;HYDROGEL_PACK;SEASHELLS;10076;6
782500;;SUBMISSION;HYDROGEL_PACK;SEASHELLS;10070;6
782700;;SUBMISSION;HYDROGEL_PACK;SEASHELLS;10073;6
784400;;SUBMISSION;HYDROGEL_PACK;SEASHELLS;10071;6
785200;SUBMISSION;;HYDROGEL_PACK;SEASHELLS;10057;3
785800;SUBMISSION;;HYDROGEL_PACK;SEASHELLS;10057;3
786700;SUBMISSION;;HYDROGEL_PACK;SEASHELLS;10055;4
790700;;SUBMISSION;HYDROGEL_PACK;SEASHELLS;10061;2
792200;;SUBMISSION;HYDROGEL_PACK;SEASHELLS;10050;4
792200;SUBMISSION;;VELVETFRUIT_EXTRACT;SEASHELLS;5260;6
794900;SUBMISSION;;VELVETFRUIT_EXTRACT;SEASHELLS;5252;6
796600;SUBMISSION;;VELVETFRUIT_EXTRACT;SEASHELLS;5252;8
797600;SUBMISSION;;HYDROGEL_PACK;SEASHELLS;10027;4
799500;;SUBMISSION;HYDROGEL_PACK;SEASHELLS;10027;3
799900;SUBMISSION;;VELVETFRUIT_EXTRACT;SEASHELLS;5250;8
800100;SUBMISSION;;HYDROGEL_PACK;SEASHELLS;10014;5
800600;;SUBMISSION;HYDROGEL_PACK;SEASHELLS;10022;5
802800;;SUBMISSION;VELVETFRUIT_EXTRACT;SEASHELLS;5242;3
803000;;SUBMISSION;HYDROGEL_PACK;SEASHELLS;10017;2
805300;SUBMISSION;;HYDROGEL_PACK;SEASHELLS;10000;4
807400;;SUBMISSION;VELVETFRUIT_EXTRACT;SEASHELLS;5252;4
809700;;SUBMISSION;HYDROGEL_PACK;SEASHELLS;10016;2
810600;;SUBMISSION;HYDROGEL_PACK;SEASHELLS;10013;2
812400;SUBMISSION;;VELVETFRUIT_EXTRACT;SEASHELLS;5234;8
812500;SUBMISSION;;VELVETFRUIT_EXTRACT;SEASHELLS;5234;15
814500;SUBMISSION;;HYDROGEL_PACK;SEASHELLS;9991;3
815000;;SUBMISSION;HYDROGEL_PACK;SEASHELLS;10003;3
815000;;SUBMISSION;VELVETFRUIT_EXTRACT;SEASHELLS;5229;5
816800;SUBMISSION;;HYDROGEL_PACK;SEASHELLS;10001;4
817900;SUBMISSION;;VELVETFRUIT_EXTRACT;SEASHELLS;5229;5
818100;;SUBMISSION;VELVETFRUIT_EXTRACT;SEASHELLS;5233;7
818500;SUBMISSION;;VELVETFRUIT_EXTRACT;SEASHELLS;5232;7
820600;;SUBMISSION;HYDROGEL_PACK;SEASHELLS;10009;2
821100;SUBMISSION;;HYDROGEL_PACK;SEASHELLS;9995;4
822000;;SUBMISSION;VELVETFRUIT_EXTRACT;SEASHELLS;5244;8
824200;;SUBMISSION;VELVETFRUIT_EXTRACT;SEASHELLS;5250;4
827000;;SUBMISSION;VELVETFRUIT_EXTRACT;SEASHELLS;5246;7
827500;;SUBMISSION;VELVETFRUIT_EXTRACT;SEASHELLS;5246;8
832100;SUBMISSION;;VELVETFRUIT_EXTRACT;SEASHELLS;5240;8
833600;SUBMISSION;;HYDROGEL_PACK;SEASHELLS;10028;2
834900;SUBMISSION;;VELVETFRUIT_EXTRACT;SEASHELLS;5244;7
836000;SUBMISSION;;VELVETFRUIT_EXTRACT;SEASHELLS;5245;6
837000;;SUBMISSION;HYDROGEL_PACK;SEASHELLS;10045;6
844200;;SUBMISSION;HYDROGEL_PACK;SEASHELLS;10032;6
844800;;SUBMISSION;HYDROGEL_PACK;SEASHELLS;10033;3
845500;SUBMISSION;;HYDROGEL_PACK;SEASHELLS;10014;6
847200;SUBMISSION;;HYDROGEL_PACK;SEASHELLS;10024;5
848400;;SUBMISSION;HYDROGEL_PACK;SEASHELLS;10038;3
848900;SUBMISSION;;VEV_5300;SEASHELLS;51;3
848900;SUBMISSION;;VEV_5500;SEASHELLS;7;3
849300;;SUBMISSION;VELVETFRUIT_EXTRACT;SEASHELLS;5269;8
850300;SUBMISSION;;VELVETFRUIT_EXTRACT;SEASHELLS;5261;7
852200;;SUBMISSION;VELVETFRUIT_EXTRACT;SEASHELLS;5269;4
852900;SUBMISSION;;VELVETFRUIT_EXTRACT;SEASHELLS;5266;7
853500;SUBMISSION;;HYDROGEL_PACK;SEASHELLS;10033;4
853900;;SUBMISSION;HYDROGEL_PACK;SEASHELLS;10045;6
854900;;SUBMISSION;HYDROGEL_PACK;SEASHELLS;10051;2
860100;;SUBMISSION;HYDROGEL_PACK;SEASHELLS;10084;2
862900;SUBMISSION;;HYDROGEL_PACK;SEASHELLS;10039;6
863300;SUBMISSION;;VELVETFRUIT_EXTRACT;SEASHELLS;5254;12
866300;;SUBMISSION;HYDROGEL_PACK;SEASHELLS;10058;6
867100;SUBMISSION;;HYDROGEL_PACK;SEASHELLS;10041;5
870000;;SUBMISSION;HYDROGEL_PACK;SEASHELLS;10056;3
871700;SUBMISSION;;HYDROGEL_PACK;SEASHELLS;10029;5
874400;;SUBMISSION;VELVETFRUIT_EXTRACT;SEASHELLS;5245;3
876000;;SUBMISSION;HYDROGEL_PACK;SEASHELLS;10023;4
876400;;SUBMISSION;HYDROGEL_PACK;SEASHELLS;10018;3
876500;;SUBMISSION;VELVETFRUIT_EXTRACT;SEASHELLS;5241;6
876800;;SUBMISSION;VELVETFRUIT_EXTRACT;SEASHELLS;5239;8
877600;;SUBMISSION;VELVETFRUIT_EXTRACT;SEASHELLS;5238;5
878500;;SUBMISSION;VELVETFRUIT_EXTRACT;SEASHELLS;5238;4
879700;SUBMISSION;;VELVETFRUIT_EXTRACT;SEASHELLS;5238;11
884600;SUBMISSION;;VELVETFRUIT_EXTRACT;SEASHELLS;5255;7
886600;;SUBMISSION;VELVETFRUIT_EXTRACT;SEASHELLS;5258;5
887200;;SUBMISSION;HYDROGEL_PACK;SEASHELLS;10006;2
887800;SUBMISSION;;VELVETFRUIT_EXTRACT;SEASHELLS;5252;3
890200;SUBMISSION;;VELVETFRUIT_EXTRACT;SEASHELLS;5241;4
892000;;SUBMISSION;HYDROGEL_PACK;SEASHELLS;9998;6
894300;SUBMISSION;;HYDROGEL_PACK;SEASHELLS;9984;6
894300;SUBMISSION;;VELVETFRUIT_EXTRACT;SEASHELLS;5253;10
896900;SUBMISSION;;VELVETFRUIT_EXTRACT;SEASHELLS;5247;11
899200;;SUBMISSION;HYDROGEL_PACK;SEASHELLS;10001;4
901000;;SUBMISSION;VELVETFRUIT_EXTRACT;SEASHELLS;5253;7
901400;SUBMISSION;;HYDROGEL_PACK;SEASHELLS;9991;4
901800;;SUBMISSION;HYDROGEL_PACK;SEASHELLS;10009;2
904000;;SUBMISSION;VELVETFRUIT_EXTRACT;SEASHELLS;5260;6
907000;;SUBMISSION;VELVETFRUIT_EXTRACT;SEASHELLS;5254;4
908700;;SUBMISSION;HYDROGEL_PACK;SEASHELLS;10020;4
909300;;SUBMISSION;HYDROGEL_PACK;SEASHELLS;10022;5
911600;;SUBMISSION;VELVETFRUIT_EXTRACT;SEASHELLS;5263;5
912000;SUBMISSION;;HYDROGEL_PACK;SEASHELLS;10032;6
912600;SUBMISSION;;HYDROGEL_PACK;SEASHELLS;10029;2
914400;;SUBMISSION;HYDROGEL_PACK;SEASHELLS;10037;4
914800;;SUBMISSION;HYDROGEL_PACK;SEASHELLS;10037;4
915200;SUBMISSION;;VEV_4000;SEASHELLS;1254;2
917300;;SUBMISSION;VELVETFRUIT_EXTRACT;SEASHELLS;5265;6
917900;;SUBMISSION;HYDROGEL_PACK;SEASHELLS;10032;3
918500;SUBMISSION;;HYDROGEL_PACK;SEASHELLS;10012;6
923000;SUBMISSION;;VELVETFRUIT_EXTRACT;SEASHELLS;5271;6
924500;SUBMISSION;;HYDROGEL_PACK;SEASHELLS;10007;5
925900;;SUBMISSION;HYDROGEL_PACK;SEASHELLS;10012;6
928000;SUBMISSION;;HYDROGEL_PACK;SEASHELLS;9994;2
928500;;SUBMISSION;HYDROGEL_PACK;SEASHELLS;10004;6
929300;;SUBMISSION;HYDROGEL_PACK;SEASHELLS;10003;3
929500;;SUBMISSION;HYDROGEL_PACK;SEASHELLS;10005;6
929800;SUBMISSION;;HYDROGEL_PACK;SEASHELLS;9995;3
930800;;SUBMISSION;HYDROGEL_PACK;SEASHELLS;10015;6
931200;SUBMISSION;;VELVETFRUIT_EXTRACT;SEASHELLS;5272;6
932100;SUBMISSION;;HYDROGEL_PACK;SEASHELLS;9993;3
934300;SUBMISSION;;HYDROGEL_PACK;SEASHELLS;9998;3
936500;SUBMISSION;;HYDROGEL_PACK;SEASHELLS;9999;6
936700;SUBMISSION;;HYDROGEL_PACK;SEASHELLS;9999;3
937800;SUBMISSION;;VELVETFRUIT_EXTRACT;SEASHELLS;5260;6
938200;;SUBMISSION;VELVETFRUIT_EXTRACT;SEASHELLS;5265;3
938900;;SUBMISSION;HYDROGEL_PACK;SEASHELLS;10005;6
944800;;SUBMISSION;VELVETFRUIT_EXTRACT;SEASHELLS;5244;8
946800;;SUBMISSION;VELVETFRUIT_EXTRACT;SEASHELLS;5247;8
950300;SUBMISSION;;HYDROGEL_PACK;SEASHELLS;10022;5
951500;;SUBMISSION;VELVETFRUIT_EXTRACT;SEASHELLS;5261;6
953700;;SUBMISSION;HYDROGEL_PACK;SEASHELLS;10034;5
953800;;SUBMISSION;HYDROGEL_PACK;SEASHELLS;10032;6
957800;SUBMISSION;;HYDROGEL_PACK;SEASHELLS;10000;6
960700;;SUBMISSION;VELVETFRUIT_EXTRACT;SEASHELLS;5262;4
960800;;SUBMISSION;HYDROGEL_PACK;SEASHELLS;10039;2
963300;SUBMISSION;;VELVETFRUIT_EXTRACT;SEASHELLS;5268;5
963500;SUBMISSION;;VELVETFRUIT_EXTRACT;SEASHELLS;5268;5
963900;;SUBMISSION;HYDROGEL_PACK;SEASHELLS;10039;6
964000;SUBMISSION;;HYDROGEL_PACK;SEASHELLS;10023;3
964700;SUBMISSION;;HYDROGEL_PACK;SEASHELLS;10010;4
965000;SUBMISSION;;VELVETFRUIT_EXTRACT;SEASHELLS;5273;4
966200;SUBMISSION;;VELVETFRUIT_EXTRACT;SEASHELLS;5269;7
966900;;SUBMISSION;HYDROGEL_PACK;SEASHELLS;10018;2
970500;SUBMISSION;;HYDROGEL_PACK;SEASHELLS;9983;3
971900;;SUBMISSION;HYDROGEL_PACK;SEASHELLS;9997;3
972800;SUBMISSION;;VELVETFRUIT_EXTRACT;SEASHELLS;5257;3
973300;;SUBMISSION;VELVETFRUIT_EXTRACT;SEASHELLS;5260;8
975400;SUBMISSION;;VELVETFRUIT_EXTRACT;SEASHELLS;5256;3
977600;SUBMISSION;;HYDROGEL_PACK;SEASHELLS;9989;2
979200;SUBMISSION;;HYDROGEL_PACK;SEASHELLS;10001;2
982000;;SUBMISSION;VELVETFRUIT_EXTRACT;SEASHELLS;5256;3
982900;SUBMISSION;;HYDROGEL_PACK;SEASHELLS;10000;6
984900;;SUBMISSION;VELVETFRUIT_EXTRACT;SEASHELLS;5253;6
985400;;SUBMISSION;HYDROGEL_PACK;SEASHELLS;10023;4
985600;SUBMISSION;;VELVETFRUIT_EXTRACT;SEASHELLS;5252;14
985800;;SUBMISSION;HYDROGEL_PACK;SEASHELLS;10028;4
988000;SUBMISSION;;HYDROGEL_PACK;SEASHELLS;10018;4
988000;;SUBMISSION;VELVETFRUIT_EXTRACT;SEASHELLS;5255;4
988100;SUBMISSION;;VEV_5200;SEASHELLS;94;2
988400;SUBMISSION;;HYDROGEL_PACK;SEASHELLS;10019;6
989000;SUBMISSION;;HYDROGEL_PACK;SEASHELLS;10020;4
