timestamp;buyer;seller;symbol;currency;price;quantity
0;SUBMISSION;;ASH_COATED_OSMIUM;SEASHELLS;9983;6
100;SUBMISSION;;INTARIAN_PEPPER_ROOT;SEASHELLS;11006;8
200;SUBMISSION;;INTARIAN_PEPPER_ROOT;SEASHELLS;11006;9
400;SUBMISSION;;INTARIAN_PEPPER_ROOT;SEASHELLS;11006;10
800;SUBMISSION;;INTARIAN_PEPPER_ROOT;SEASHELLS;11007;8
900;SUBMISSION;;INTARIAN_PEPPER_ROOT;SEASHELLS;11007;8
1000;SUBMISSION;;INTARIAN_PEPPER_ROOT;SEASHELLS;11007;10
1100;SUBMISSION;;INTARIAN_PEPPER_ROOT;SEASHELLS;11007;11
1300;SUBMISSION;;INTARIAN_PEPPER_ROOT;SEASHELLS;11007;12
1400;SUBMISSION;;INTARIAN_PEPPER_ROOT;SEASHELLS;11007;4
1500;SUBMISSION;;ASH_COATED_OSMIUM;SEASHELLS;9991;4
1800;SUBMISSION;;ASH_COATED_OSMIUM;SEASHELLS;9995;4
3600;;SUBMISSION;ASH_COATED_OSMIUM;SEASHELLS;10000;3
4200;;SUBMISSION;ASH_COATED_OSMIUM;SEASHELLS;10001;2
7600;SUBMISSION;;ASH_COATED_OSMIUM;SEASHELLS;9993;5
8900;SUBMISSION;;ASH_COATED_OSMIUM;SEASHELLS;9997;5
9400;SUBMISSION;;ASH_COATED_OSMIUM;SEASHELLS;9994;10
9600;SUBMISSION;;ASH_COATED_OSMIUM;SEASHELLS;9990;6
10000;SUBMISSION;;ASH_COATED_OSMIUM;SEASHELLS;9989;8
10700;;SUBMISSION;ASH_COATED_OSMIUM;SEASHELLS;9998;5
12100;SUBMISSION;;ASH_COATED_OSMIUM;SEASHELLS;9990;5
15100;;SUBMISSION;ASH_COATED_OSMIUM;SEASHELLS;10010;2
15100;;SUBMISSION;ASH_COATED_OSMIUM;SEASHELLS;10010;8
15500;;SUBMISSION;ASH_COATED_OSMIUM;SEASHELLS;10002;10
18500;;SUBMISSION;ASH_COATED_OSMIUM;SEASHELLS;10009;6
19800;SUBMISSION;;ASH_COATED_OSMIUM;SEASHELLS;9998;4
22300;SUBMISSION;;ASH_COATED_OSMIUM;SEASHELLS;9997;4
23200;SUBMISSION;;ASH_COATED_OSMIUM;SEASHELLS;9997;7
23900;SUBMISSION;;ASH_COATED_OSMIUM;SEASHELLS;9992;4
24300;SUBMISSION;;ASH_COATED_OSMIUM;SEASHELLS;9993;4
24400;SUBMISSION;;ASH_COATED_OSMIUM;SEASHELLS;9997;9
24600;SUBMISSION;;ASH_COATED_OSMIUM;SEASHELLS;9992;3
25100;;SUBMISSION;ASH_COATED_OSMIUM;SEASHELLS;10002;8
30400;;SUBMISSION;ASH_COATED_OSMIUM;SEASHELLS;10009;2
32800;SUBMISSION;;ASH_COATED_OSMIUM;SEASHELLS;9994;4
34000;;SUBMISSION;ASH_COATED_OSMIUM;SEASHELLS;10009;7
34500;SUBMISSION;;ASH_COATED_OSMIUM;SEASHELLS;9995;8
37800;;SUBMISSION;ASH_COATED_OSMIUM;SEASHELLS;10005;8
37900;SUBMISSION;;ASH_COATED_OSMIUM;SEASHELLS;9997;4
38400;;SUBMISSION;ASH_COATED_OSMIUM;SEASHELLS;10011;3
39100;;SUBMISSION;ASH_COATED_OSMIUM;SEASHELLS;10010;6
39900;;SUBMISSION;ASH_COATED_OSMIUM;SEASHELLS;10012;7
41500;;SUBMISSION;ASH_COATED_OSMIUM;SEASHELLS;10008;5
44200;SUBMISSION;;ASH_COATED_OSMIUM;SEASHELLS;9996;8
44800;SUBMISSION;;ASH_COATED_OSMIUM;SEASHELLS;9997;8
45200;SUBMISSION;;ASH_COATED_OSMIUM;SEASHELLS;9997;6
46500;;SUBMISSION;ASH_COATED_OSMIUM;SEASHELLS;10001;9
49400;;SUBMISSION;ASH_COATED_OSMIUM;SEASHELLS;10003;9
50900;SUBMISSION;;ASH_COATED_OSMIUM;SEASHELLS;9991;5
53800;SUBMISSION;;ASH_COATED_OSMIUM;SEASHELLS;9995;8
54600;SUBMISSION;;ASH_COATED_OSMIUM;SEASHELLS;9987;6
58100;SUBMISSION;;ASH_COATED_OSMIUM;SEASHELLS;9996;9
58400;SUBMISSION;;ASH_COATED_OSMIUM;SEASHELLS;9991;3
59500;;SUBMISSION;ASH_COATED_OSMIUM;SEASHELLS;10006;2
61600;SUBMISSION;;ASH_COATED_OSMIUM;SEASHELLS;9996;4
62000;;SUBMISSION;ASH_COATED_OSMIUM;SEASHELLS;10007;6
63700;SUBMISSION;;ASH_COATED_OSMIUM;SEASHELLS;9991;2
64900;;SUBMISSION;ASH_COATED_OSMIUM;SEASHELLS;10004;4
65300;SUBMISSION;;ASH_COATED_OSMIUM;SEASHELLS;9990;2
65500;SUBMISSION;;ASH_COATED_OSMIUM;SEASHELLS;9994;8
76300;SUBMISSION;;ASH_COATED_OSMIUM;SEASHELLS;9995;6
76500;;SUBMISSION;ASH_COATED_OSMIUM;SEASHELLS;10012;8
80300;;SUBMISSION;ASH_COATED_OSMIUM;SEASHELLS;10003;4
83700;;SUBMISSION;ASH_COATED_OSMIUM;SEASHELLS;10008;2
85500;SUBMISSION;;ASH_COATED_OSMIUM;SEASHELLS;9996;7
85700;;SUBMISSION;ASH_COATED_OSMIUM;SEASHELLS;10010;3
85900;SUBMISSION;;ASH_COATED_OSMIUM;SEASHELLS;9996;5
87600;;SUBMISSION;ASH_COATED_OSMIUM;SEASHELLS;10001;5
87800;;SUBMISSION;ASH_COATED_OSMIUM;SEASHELLS;10005;5
87900;SUBMISSION;;ASH_COATED_OSMIUM;SEASHELLS;9994;5
88300;;SUBMISSION;ASH_COATED_OSMIUM;SEASHELLS;10010;2
90200;;SUBMISSION;ASH_COATED_OSMIUM;SEASHELLS;10010;10
90700;;SUBMISSION;ASH_COATED_OSMIUM;SEASHELLS;10014;2
90800;SUBMISSION;;ASH_COATED_OSMIUM;SEASHELLS;9995;6
91100;;SUBMISSION;ASH_COATED_OSMIUM;SEASHELLS;10002;3
93000;;SUBMISSION;ASH_COATED_OSMIUM;SEASHELLS;10005;8
95900;;SUBMISSION;ASH_COATED_OSMIUM;SEASHELLS;10006;3
96900;;SUBMISSION;ASH_COATED_OSMIUM;SEASHELLS;10006;6
96900;;SUBMISSION;ASH_COATED_OSMIUM;SEASHELLS;10006;8
98700;SUBMISSION;;ASH_COATED_OSMIUM;SEASHELLS;9997;4
105900;;SUBMISSION;ASH_COATED_OSMIUM;SEASHELLS;10010;5
107200;SUBMISSION;;ASH_COATED_OSMIUM;SEASHELLS;9992;3
111600;SUBMISSION;;ASH_COATED_OSMIUM;SEASHELLS;9993;5
114700;SUBMISSION;;ASH_COATED_OSMIUM;SEASHELLS;9992;3
116100;SUBMISSION;;ASH_COATED_OSMIUM;SEASHELLS;9990;8
119100;;SUBMISSION;ASH_COATED_OSMIUM;SEASHELLS;10001;10
121500;;SUBMISSION;ASH_COATED_OSMIUM;SEASHELLS;10000;5
122000;;SUBMISSION;ASH_COATED_OSMIUM;SEASHELLS;10006;10
122300;;SUBMISSION;ASH_COATED_OSMIUM;SEASHELLS;10006;5
122600;SUBMISSION;;ASH_COATED_OSMIUM;SEASHELLS;9996;9
124400;SUBMISSION;;ASH_COATED_OSMIUM;SEASHELLS;9998;3
124500;SUBMISSION;;ASH_COATED_OSMIUM;SEASHELLS;9990;2
126400;SUBMISSION;;ASH_COATED_OSMIUM;SEASHELLS;9989;6
126500;SUBMISSION;;ASH_COATED_OSMIUM;SEASHELLS;9989;6
126800;SUBMISSION;;ASH_COATED_OSMIUM;SEASHELLS;9993;5
127500;SUBMISSION;;ASH_COATED_OSMIUM;SEASHELLS;9993;10
127800;;SUBMISSION;ASH_COATED_OSMIUM;SEASHELLS;10002;2
129900;;SUBMISSION;ASH_COATED_OSMIUM;SEASHELLS;9996;9
130300;;SUBMISSION;ASH_COATED_OSMIUM;SEASHELLS;10002;2
131400;;SUBMISSION;ASH_COATED_OSMIUM;SEASHELLS;10002;2
132400;SUBMISSION;;ASH_COATED_OSMIUM;SEASHELLS;9994;5
133900;SUBMISSION;;ASH_COATED_OSMIUM;SEASHELLS;9997;3
137700;;SUBMISSION;ASH_COATED_OSMIUM;SEASHELLS;10006;3
139400;SUBMISSION;;ASH_COATED_OSMIUM;SEASHELLS;9990;6
139400;SUBMISSION;;ASH_COATED_OSMIUM;SEASHELLS;9990;5
142000;SUBMISSION;;ASH_COATED_OSMIUM;SEASHELLS;9993;2
142200;SUBMISSION;;ASH_COATED_OSMIUM;SEASHELLS;9993;6
146700;;SUBMISSION;ASH_COATED_OSMIUM;SEASHELLS;10008;6
149500;;SUBMISSION;ASH_COATED_OSMIUM;SEASHELLS;10008;9
153200;SUBMISSION;;ASH_COATED_OSMIUM;SEASHELLS;9995;5
154600;SUBMISSION;;ASH_COATED_OSMIUM;SEASHELLS;9993;2
155300;;SUBMISSION;ASH_COATED_OSMIUM;SEASHELLS;10008;10
155500;;SUBMISSION;ASH_COATED_OSMIUM;SEASHELLS;10012;6
155700;;SUBMISSION;ASH_COATED_OSMIUM;SEASHELLS;10009;7
155800;SUBMISSION;;ASH_COATED_OSMIUM;SEASHELLS;9996;5
158200;SUBMISSION;;ASH_COATED_OSMIUM;SEASHELLS;9995;5
165300;SUBMISSION;;ASH_COATED_OSMIUM;SEASHELLS;9989;5
165500;;SUBMISSION;ASH_COATED_OSMIUM;SEASHELLS;10000;4
169400;;SUBMISSION;ASH_COATED_OSMIUM;SEASHELLS;9999;8
172700;;SUBMISSION;ASH_COATED_OSMIUM;SEASHELLS;10007;4
173100;;SUBMISSION;ASH_COATED_OSMIUM;SEASHELLS;10001;2
177700;SUBMISSION;;ASH_COATED_OSMIUM;SEASHELLS;9990;10
181600;SUBMISSION;;ASH_COATED_OSMIUM;SEASHELLS;9995;2
182700;SUBMISSION;;ASH_COATED_OSMIUM;SEASHELLS;9994;5
184100;;SUBMISSION;ASH_COATED_OSMIUM;SEASHELLS;10002;4
184700;;SUBMISSION;ASH_COATED_OSMIUM;SEASHELLS;10005;9
184800;SUBMISSION;;ASH_COATED_OSMIUM;SEASHELLS;9996;4
185900;SUBMISSION;;ASH_COATED_OSMIUM;SEASHELLS;9997;10
186800;SUBMISSION;;ASH_COATED_OSMIUM;SEASHELLS;9996;4
187200;;SUBMISSION;ASH_COATED_OSMIUM;SEASHELLS;10001;3
190400;;SUBMISSION;ASH_COATED_OSMIUM;SEASHELLS;10010;3
192600;SUBMISSION;;ASH_COATED_OSMIUM;SEASHELLS;9998;8
193300;;SUBMISSION;ASH_COATED_OSMIUM;SEASHELLS;10006;5
193300;;SUBMISSION;ASH_COATED_OSMIUM;SEASHELLS;10002;2
196800;;SUBMISSION;ASH_COATED_OSMIUM;SEASHELLS;10001;2
197300;SUBMISSION;;ASH_COATED_OSMIUM;SEASHELLS;9997;9
200100;SUBMISSION;;ASH_COATED_OSMIUM;SEASHELLS;9995;6
200300;SUBMISSION;;ASH_COATED_OSMIUM;SEASHELLS;9993;10
200400;;SUBMISSION;ASH_COATED_OSMIUM;SEASHELLS;10010;2
200600;;SUBMISSION;ASH_COATED_OSMIUM;SEASHELLS;10009;2
200700;;SUBMISSION;ASH_COATED_OSMIUM;SEASHELLS;10009;8
201700;SUBMISSION;;ASH_COATED_OSMIUM;SEASHELLS;9994;4
205600;SUBMISSION;;ASH_COATED_OSMIUM;SEASHELLS;9993;2
206600;SUBMISSION;;ASH_COATED_OSMIUM;SEASHELLS;9994;7
206700;;SUBMISSION;ASH_COATED_OSMIUM;SEASHELLS;10003;5
208900;SUBMISSION;;ASH_COATED_OSMIUM;SEASHELLS;9995;10
210000;SUBMISSION;;ASH_COATED_OSMIUM;SEASHELLS;9992;4
210900;;SUBMISSION;ASH_COATED_OSMIUM;SEASHELLS;10001;5
212700;SUBMISSION;;ASH_COATED_OSMIUM;SEASHELLS;9995;5
216900;;SUBMISSION;ASH_COATED_OSMIUM;SEASHELLS;10002;7
221700;;SUBMISSION;ASH_COATED_OSMIUM;SEASHELLS;10001;4
223100;;SUBMISSION;ASH_COATED_OSMIUM;SEASHELLS;10001;3
223900;;SUBMISSION;ASH_COATED_OSMIUM;SEASHELLS;10006;5
224800;;SUBMISSION;ASH_COATED_OSMIUM;SEASHELLS;10011;5
226000;;SUBMISSION;ASH_COATED_OSMIUM;SEASHELLS;10002;5
226200;SUBMISSION;;ASH_COATED_OSMIUM;SEASHELLS;9998;6
227600;SUBMISSION;;ASH_COATED_OSMIUM;SEASHELLS;9997;5
228000;SUBMISSION;;ASH_COATED_OSMIUM;SEASHELLS;9996;5
228300;;SUBMISSION;ASH_COATED_OSMIUM;SEASHELLS;10004;7
229200;;SUBMISSION;ASH_COATED_OSMIUM;SEASHELLS;10003;2
229600;;SUBMISSION;ASH_COATED_OSMIUM;SEASHELLS;10010;5
233700;;SUBMISSION;ASH_COATED_OSMIUM;SEASHELLS;10003;6
235600;SUBMISSION;;ASH_COATED_OSMIUM;SEASHELLS;9994;8
236100;SUBMISSION;;ASH_COATED_OSMIUM;SEASHELLS;9993;4
236500;SUBMISSION;;ASH_COATED_OSMIUM;SEASHELLS;9995;2
236600;SUBMISSION;;ASH_COATED_OSMIUM;SEASHELLS;9994;4
237000;;SUBMISSION;ASH_COATED_OSMIUM;SEASHELLS;10001;2
237100;SUBMISSION;;ASH_COATED_OSMIUM;SEASHELLS;9997;3
239200;;SUBMISSION;ASH_COATED_OSMIUM;SEASHELLS;10001;3
241700;SUBMISSION;;ASH_COATED_OSMIUM;SEASHELLS;9995;7
242800;;SUBMISSION;ASH_COATED_OSMIUM;SEASHELLS;10008;5
243200;;SUBMISSION;ASH_COATED_OSMIUM;SEASHELLS;10009;6
243700;;SUBMISSION;ASH_COATED_OSMIUM;SEASHELLS;10009;6
244600;;SUBMISSION;ASH_COATED_OSMIUM;SEASHELLS;10004;7
246200;SUBMISSION;;ASH_COATED_OSMIUM;SEASHELLS;9995;9
247600;SUBMISSION;;ASH_COATED_OSMIUM;SEASHELLS;9996;6
251700;SUBMISSION;;ASH_COATED_OSMIUM;SEASHELLS;9993;4
252300;;SUBMISSION;ASH_COATED_OSMIUM;SEASHELLS;10007;5
252400;;SUBMISSION;ASH_COATED_OSMIUM;SEASHELLS;10010;7
254700;;SUBMISSION;ASH_COATED_OSMIUM;SEASHELLS;10002;10
255600;;SUBMISSION;ASH_COATED_OSMIUM;SEASHELLS;10003;9
258300;;SUBMISSION;ASH_COATED_OSMIUM;SEASHELLS;10012;9
258400;;SUBMISSION;ASH_COATED_OSMIUM;SEASHELLS;10011;4
259400;SUBMISSION;;ASH_COATED_OSMIUM;SEASHELLS;9999;8
260500;;SUBMISSION;ASH_COATED_OSMIUM;SEASHELLS;10011;7
260600;;SUBMISSION;ASH_COATED_OSMIUM;SEASHELLS;10011;2
261300;SUBMISSION;;ASH_COATED_OSMIUM;SEASHELLS;9997;2
262000;;SUBMISSION;ASH_COATED_OSMIUM;SEASHELLS;10003;8
265000;SUBMISSION;;ASH_COATED_OSMIUM;SEASHELLS;9993;8
267000;SUBMISSION;;ASH_COATED_OSMIUM;SEASHELLS;9992;9
267900;SUBMISSION;;ASH_COATED_OSMIUM;SEASHELLS;9996;10
268800;;SUBMISSION;ASH_COATED_OSMIUM;SEASHELLS;10005;6
269300;;SUBMISSION;ASH_COATED_OSMIUM;SEASHELLS;10000;4
269400;SUBMISSION;;ASH_COATED_OSMIUM;SEASHELLS;9992;4
270400;;SUBMISSION;ASH_COATED_OSMIUM;SEASHELLS;10007;2
271800;;SUBMISSION;ASH_COATED_OSMIUM;SEASHELLS;10006;5
272800;;SUBMISSION;ASH_COATED_OSMIUM;SEASHELLS;10004;6
273100;SUBMISSION;;ASH_COATED_OSMIUM;SEASHELLS;9998;3
276400;SUBMISSION;;ASH_COATED_OSMIUM;SEASHELLS;9994;9
280900;SUBMISSION;;ASH_COATED_OSMIUM;SEASHELLS;9988;2
281900;SUBMISSION;;ASH_COATED_OSMIUM;SEASHELLS;9993;8
282500;SUBMISSION;;ASH_COATED_OSMIUM;SEASHELLS;9989;4
282700;;SUBMISSION;ASH_COATED_OSMIUM;SEASHELLS;10003;6
289400;SUBMISSION;;ASH_COATED_OSMIUM;SEASHELLS;9995;6
291400;SUBMISSION;;ASH_COATED_OSMIUM;SEASHELLS;9990;3
297000;;SUBMISSION;ASH_COATED_OSMIUM;SEASHELLS;10004;9
297100;;SUBMISSION;ASH_COATED_OSMIUM;SEASHELLS;9999;6
297300;;SUBMISSION;ASH_COATED_OSMIUM;SEASHELLS;10004;3
299500;SUBMISSION;;ASH_COATED_OSMIUM;SEASHELLS;9991;2
301600;SUBMISSION;;ASH_COATED_OSMIUM;SEASHELLS;9993;9
302800;;SUBMISSION;ASH_COATED_OSMIUM;SEASHELLS;10002;7
306200;SUBMISSION;;ASH_COATED_OSMIUM;SEASHELLS;9993;6
306500;;SUBMISSION;ASH_COATED_OSMIUM;SEASHELLS;10008;5
307600;SUBMISSION;;ASH_COATED_OSMIUM;SEASHELLS;9996;5
309800;;SUBMISSION;ASH_COATED_OSMIUM;SEASHELLS;10001;4
310000;;SUBMISSION;ASH_COATED_OSMIUM;SEASHELLS;10010;9
310300;;SUBMISSION;ASH_COATED_OSMIUM;SEASHELLS;10006;6
310900;;SUBMISSION;ASH_COATED_OSMIUM;SEASHELLS;10011;6
312000;;SUBMISSION;ASH_COATED_OSMIUM;SEASHELLS;10005;5
313100;SUBMISSION;;ASH_COATED_OSMIUM;SEASHELLS;9997;2
320900;;SUBMISSION;ASH_COATED_OSMIUM;SEASHELLS;10013;6
321700;;SUBMISSION;ASH_COATED_OSMIUM;SEASHELLS;10004;3
323500;SUBMISSION;;ASH_COATED_OSMIUM;SEASHELLS;9999;6
324600;SUBMISSION;;ASH_COATED_OSMIUM;SEASHELLS;9998;2
325000;;SUBMISSION;ASH_COATED_OSMIUM;SEASHELLS;10014;5
327200;;SUBMISSION;ASH_COATED_OSMIUM;SEASHELLS;10003;3
329000;SUBMISSION;;ASH_COATED_OSMIUM;SEASHELLS;10001;9
329800;;SUBMISSION;ASH_COATED_OSMIUM;SEASHELLS;10015;4
330300;;SUBMISSION;ASH_COATED_OSMIUM;SEASHELLS;10010;4
331800;;SUBMISSION;ASH_COATED_OSMIUM;SEASHELLS;10016;8
332800;;SUBMISSION;ASH_COATED_OSMIUM;SEASHELLS;10015;5
333200;;SUBMISSION;ASH_COATED_OSMIUM;SEASHELLS;10010;6
335800;SUBMISSION;;ASH_COATED_OSMIUM;SEASHELLS;10001;6
336000;SUBMISSION;;ASH_COATED_OSMIUM;SEASHELLS;9998;6
336100;;SUBMISSION;ASH_COATED_OSMIUM;SEASHELLS;10009;4
336400;;SUBMISSION;ASH_COATED_OSMIUM;SEASHELLS;10014;9
336800;SUBMISSION;;ASH_COATED_OSMIUM;SEASHELLS;10000;4
337000;;SUBMISSION;ASH_COATED_OSMIUM;SEASHELLS;10006;5
337200;SUBMISSION;;ASH_COATED_OSMIUM;SEASHELLS;10001;6
337300;SUBMISSION;;ASH_COATED_OSMIUM;SEASHELLS;10000;7
340700;;SUBMISSION;ASH_COATED_OSMIUM;SEASHELLS;10014;2
341200;SUBMISSION;;ASH_COATED_OSMIUM;SEASHELLS;9999;2
342400;SUBMISSION;;ASH_COATED_OSMIUM;SEASHELLS;9997;5
343100;;SUBMISSION;ASH_COATED_OSMIUM;SEASHELLS;10004;3
344200;SUBMISSION;;ASH_COATED_OSMIUM;SEASHELLS;10002;4
345800;SUBMISSION;;ASH_COATED_OSMIUM;SEASHELLS;10000;3
346200;SUBMISSION;;ASH_COATED_OSMIUM;SEASHELLS;10000;4
347300;SUBMISSION;;ASH_COATED_OSMIUM;SEASHELLS;10004;4
348000;;SUBMISSION;ASH_COATED_OSMIUM;SEASHELLS;10004;3
348600;;SUBMISSION;ASH_COATED_OSMIUM;SEASHELLS;10003;2
350400;;SUBMISSION;ASH_COATED_OSMIUM;SEASHELLS;10012;5
351800;;SUBMISSION;ASH_COATED_OSMIUM;SEASHELLS;10009;5
353000;SUBMISSION;;ASH_COATED_OSMIUM;SEASHELLS;9992;5
356700;;SUBMISSION;ASH_COATED_OSMIUM;SEASHELLS;10006;9
357500;SUBMISSION;;ASH_COATED_OSMIUM;SEASHELLS;9992;3
358400;;SUBMISSION;ASH_COATED_OSMIUM;SEASHELLS;10006;3
359300;SUBMISSION;;ASH_COATED_OSMIUM;SEASHELLS;9993;4
361400;SUBMISSION;;ASH_COATED_OSMIUM;SEASHELLS;9994;6
363200;;SUBMISSION;ASH_COATED_OSMIUM;SEASHELLS;10004;8
363200;;SUBMISSION;ASH_COATED_OSMIUM;SEASHELLS;10010;2
365300;SUBMISSION;;ASH_COATED_OSMIUM;SEASHELLS;9993;3
369000;SUBMISSION;;ASH_COATED_OSMIUM;SEASHELLS;9998;9
370400;SUBMISSION;;ASH_COATED_OSMIUM;SEASHELLS;9997;9
375300;SUBMISSION;;ASH_COATED_OSMIUM;SEASHELLS;9994;4
375400;;SUBMISSION;ASH_COATED_OSMIUM;SEASHELLS;10008;3
377400;SUBMISSION;;ASH_COATED_OSMIUM;SEASHELLS;9993;4
380900;SUBMISSION;;ASH_COATED_OSMIUM;SEASHELLS;9997;8
381000;;SUBMISSION;ASH_COATED_OSMIUM;SEASHELLS;10011;2
383000;;SUBMISSION;ASH_COATED_OSMIUM;SEASHELLS;10009;6
383600;;SUBMISSION;ASH_COATED_OSMIUM;SEASHELLS;10003;5
384800;;SUBMISSION;ASH_COATED_OSMIUM;SEASHELLS;10003;7
389800;;SUBMISSION;ASH_COATED_OSMIUM;SEASHELLS;10010;10
389900;SUBMISSION;;ASH_COATED_OSMIUM;SEASHELLS;9997;7
390400;SUBMISSION;;ASH_COATED_OSMIUM;SEASHELLS;9996;9
391100;SUBMISSION;;ASH_COATED_OSMIUM;SEASHELLS;9996;4
392300;;SUBMISSION;ASH_COATED_OSMIUM;SEASHELLS;10011;5
393200;;SUBMISSION;ASH_COATED_OSMIUM;SEASHELLS;10002;5
394900;;SUBMISSION;ASH_COATED_OSMIUM;SEASHELLS;10003;2
397600;;SUBMISSION;ASH_COATED_OSMIUM;SEASHELLS;10004;3
398700;;SUBMISSION;ASH_COATED_OSMIUM;SEASHELLS;10005;5
401400;;SUBMISSION;ASH_COATED_OSMIUM;SEASHELLS;10008;5
401700;;SUBMISSION;ASH_COATED_OSMIUM;SEASHELLS;10013;9
402400;SUBMISSION;;ASH_COATED_OSMIUM;SEASHELLS;9996;5
405200;SUBMISSION;;ASH_COATED_OSMIUM;SEASHELLS;9997;2
407400;;SUBMISSION;ASH_COATED_OSMIUM;SEASHELLS;10008;8
409500;SUBMISSION;;ASH_COATED_OSMIUM;SEASHELLS;9998;7
412600;SUBMISSION;;ASH_COATED_OSMIUM;SEASHELLS;9994;4
414000;;SUBMISSION;ASH_COATED_OSMIUM;SEASHELLS;10010;6
416100;SUBMISSION;;ASH_COATED_OSMIUM;SEASHELLS;9996;2
423900;;SUBMISSION;ASH_COATED_OSMIUM;SEASHELLS;10005;7
424700;SUBMISSION;;ASH_COATED_OSMIUM;SEASHELLS;9995;6
425200;;SUBMISSION;ASH_COATED_OSMIUM;SEASHELLS;10008;6
425800;SUBMISSION;;ASH_COATED_OSMIUM;SEASHELLS;9994;7
428000;;SUBMISSION;ASH_COATED_OSMIUM;SEASHELLS;10003;8
429800;;SUBMISSION;ASH_COATED_OSMIUM;SEASHELLS;10006;6
429900;SUBMISSION;;ASH_COATED_OSMIUM;SEASHELLS;10001;8
430100;;SUBMISSION;ASH_COATED_OSMIUM;SEASHELLS;10012;4
432800;SUBMISSION;;ASH_COATED_OSMIUM;SEASHELLS;9995;6
433700;SUBMISSION;;ASH_COATED_OSMIUM;SEASHELLS;9997;6
435400;SUBMISSION;;ASH_COATED_OSMIUM;SEASHELLS;9998;3
436800;;SUBMISSION;ASH_COATED_OSMIUM;SEASHELLS;10004;5
439100;;SUBMISSION;ASH_COATED_OSMIUM;SEASHELLS;10016;5
439800;;SUBMISSION;ASH_COATED_OSMIUM;SEASHELLS;10015;7
440300;;SUBMISSION;ASH_COATED_OSMIUM;SEASHELLS;10014;3
440700;SUBMISSION;;ASH_COATED_OSMIUM;SEASHELLS;10000;2
441900;SUBMISSION;;ASH_COATED_OSMIUM;SEASHELLS;10004;7
442700;;SUBMISSION;ASH_COATED_OSMIUM;SEASHELLS;10012;6
443000;;SUBMISSION;ASH_COATED_OSMIUM;SEASHELLS;10012;4
444000;;SUBMISSION;ASH_COATED_OSMIUM;SEASHELLS;10007;10
444200;;SUBMISSION;ASH_COATED_OSMIUM;SEASHELLS;10012;10
444800;;SUBMISSION;ASH_COATED_OSMIUM;SEASHELLS;10007;9
445000;;SUBMISSION;ASH_COATED_OSMIUM;SEASHELLS;10015;8
448000;SUBMISSION;;ASH_COATED_OSMIUM;SEASHELLS;10002;7
449100;SUBMISSION;;ASH_COATED_OSMIUM;SEASHELLS;9998;8
450800;SUBMISSION;;ASH_COATED_OSMIUM;SEASHELLS;10004;3
451800;SUBMISSION;;ASH_COATED_OSMIUM;SEASHELLS;9997;5
452300;;SUBMISSION;ASH_COATED_OSMIUM;SEASHELLS;10011;7
453000;SUBMISSION;;ASH_COATED_OSMIUM;SEASHELLS;10001;8
453400;SUBMISSION;;ASH_COATED_OSMIUM;SEASHELLS;9997;6
455900;SUBMISSION;;ASH_COATED_OSMIUM;SEASHELLS;9999;10
456000;;SUBMISSION;ASH_COATED_OSMIUM;SEASHELLS;10009;4
458400;;SUBMISSION;ASH_COATED_OSMIUM;SEASHELLS;10011;6
462400;;SUBMISSION;ASH_COATED_OSMIUM;SEASHELLS;10006;6
463900;;SUBMISSION;ASH_COATED_OSMIUM;SEASHELLS;10011;6
465500;;SUBMISSION;ASH_COATED_OSMIUM;SEASHELLS;10008;6
467700;SUBMISSION;;ASH_COATED_OSMIUM;SEASHELLS;9997;5
467800;;SUBMISSION;ASH_COATED_OSMIUM;SEASHELLS;10008;5
468100;SUBMISSION;;ASH_COATED_OSMIUM;SEASHELLS;9992;8
468300;SUBMISSION;;ASH_COATED_OSMIUM;SEASHELLS;9999;4
469300;;SUBMISSION;ASH_COATED_OSMIUM;SEASHELLS;10003;5
471300;SUBMISSION;;ASH_COATED_OSMIUM;SEASHELLS;9999;10
471900;;SUBMISSION;ASH_COATED_OSMIUM;SEASHELLS;10008;6
472200;SUBMISSION;;ASH_COATED_OSMIUM;SEASHELLS;9994;3
475100;SUBMISSION;;ASH_COATED_OSMIUM;SEASHELLS;10001;2
476400;;SUBMISSION;ASH_COATED_OSMIUM;SEASHELLS;10008;5
477200;SUBMISSION;;ASH_COATED_OSMIUM;SEASHELLS;9995;6
478500;SUBMISSION;;ASH_COATED_OSMIUM;SEASHELLS;9992;3
478600;SUBMISSION;;ASH_COATED_OSMIUM;SEASHELLS;9992;6
478900;SUBMISSION;;ASH_COATED_OSMIUM;SEASHELLS;10001;4
479600;SUBMISSION;;ASH_COATED_OSMIUM;SEASHELLS;9993;2
480100;SUBMISSION;;ASH_COATED_OSMIUM;SEASHELLS;9997;4
482600;SUBMISSION;;ASH_COATED_OSMIUM;SEASHELLS;9995;5
482700;SUBMISSION;;ASH_COATED_OSMIUM;SEASHELLS;9995;5
487200;;SUBMISSION;ASH_COATED_OSMIUM;SEASHELLS;10011;3
487500;SUBMISSION;;ASH_COATED_OSMIUM;SEASHELLS;9994;4
487700;SUBMISSION;;ASH_COATED_OSMIUM;SEASHELLS;9995;5
489700;;SUBMISSION;ASH_COATED_OSMIUM;SEASHELLS;10010;7
493900;;SUBMISSION;ASH_COATED_OSMIUM;SEASHELLS;10007;10
494300;;SUBMISSION;ASH_COATED_OSMIUM;SEASHELLS;10012;3
494400;;SUBMISSION;ASH_COATED_OSMIUM;SEASHELLS;10006;6
498900;SUBMISSION;;ASH_COATED_OSMIUM;SEASHELLS;9993;8
500000;SUBMISSION;;ASH_COATED_OSMIUM;SEASHELLS;9996;4
501500;SUBMISSION;;ASH_COATED_OSMIUM;SEASHELLS;10001;10
501900;;SUBMISSION;ASH_COATED_OSMIUM;SEASHELLS;10005;6
502100;SUBMISSION;;ASH_COATED_OSMIUM;SEASHELLS;9996;4
502700;;SUBMISSION;ASH_COATED_OSMIUM;SEASHELLS;10009;2
503100;SUBMISSION;;ASH_COATED_OSMIUM;SEASHELLS;10000;5
511000;SUBMISSION;;ASH_COATED_OSMIUM;SEASHELLS;9996;4
511700;;SUBMISSION;ASH_COATED_OSMIUM;SEASHELLS;10010;6
512800;SUBMISSION;;ASH_COATED_OSMIUM;SEASHELLS;9997;7
514300;SUBMISSION;;ASH_COATED_OSMIUM;SEASHELLS;9997;5
516100;;SUBMISSION;ASH_COATED_OSMIUM;SEASHELLS;10012;5
517200;;SUBMISSION;ASH_COATED_OSMIUM;SEASHELLS;10011;5
521800;SUBMISSION;;ASH_COATED_OSMIUM;SEASHELLS;9996;4
522200;SUBMISSION;;ASH_COATED_OSMIUM;SEASHELLS;10001;4
522500;;SUBMISSION;ASH_COATED_OSMIUM;SEASHELLS;10010;5
523600;SUBMISSION;;ASH_COATED_OSMIUM;SEASHELLS;10000;8
523800;;SUBMISSION;ASH_COATED_OSMIUM;SEASHELLS;10005;5
525300;;SUBMISSION;ASH_COATED_OSMIUM;SEASHELLS;10004;7
525700;SUBMISSION;;ASH_COATED_OSMIUM;SEASHELLS;9995;4
525900;SUBMISSION;;ASH_COATED_OSMIUM;SEASHELLS;9999;9
526500;;SUBMISSION;ASH_COATED_OSMIUM;SEASHELLS;10004;10
532300;SUBMISSION;;ASH_COATED_OSMIUM;SEASHELLS;9995;3
532800;SUBMISSION;;ASH_COATED_OSMIUM;SEASHELLS;10000;6
534800;;SUBMISSION;ASH_COATED_OSMIUM;SEASHELLS;10004;9
536100;SUBMISSION;;ASH_COATED_OSMIUM;SEASHELLS;9995;6
537200;;SUBMISSION;ASH_COATED_OSMIUM;SEASHELLS;10011;3
538600;SUBMISSION;;ASH_COATED_OSMIUM;SEASHELLS;9996;7
540100;;SUBMISSION;ASH_COATED_OSMIUM;SEASHELLS;10006;2
547200;SUBMISSION;;ASH_COATED_OSMIUM;SEASHELLS;9999;2
547300;SUBMISSION;;ASH_COATED_OSMIUM;SEASHELLS;9988;9
548400;;SUBMISSION;ASH_COATED_OSMIUM;SEASHELLS;10000;10
552600;;SUBMISSION;ASH_COATED_OSMIUM;SEASHELLS;10000;7
552900;SUBMISSION;;ASH_COATED_OSMIUM;SEASHELLS;9991;10
554000;;SUBMISSION;ASH_COATED_OSMIUM;SEASHELLS;10001;5
554400;SUBMISSION;;ASH_COATED_OSMIUM;SEASHELLS;9991;10
556700;SUBMISSION;;ASH_COATED_OSMIUM;SEASHELLS;9992;2
557400;;SUBMISSION;ASH_COATED_OSMIUM;SEASHELLS;10000;9
557700;SUBMISSION;;ASH_COATED_OSMIUM;SEASHELLS;9991;8
557800;SUBMISSION;;ASH_COATED_OSMIUM;SEASHELLS;9995;6
560300;;SUBMISSION;ASH_COATED_OSMIUM;SEASHELLS;10003;6
560800;;SUBMISSION;ASH_COATED_OSMIUM;SEASHELLS;9999;10
561500;SUBMISSION;;ASH_COATED_OSMIUM;SEASHELLS;9998;2
563500;SUBMISSION;;ASH_COATED_OSMIUM;SEASHELLS;9998;2
564900;SUBMISSION;;ASH_COATED_OSMIUM;SEASHELLS;9997;5
566600;;SUBMISSION;ASH_COATED_OSMIUM;SEASHELLS;10003;7
567300;SUBMISSION;;ASH_COATED_OSMIUM;SEASHELLS;9989;10
574100;;SUBMISSION;ASH_COATED_OSMIUM;SEASHELLS;10007;5
574200;SUBMISSION;;ASH_COATED_OSMIUM;SEASHELLS;9994;2
574500;SUBMISSION;;ASH_COATED_OSMIUM;SEASHELLS;9993;3
578400;SUBMISSION;;ASH_COATED_OSMIUM;SEASHELLS;9997;4
578600;;SUBMISSION;ASH_COATED_OSMIUM;SEASHELLS;10001;6
579000;SUBMISSION;;ASH_COATED_OSMIUM;SEASHELLS;9997;5
580800;SUBMISSION;;ASH_COATED_OSMIUM;SEASHELLS;9997;6
581500;;SUBMISSION;ASH_COATED_OSMIUM;SEASHELLS;10006;2
583200;SUBMISSION;;ASH_COATED_OSMIUM;SEASHELLS;9996;9
583900;;SUBMISSION;ASH_COATED_OSMIUM;SEASHELLS;10007;7
584000;;SUBMISSION;ASH_COATED_OSMIUM;SEASHELLS;10006;8
586200;SUBMISSION;;ASH_COATED_OSMIUM;SEASHELLS;9998;6
590300;;SUBMISSION;ASH_COATED_OSMIUM;SEASHELLS;10001;3
595000;;SUBMISSION;ASH_COATED_OSMIUM;SEASHELLS;10004;2
598600;SUBMISSION;;ASH_COATED_OSMIUM;SEASHELLS;9997;4
600600;SUBMISSION;;ASH_COATED_OSMIUM;SEASHELLS;9993;6
603100;SUBMISSION;;ASH_COATED_OSMIUM;SEASHELLS;9992;3
604200;SUBMISSION;;ASH_COATED_OSMIUM;SEASHELLS;9997;4
607400;SUBMISSION;;ASH_COATED_OSMIUM;SEASHELLS;9993;3
607800;;SUBMISSION;ASH_COATED_OSMIUM;SEASHELLS;10007;5
608800;SUBMISSION;;ASH_COATED_OSMIUM;SEASHELLS;9997;6
611600;SUBMISSION;;ASH_COATED_OSMIUM;SEASHELLS;9995;6
611900;SUBMISSION;;ASH_COATED_OSMIUM;SEASHELLS;9998;5
612000;;SUBMISSION;ASH_COATED_OSMIUM;SEASHELLS;10006;2
615600;;SUBMISSION;ASH_COATED_OSMIUM;SEASHELLS;10010;5
620700;;SUBMISSION;ASH_COATED_OSMIUM;SEASHELLS;10009;8
622900;;SUBMISSION;ASH_COATED_OSMIUM;SEASHELLS;10011;4
623500;;SUBMISSION;ASH_COATED_OSMIUM;SEASHELLS;10002;5
624500;SUBMISSION;;ASH_COATED_OSMIUM;SEASHELLS;9997;6
628900;;SUBMISSION;ASH_COATED_OSMIUM;SEASHELLS;10012;6
632300;;SUBMISSION;ASH_COATED_OSMIUM;SEASHELLS;10008;5
634200;SUBMISSION;;ASH_COATED_OSMIUM;SEASHELLS;9995;2
639100;;SUBMISSION;ASH_COATED_OSMIUM;SEASHELLS;10013;8
639200;SUBMISSION;;ASH_COATED_OSMIUM;SEASHELLS;10000;9
640500;;SUBMISSION;ASH_COATED_OSMIUM;SEASHELLS;10006;8
640600;;SUBMISSION;ASH_COATED_OSMIUM;SEASHELLS;10002;3
640600;SUBMISSION;;ASH_COATED_OSMIUM;SEASHELLS;10003;3
642000;;SUBMISSION;ASH_COATED_OSMIUM;SEASHELLS;10015;5
644300;;SUBMISSION;ASH_COATED_OSMIUM;SEASHELLS;10011;6
645600;SUBMISSION;;ASH_COATED_OSMIUM;SEASHELLS;9997;2
645700;;SUBMISSION;ASH_COATED_OSMIUM;SEASHELLS;10011;8
647500;;SUBMISSION;ASH_COATED_OSMIUM;SEASHELLS;10014;5
650600;SUBMISSION;;ASH_COATED_OSMIUM;SEASHELLS;10000;4
650800;;SUBMISSION;ASH_COATED_OSMIUM;SEASHELLS;10005;4
652000;;SUBMISSION;ASH_COATED_OSMIUM;SEASHELLS;10009;4
653900;SUBMISSION;;ASH_COATED_OSMIUM;SEASHELLS;10001;6
654000;;SUBMISSION;ASH_COATED_OSMIUM;SEASHELLS;10005;2
654800;SUBMISSION;;ASH_COATED_OSMIUM;SEASHELLS;9999;6
655400;SUBMISSION;;ASH_COATED_OSMIUM;SEASHELLS;10003;9
656100;SUBMISSION;;ASH_COATED_OSMIUM;SEASHELLS;9999;3
656900;SUBMISSION;;ASH_COATED_OSMIUM;SEASHELLS;10001;10
658200;SUBMISSION;;ASH_COATED_OSMIUM;SEASHELLS;10001;3
658400;;SUBMISSION;ASH_COATED_OSMIUM;SEASHELLS;10015;9
658500;;SUBMISSION;ASH_COATED_OSMIUM;SEASHELLS;10018;2
658600;;SUBMISSION;ASH_COATED_OSMIUM;SEASHELLS;10006;5
660400;;SUBMISSION;ASH_COATED_OSMIUM;SEASHELLS;10016;4
661600;;SUBMISSION;ASH_COATED_OSMIUM;SEASHELLS;10007;4
664400;;SUBMISSION;ASH_COATED_OSMIUM;SEASHELLS;10009;7
664800;SUBMISSION;;ASH_COATED_OSMIUM;SEASHELLS;10005;7
666600;SUBMISSION;;ASH_COATED_OSMIUM;SEASHELLS;10002;4
667000;SUBMISSION;;ASH_COATED_OSMIUM;SEASHELLS;10003;5
667100;;SUBMISSION;ASH_COATED_OSMIUM;SEASHELLS;10002;13
668200;;SUBMISSION;ASH_COATED_OSMIUM;SEASHELLS;10017;2
668600;;SUBMISSION;ASH_COATED_OSMIUM;SEASHELLS;10003;13
669400;;SUBMISSION;ASH_COATED_OSMIUM;SEASHELLS;10004;10
671200;;SUBMISSION;ASH_COATED_OSMIUM;SEASHELLS;10009;2
673400;;SUBMISSION;ASH_COATED_OSMIUM;SEASHELLS;10007;4
673600;SUBMISSION;;ASH_COATED_OSMIUM;SEASHELLS;10002;10
674400;;SUBMISSION;ASH_COATED_OSMIUM;SEASHELLS;10008;3
674900;;SUBMISSION;ASH_COATED_OSMIUM;SEASHELLS;10007;4
676400;;SUBMISSION;ASH_COATED_OSMIUM;SEASHELLS;10007;2
677000;SUBMISSION;;ASH_COATED_OSMIUM;SEASHELLS;10001;4
677300;SUBMISSION;;ASH_COATED_OSMIUM;SEASHELLS;10001;2
679300;SUBMISSION;;ASH_COATED_OSMIUM;SEASHELLS;10005;6
680600;;SUBMISSION;ASH_COATED_OSMIUM;SEASHELLS;10005;4
681200;;SUBMISSION;ASH_COATED_OSMIUM;SEASHELLS;10015;9
681900;SUBMISSION;;ASH_COATED_OSMIUM;SEASHELLS;10000;9
682800;SUBMISSION;;ASH_COATED_OSMIUM;SEASHELLS;10005;6
683100;;SUBMISSION;ASH_COATED_OSMIUM;SEASHELLS;10015;4
685400;;SUBMISSION;ASH_COATED_OSMIUM;SEASHELLS;10015;7
689500;;SUBMISSION;ASH_COATED_OSMIUM;SEASHELLS;10014;6
689600;SUBMISSION;;ASH_COATED_OSMIUM;SEASHELLS;10004;10
690500;SUBMISSION;;ASH_COATED_OSMIUM;SEASHELLS;9999;5
691000;SUBMISSION;;ASH_COATED_OSMIUM;SEASHELLS;9999;4
699900;;SUBMISSION;ASH_COATED_OSMIUM;SEASHELLS;10012;6
699900;;SUBMISSION;ASH_COATED_OSMIUM;SEASHELLS;10012;4
700500;;SUBMISSION;ASH_COATED_OSMIUM;SEASHELLS;10012;6
700600;SUBMISSION;;ASH_COATED_OSMIUM;SEASHELLS;9998;3
703300;SUBMISSION;;ASH_COATED_OSMIUM;SEASHELLS;9994;4
703900;SUBMISSION;;ASH_COATED_OSMIUM;SEASHELLS;10000;5
704100;SUBMISSION;;ASH_COATED_OSMIUM;SEASHELLS;9996;2
705400;SUBMISSION;;ASH_COATED_OSMIUM;SEASHELLS;9997;7
708000;SUBMISSION;;ASH_COATED_OSMIUM;SEASHELLS;9996;5
708900;SUBMISSION;;ASH_COATED_OSMIUM;SEASHELLS;9996;6
710200;;SUBMISSION;ASH_COATED_OSMIUM;SEASHELLS;10007;8
711600;SUBMISSION;;ASH_COATED_OSMIUM;SEASHELLS;9996;10
712300;;SUBMISSION;ASH_COATED_OSMIUM;SEASHELLS;10005;5
714900;SUBMISSION;;ASH_COATED_OSMIUM;SEASHELLS;9999;5
716400;;SUBMISSION;ASH_COATED_OSMIUM;SEASHELLS;10004;6
720600;;SUBMISSION;ASH_COATED_OSMIUM;SEASHELLS;10011;4
723300;SUBMISSION;;ASH_COATED_OSMIUM;SEASHELLS;9991;6
724800;SUBMISSION;;ASH_COATED_OSMIUM;SEASHELLS;9997;8
725700;SUBMISSION;;ASH_COATED_OSMIUM;SEASHELLS;9993;8
726200;SUBMISSION;;ASH_COATED_OSMIUM;SEASHELLS;9993;5
729100;;SUBMISSION;ASH_COATED_OSMIUM;SEASHELLS;10007;8
730400;;SUBMISSION;ASH_COATED_OSMIUM;SEASHELLS;10005;6
730700;SUBMISSION;;ASH_COATED_OSMIUM;SEASHELLS;9996;2
731200;;SUBMISSION;ASH_COATED_OSMIUM;SEASHELLS;10007;9
733700;SUBMISSION;;ASH_COATED_OSMIUM;SEASHELLS;9995;7
734900;SUBMISSION;;ASH_COATED_OSMIUM;SEASHELLS;9990;5
735000;;SUBMISSION;ASH_COATED_OSMIUM;SEASHELLS;10004;5
736700;;SUBMISSION;ASH_COATED_OSMIUM;SEASHELLS;10007;5
739400;;SUBMISSION;ASH_COATED_OSMIUM;SEASHELLS;10006;6
739500;SUBMISSION;;ASH_COATED_OSMIUM;SEASHELLS;9988;10
742000;;SUBMISSION;ASH_COATED_OSMIUM;SEASHELLS;10004;5
743700;SUBMISSION;;ASH_COATED_OSMIUM;SEASHELLS;9987;4
745400;SUBMISSION;;ASH_COATED_OSMIUM;SEASHELLS;9985;6
746100;;SUBMISSION;ASH_COATED_OSMIUM;SEASHELLS;10000;8
748900;SUBMISSION;;ASH_COATED_OSMIUM;SEASHELLS;9995;3
750200;SUBMISSION;;ASH_COATED_OSMIUM;SEASHELLS;9992;4
750300;SUBMISSION;;ASH_COATED_OSMIUM;SEASHELLS;9996;3
750600;SUBMISSION;;ASH_COATED_OSMIUM;SEASHELLS;9992;5
751400;SUBMISSION;;ASH_COATED_OSMIUM;SEASHELLS;9995;5
752000;SUBMISSION;;ASH_COATED_OSMIUM;SEASHELLS;9991;9
752100;;SUBMISSION;ASH_COATED_OSMIUM;SEASHELLS;10000;4
753100;;SUBMISSION;ASH_COATED_OSMIUM;SEASHELLS;9994;9
753700;SUBMISSION;;ASH_COATED_OSMIUM;SEASHELLS;9994;3
754200;;SUBMISSION;ASH_COATED_OSMIUM;SEASHELLS;9999;5
755100;SUBMISSION;;ASH_COATED_OSMIUM;SEASHELLS;9989;4
755700;;SUBMISSION;ASH_COATED_OSMIUM;SEASHELLS;9999;4
756200;SUBMISSION;;ASH_COATED_OSMIUM;SEASHELLS;9995;4
756400;SUBMISSION;;ASH_COATED_OSMIUM;SEASHELLS;9992;3
756600;SUBMISSION;;ASH_COATED_OSMIUM;SEASHELLS;9987;9
756900;SUBMISSION;;ASH_COATED_OSMIUM;SEASHELLS;9986;5
757200;SUBMISSION;;ASH_COATED_OSMIUM;SEASHELLS;9986;9
757300;SUBMISSION;;ASH_COATED_OSMIUM;SEASHELLS;9995;5
757600;SUBMISSION;;ASH_COATED_OSMIUM;SEASHELLS;9995;2
758100;;SUBMISSION;ASH_COATED_OSMIUM;SEASHELLS;9993;5
761400;SUBMISSION;;ASH_COATED_OSMIUM;SEASHELLS;9996;4
763900;SUBMISSION;;ASH_COATED_OSMIUM;SEASHELLS;9989;6
763900;SUBMISSION;;ASH_COATED_OSMIUM;SEASHELLS;9989;5
764400;SUBMISSION;;ASH_COATED_OSMIUM;SEASHELLS;9994;6
771800;;SUBMISSION;ASH_COATED_OSMIUM;SEASHELLS;10003;9
773400;;SUBMISSION;ASH_COATED_OSMIUM;SEASHELLS;10003;8
777200;;SUBMISSION;ASH_COATED_OSMIUM;SEASHELLS;10009;10
780100;;SUBMISSION;ASH_COATED_OSMIUM;SEASHELLS;10008;2
782300;SUBMISSION;;ASH_COATED_OSMIUM;SEASHELLS;9997;4
782500;;SUBMISSION;ASH_COATED_OSMIUM;SEASHELLS;10007;7
788000;;SUBMISSION;ASH_COATED_OSMIUM;SEASHELLS;10007;5
789700;SUBMISSION;;ASH_COATED_OSMIUM;SEASHELLS;9992;2
791900;SUBMISSION;;ASH_COATED_OSMIUM;SEASHELLS;9991;5
792300;;SUBMISSION;ASH_COATED_OSMIUM;SEASHELLS;10004;10
793700;;SUBMISSION;ASH_COATED_OSMIUM;SEASHELLS;10003;10
794000;SUBMISSION;;ASH_COATED_OSMIUM;SEASHELLS;9994;5
795600;;SUBMISSION;ASH_COATED_OSMIUM;SEASHELLS;9998;6
796500;SUBMISSION;;ASH_COATED_OSMIUM;SEASHELLS;9994;4
798700;SUBMISSION;;ASH_COATED_OSMIUM;SEASHELLS;9996;5
800300;SUBMISSION;;ASH_COATED_OSMIUM;SEASHELLS;9996;3
801100;SUBMISSION;;ASH_COATED_OSMIUM;SEASHELLS;9993;6
802000;SUBMISSION;;ASH_COATED_OSMIUM;SEASHELLS;9996;5
802000;;SUBMISSION;ASH_COATED_OSMIUM;SEASHELLS;9995;5
803100;;SUBMISSION;ASH_COATED_OSMIUM;SEASHELLS;10000;5
803300;SUBMISSION;;ASH_COATED_OSMIUM;SEASHELLS;9995;4
805200;SUBMISSION;;ASH_COATED_OSMIUM;SEASHELLS;9992;6
805400;SUBMISSION;;ASH_COATED_OSMIUM;SEASHELLS;9992;4
805600;SUBMISSION;;ASH_COATED_OSMIUM;SEASHELLS;9995;3
806000;SUBMISSION;;ASH_COATED_OSMIUM;SEASHELLS;9987;2
808100;SUBMISSION;;ASH_COATED_OSMIUM;SEASHELLS;9995;5
808700;SUBMISSION;;ASH_COATED_OSMIUM;SEASHELLS;9996;5
810700;;SUBMISSION;ASH_COATED_OSMIUM;SEASHELLS;10002;2
815600;;SUBMISSION;ASH_COATED_OSMIUM;SEASHELLS;10003;4
817000;SUBMISSION;;ASH_COATED_OSMIUM;SEASHELLS;9996;4
821100;;SUBMISSION;ASH_COATED_OSMIUM;SEASHELLS;10008;8
823400;;SUBMISSION;ASH_COATED_OSMIUM;SEASHELLS;10005;6
824100;SUBMISSION;;ASH_COATED_OSMIUM;SEASHELLS;9996;5
827500;SUBMISSION;;ASH_COATED_OSMIUM;SEASHELLS;9994;5
831500;SUBMISSION;;ASH_COATED_OSMIUM;SEASHELLS;9993;4
832100;SUBMISSION;;ASH_COATED_OSMIUM;SEASHELLS;9994;2
832800;SUBMISSION;;ASH_COATED_OSMIUM;SEASHELLS;9994;2
832900;SUBMISSION;;ASH_COATED_OSMIUM;SEASHELLS;9985;5
833900;;SUBMISSION;ASH_COATED_OSMIUM;SEASHELLS;9996;4
835200;SUBMISSION;;ASH_COATED_OSMIUM;SEASHELLS;9992;4
835700;;SUBMISSION;ASH_COATED_OSMIUM;SEASHELLS;10002;8
836800;SUBMISSION;;ASH_COATED_OSMIUM;SEASHELLS;9987;7
838000;SUBMISSION;;ASH_COATED_OSMIUM;SEASHELLS;9994;3
839700;;SUBMISSION;ASH_COATED_OSMIUM;SEASHELLS;10001;4
839800;;SUBMISSION;ASH_COATED_OSMIUM;SEASHELLS;9995;7
841100;SUBMISSION;;ASH_COATED_OSMIUM;SEASHELLS;9993;10
843000;;SUBMISSION;ASH_COATED_OSMIUM;SEASHELLS;9997;5
843300;SUBMISSION;;ASH_COATED_OSMIUM;SEASHELLS;9989;5
843400;SUBMISSION;;ASH_COATED_OSMIUM;SEASHELLS;9990;4
845300;;SUBMISSION;ASH_COATED_OSMIUM;SEASHELLS;10006;3
845600;;SUBMISSION;ASH_COATED_OSMIUM;SEASHELLS;9997;3
846100;;SUBMISSION;ASH_COATED_OSMIUM;SEASHELLS;9999;6
846300;SUBMISSION;;ASH_COATED_OSMIUM;SEASHELLS;9995;4
846900;;SUBMISSION;ASH_COATED_OSMIUM;SEASHELLS;10006;2
847500;;SUBMISSION;ASH_COATED_OSMIUM;SEASHELLS;10003;5
847500;;SUBMISSION;ASH_COATED_OSMIUM;SEASHELLS;10003;7
847800;SUBMISSION;;ASH_COATED_OSMIUM;SEASHELLS;9989;7
848300;SUBMISSION;;ASH_COATED_OSMIUM;SEASHELLS;9989;5
851800;;SUBMISSION;ASH_COATED_OSMIUM;SEASHELLS;10004;6
852300;SUBMISSION;;ASH_COATED_OSMIUM;SEASHELLS;9989;3
852500;SUBMISSION;;ASH_COATED_OSMIUM;SEASHELLS;9988;3
855500;SUBMISSION;;ASH_COATED_OSMIUM;SEASHELLS;9994;8
859700;SUBMISSION;;ASH_COATED_OSMIUM;SEASHELLS;9991;4
861800;;SUBMISSION;ASH_COATED_OSMIUM;SEASHELLS;10007;2
861900;;SUBMISSION;ASH_COATED_OSMIUM;SEASHELLS;10002;6
864800;;SUBMISSION;ASH_COATED_OSMIUM;SEASHELLS;10009;8
865000;SUBMISSION;;ASH_COATED_OSMIUM;SEASHELLS;9992;6
867100;SUBMISSION;;ASH_COATED_OSMIUM;SEASHELLS;9995;6
867800;SUBMISSION;;ASH_COATED_OSMIUM;SEASHELLS;9992;3
868100;;SUBMISSION;ASH_COATED_OSMIUM;SEASHELLS;10001;7
869800;;SUBMISSION;ASH_COATED_OSMIUM;SEASHELLS;10000;4
870700;;SUBMISSION;ASH_COATED_OSMIUM;SEASHELLS;10000;3
870900;;SUBMISSION;ASH_COATED_OSMIUM;SEASHELLS;10010;5
871500;SUBMISSION;;ASH_COATED_OSMIUM;SEASHELLS;9996;2
871700;;SUBMISSION;ASH_COATED_OSMIUM;SEASHELLS;10009;2
875900;;SUBMISSION;ASH_COATED_OSMIUM;SEASHELLS;10001;7
877500;;SUBMISSION;ASH_COATED_OSMIUM;SEASHELLS;10004;4
877900;SUBMISSION;;ASH_COATED_OSMIUM;SEASHELLS;9995;7
878200;;SUBMISSION;ASH_COATED_OSMIUM;SEASHELLS;10008;5
880800;SUBMISSION;;ASH_COATED_OSMIUM;SEASHELLS;9996;4
881400;;SUBMISSION;ASH_COATED_OSMIUM;SEASHELLS;10003;9
887700;;SUBMISSION;ASH_COATED_OSMIUM;SEASHELLS;10009;6
892900;;SUBMISSION;ASH_COATED_OSMIUM;SEASHELLS;10010;8
893200;SUBMISSION;;ASH_COATED_OSMIUM;SEASHELLS;9993;4
894900;;SUBMISSION;ASH_COATED_OSMIUM;SEASHELLS;10003;5
898200;;SUBMISSION;ASH_COATED_OSMIUM;SEASHELLS;10003;7
899100;;SUBMISSION;ASH_COATED_OSMIUM;SEASHELLS;10002;7
899200;;SUBMISSION;ASH_COATED_OSMIUM;SEASHELLS;10007;5
900000;SUBMISSION;;ASH_COATED_OSMIUM;SEASHELLS;9998;10
904700;;SUBMISSION;ASH_COATED_OSMIUM;SEASHELLS;10004;3
905000;SUBMISSION;;ASH_COATED_OSMIUM;SEASHELLS;9991;10
905100;SUBMISSION;;ASH_COATED_OSMIUM;SEASHELLS;9991;4
905900;;SUBMISSION;ASH_COATED_OSMIUM;SEASHELLS;10006;5
906000;;SUBMISSION;ASH_COATED_OSMIUM;SEASHELLS;10000;5
906700;SUBMISSION;;ASH_COATED_OSMIUM;SEASHELLS;9996;6
906800;SUBMISSION;;ASH_COATED_OSMIUM;SEASHELLS;9997;6
909400;SUBMISSION;;ASH_COATED_OSMIUM;SEASHELLS;9989;4
909900;;SUBMISSION;ASH_COATED_OSMIUM;SEASHELLS;10006;8
910100;;SUBMISSION;ASH_COATED_OSMIUM;SEASHELLS;10000;5
911200;;SUBMISSION;ASH_COATED_OSMIUM;SEASHELLS;10005;2
911800;SUBMISSION;;ASH_COATED_OSMIUM;SEASHELLS;9998;5
912400;;SUBMISSION;ASH_COATED_OSMIUM;SEASHELLS;10004;3
915300;SUBMISSION;;ASH_COATED_OSMIUM;SEASHELLS;9996;10
917900;;SUBMISSION;ASH_COATED_OSMIUM;SEASHELLS;10004;5
919000;SUBMISSION;;ASH_COATED_OSMIUM;SEASHELLS;9990;3
920700;;SUBMISSION;ASH_COATED_OSMIUM;SEASHELLS;10003;3
921200;;SUBMISSION;ASH_COATED_OSMIUM;SEASHELLS;10006;10
923500;SUBMISSION;;ASH_COATED_OSMIUM;SEASHELLS;9990;3
923800;;SUBMISSION;ASH_COATED_OSMIUM;SEASHELLS;9999;6
925700;;SUBMISSION;ASH_COATED_OSMIUM;SEASHELLS;9999;10
926100;SUBMISSION;;ASH_COATED_OSMIUM;SEASHELLS;9996;10
928300;SUBMISSION;;ASH_COATED_OSMIUM;SEASHELLS;9989;3
928600;SUBMISSION;;ASH_COATED_OSMIUM;SEASHELLS;9995;8
928900;SUBMISSION;;ASH_COATED_OSMIUM;SEASHELLS;9990;4
929500;;SUBMISSION;ASH_COATED_OSMIUM;SEASHELLS;10004;2
930800;SUBMISSION;;ASH_COATED_OSMIUM;SEASHELLS;9991;6
932600;;SUBMISSION;ASH_COATED_OSMIUM;SEASHELLS;10005;10
934100;;SUBMISSION;ASH_COATED_OSMIUM;SEASHELLS;10004;3
934400;;SUBMISSION;ASH_COATED_OSMIUM;SEASHELLS;9999;6
935900;SUBMISSION;;ASH_COATED_OSMIUM;SEASHELLS;9990;8
937800;;SUBMISSION;ASH_COATED_OSMIUM;SEASHELLS;9999;10
938900;;SUBMISSION;ASH_COATED_OSMIUM;SEASHELLS;10005;2
939400;;SUBMISSION;ASH_COATED_OSMIUM;SEASHELLS;10005;6
939500;;SUBMISSION;ASH_COATED_OSMIUM;SEASHELLS;10005;9
939800;SUBMISSION;;ASH_COATED_OSMIUM;SEASHELLS;9999;2
941000;SUBMISSION;;ASH_COATED_OSMIUM;SEASHELLS;9996;4
943100;;SUBMISSION;ASH_COATED_OSMIUM;SEASHELLS;10002;4
946100;SUBMISSION;;ASH_COATED_OSMIUM;SEASHELLS;9995;10
947400;;SUBMISSION;ASH_COATED_OSMIUM;SEASHELLS;10004;8
948400;;SUBMISSION;ASH_COATED_OSMIUM;SEASHELLS;10010;7
949300;SUBMISSION;;ASH_COATED_OSMIUM;SEASHELLS;10001;10
949400;;SUBMISSION;ASH_COATED_OSMIUM;SEASHELLS;10010;2
953900;;SUBMISSION;ASH_COATED_OSMIUM;SEASHELLS;10004;7
956400;SUBMISSION;;ASH_COATED_OSMIUM;SEASHELLS;9996;3
956800;;SUBMISSION;ASH_COATED_OSMIUM;SEASHELLS;10004;7
960200;SUBMISSION;;ASH_COATED_OSMIUM;SEASHELLS;9998;4
961100;;SUBMISSION;ASH_COATED_OSMIUM;SEASHELLS;10007;4
964200;;SUBMISSION;ASH_COATED_OSMIUM;SEASHELLS;10011;3
966600;;SUBMISSION;ASH_COATED_OSMIUM;SEASHELLS;10005;8
969000;SUBMISSION;;ASH_COATED_OSMIUM;SEASHELLS;10001;7
971100;;SUBMISSION;ASH_COATED_OSMIUM;SEASHELLS;10009;5
973800;;SUBMISSION;ASH_COATED_OSMIUM;SEASHELLS;10005;4
975300;SUBMISSION;;ASH_COATED_OSMIUM;SEASHELLS;9995;2
975700;;SUBMISSION;ASH_COATED_OSMIUM;SEASHELLS;10009;3
976500;SUBMISSION;;ASH_COATED_OSMIUM;SEASHELLS;9992;6
977300;SUBMISSION;;ASH_COATED_OSMIUM;SEASHELLS;10000;9
978400;SUBMISSION;;ASH_COATED_OSMIUM;SEASHELLS;9993;3
981000;;SUBMISSION;ASH_COATED_OSMIUM;SEASHELLS;10011;5
984300;;SUBMISSION;ASH_COATED_OSMIUM;SEASHELLS;10011;4
984500;SUBMISSION;;ASH_COATED_OSMIUM;SEASHELLS;10002;8
985500;SUBMISSION;;ASH_COATED_OSMIUM;SEASHELLS;9997;3
986400;;SUBMISSION;ASH_COATED_OSMIUM;SEASHELLS;10011;3
986800;SUBMISSION;;ASH_COATED_OSMIUM;SEASHELLS;9996;6
987300;;SUBMISSION;ASH_COATED_OSMIUM;SEASHELLS;10010;6
988700;SUBMISSION;;ASH_COATED_OSMIUM;SEASHELLS;10000;8
989100;SUBMISSION;;ASH_COATED_OSMIUM;SEASHELLS;9995;2
991400;SUBMISSION;;ASH_COATED_OSMIUM;SEASHELLS;9994;9
993300;SUBMISSION;;ASH_COATED_OSMIUM;SEASHELLS;9995;5
995400;;SUBMISSION;ASH_COATED_OSMIUM;SEASHELLS;10009;6
997000;SUBMISSION;;ASH_COATED_OSMIUM;SEASHELLS;9993;4
