timestamp;buyer;seller;symbol;currency;price;quantity
0;;SUBMISSION;HYDROGEL_PACK;SEASHELLS;10003;13
0;;SUBMISSION;HYDROGEL_PACK;SEASHELLS;10001;21
500;;SUBMISSION;HYDROGEL_PACK;SEASHELLS;10002;11
600;;SUBMISSION;HYDROGEL_PACK;SEASHELLS;10002;13
1300;SUBMISSION;Mark 38;VEV_4000;SEASHELLS;1256;3
2700;SUBMISSION;Mark 55;VELVETFRUIT_EXTRACT;SEASHELLS;5270;8
2900;Mark 55;SUBMISSION;VELVETFRUIT_EXTRACT;SEASHELLS;5271;8
4800;Mark 55;SUBMISSION;VELVETFRUIT_EXTRACT;SEASHELLS;5272;3
5700;SUBMISSION;Mark 55;VELVETFRUIT_EXTRACT;SEASHELLS;5274;5
9000;Mark 38;SUBMISSION;VEV_4000;SEASHELLS;1273;1
9900;SUBMISSION;Mark 55;VELVETFRUIT_EXTRACT;SEASHELLS;5262;5
10700;Mark 55;SUBMISSION;VELVETFRUIT_EXTRACT;SEASHELLS;5264;4
12600;SUBMISSION;Mark 55;VELVETFRUIT_EXTRACT;SEASHELLS;5265;3
13900;Mark 55;SUBMISSION;VELVETFRUIT_EXTRACT;SEASHELLS;5268;4
16300;Mark 55;SUBMISSION;VELVETFRUIT_EXTRACT;SEASHELLS;5274;5
17400;SUBMISSION;Mark 55;VELVETFRUIT_EXTRACT;SEASHELLS;5275;3
19000;;SUBMISSION;HYDROGEL_PACK;SEASHELLS;10003;10
23100;SUBMISSION;Mark 55;VELVETFRUIT_EXTRACT;SEASHELLS;5265;4
24400;SUBMISSION;;HYDROGEL_PACK;SEASHELLS;9997;9
24900;SUBMISSION;;HYDROGEL_PACK;SEASHELLS;10000;11
25000;SUBMISSION;;HYDROGEL_PACK;SEASHELLS;9998;14
25000;SUBMISSION;;HYDROGEL_PACK;SEASHELLS;10000;25
25100;SUBMISSION;;HYDROGEL_PACK;SEASHELLS;9997;10
25100;SUBMISSION;;HYDROGEL_PACK;SEASHELLS;9999;30
25200;SUBMISSION;;HYDROGEL_PACK;SEASHELLS;9996;10
25200;SUBMISSION;;HYDROGEL_PACK;SEASHELLS;9999;24
25500;SUBMISSION;Mark 55;VELVETFRUIT_EXTRACT;SEASHELLS;5265;6
26500;Mark 55;SUBMISSION;VELVETFRUIT_EXTRACT;SEASHELLS;5268;6
29200;SUBMISSION;Mark 38;HYDROGEL_PACK;SEASHELLS;9994;4
32600;;SUBMISSION;HYDROGEL_PACK;SEASHELLS;10000;14
32700;;SUBMISSION;HYDROGEL_PACK;SEASHELLS;10003;11
32700;;SUBMISSION;HYDROGEL_PACK;SEASHELLS;10001;21
32800;;SUBMISSION;HYDROGEL_PACK;SEASHELLS;10002;12
32900;;SUBMISSION;HYDROGEL_PACK;SEASHELLS;10002;10
32900;;SUBMISSION;HYDROGEL_PACK;SEASHELLS;10000;1
33000;;SUBMISSION;HYDROGEL_PACK;SEASHELLS;10003;10
33100;;SUBMISSION;HYDROGEL_PACK;SEASHELLS;10002;10
33200;;SUBMISSION;HYDROGEL_PACK;SEASHELLS;10001;12
33300;Mark 55;SUBMISSION;VELVETFRUIT_EXTRACT;SEASHELLS;5270;7
33500;;SUBMISSION;HYDROGEL_PACK;SEASHELLS;10001;14
34100;;SUBMISSION;HYDROGEL_PACK;SEASHELLS;10003;13
34100;Mark 38;SUBMISSION;VEV_4000;SEASHELLS;1277;1
35600;SUBMISSION;;HYDROGEL_PACK;SEASHELLS;9999;13
35700;SUBMISSION;;HYDROGEL_PACK;SEASHELLS;9999;11
35700;Mark 55;SUBMISSION;VELVETFRUIT_EXTRACT;SEASHELLS;5269;3
35800;SUBMISSION;;HYDROGEL_PACK;SEASHELLS;9999;10
35800;SUBMISSION;Mark 55;VELVETFRUIT_EXTRACT;SEASHELLS;5265;7
35900;SUBMISSION;;HYDROGEL_PACK;SEASHELLS;9996;11
35900;SUBMISSION;;HYDROGEL_PACK;SEASHELLS;9999;20
36000;SUBMISSION;;HYDROGEL_PACK;SEASHELLS;9999;14
36100;SUBMISSION;;HYDROGEL_PACK;SEASHELLS;9997;15
36100;Mark 55;SUBMISSION;VELVETFRUIT_EXTRACT;SEASHELLS;5270;4
36200;SUBMISSION;;HYDROGEL_PACK;SEASHELLS;9998;15
36300;SUBMISSION;;HYDROGEL_PACK;SEASHELLS;9998;15
38400;SUBMISSION;Mark 55;VELVETFRUIT_EXTRACT;SEASHELLS;5266;8
39500;SUBMISSION;Mark 38;VEV_4000;SEASHELLS;1259;2
41700;Mark 55;SUBMISSION;VELVETFRUIT_EXTRACT;SEASHELLS;5253;5
42000;SUBMISSION;Mark 55;VELVETFRUIT_EXTRACT;SEASHELLS;5248;8
43000;SUBMISSION;Mark 55;VELVETFRUIT_EXTRACT;SEASHELLS;5251;8
44700;SUBMISSION;Mark 55;VELVETFRUIT_EXTRACT;SEASHELLS;5256;8
44900;;SUBMISSION;VELVETFRUIT_EXTRACT;SEASHELLS;5256;23
45100;SUBMISSION;Mark 22;VEV_5400;SEASHELLS;15;4
46800;SUBMISSION;Mark 55;VELVETFRUIT_EXTRACT;SEASHELLS;5257;8
48100;Mark 55;SUBMISSION;VELVETFRUIT_EXTRACT;SEASHELLS;5260;7
50200;SUBMISSION;Mark 38;VEV_4000;SEASHELLS;1254;3
52600;Mark 55;SUBMISSION;VELVETFRUIT_EXTRACT;SEASHELLS;5262;8
53200;Mark 55;SUBMISSION;VELVETFRUIT_EXTRACT;SEASHELLS;5263;5
53600;SUBMISSION;Mark 55;VELVETFRUIT_EXTRACT;SEASHELLS;5258;5
55800;SUBMISSION;;VELVETFRUIT_EXTRACT;SEASHELLS;5254;6
58900;SUBMISSION;;VEV_5100;SEASHELLS;160;10
58900;SUBMISSION;;VEV_5100;SEASHELLS;161;20
59100;SUBMISSION;;VEV_5100;SEASHELLS;160;24
59200;Mark 55;SUBMISSION;VELVETFRUIT_EXTRACT;SEASHELLS;5243;8
59200;SUBMISSION;;VEV_5200;SEASHELLS;89;6
59200;SUBMISSION;;VEV_5200;SEASHELLS;90;22
59200;SUBMISSION;;VEV_5300;SEASHELLS;42;9
59200;SUBMISSION;;VEV_5300;SEASHELLS;43;19
59500;SUBMISSION;;VEV_5200;SEASHELLS;89;7
59500;SUBMISSION;;VEV_5200;SEASHELLS;90;12
59700;SUBMISSION;;VEV_5200;SEASHELLS;89;23
63800;Mark 38;SUBMISSION;VEV_4000;SEASHELLS;1257;3
64300;SUBMISSION;Mark 55;VELVETFRUIT_EXTRACT;SEASHELLS;5250;3
67600;Mark 55;SUBMISSION;VELVETFRUIT_EXTRACT;SEASHELLS;5261;4
70000;SUBMISSION;Mark 55;VELVETFRUIT_EXTRACT;SEASHELLS;5256;6
70400;Mark 55;SUBMISSION;VELVETFRUIT_EXTRACT;SEASHELLS;5259;5
71500;SUBMISSION;Mark 55;VELVETFRUIT_EXTRACT;SEASHELLS;5252;4
73100;SUBMISSION;Mark 55;VELVETFRUIT_EXTRACT;SEASHELLS;5257;7
73200;SUBMISSION;Mark 55;VELVETFRUIT_EXTRACT;SEASHELLS;5255;5
76700;Mark 55;SUBMISSION;VELVETFRUIT_EXTRACT;SEASHELLS;5257;4
79300;SUBMISSION;Mark 22;VEV_5300;SEASHELLS;47;1
80800;Mark 38;SUBMISSION;VEV_4000;SEASHELLS;1269;1
83000;Mark 55;SUBMISSION;VELVETFRUIT_EXTRACT;SEASHELLS;5270;6
84100;Mark 55;SUBMISSION;VELVETFRUIT_EXTRACT;SEASHELLS;5271;8
84400;Mark 55;SUBMISSION;VELVETFRUIT_EXTRACT;SEASHELLS;5272;5
84800;Mark 55;SUBMISSION;VELVETFRUIT_EXTRACT;SEASHELLS;5275;5
85500;Mark 55;SUBMISSION;VELVETFRUIT_EXTRACT;SEASHELLS;5272;8
86300;SUBMISSION;;VELVETFRUIT_EXTRACT;SEASHELLS;5268;14
91700;SUBMISSION;Mark 55;VELVETFRUIT_EXTRACT;SEASHELLS;5265;8
92600;Mark 55;SUBMISSION;VELVETFRUIT_EXTRACT;SEASHELLS;5270;4
95100;SUBMISSION;Mark 55;VELVETFRUIT_EXTRACT;SEASHELLS;5263;8
97200;Mark 55;SUBMISSION;VELVETFRUIT_EXTRACT;SEASHELLS;5264;7
97400;SUBMISSION;Mark 55;VELVETFRUIT_EXTRACT;SEASHELLS;5259;5
98600;SUBMISSION;Mark 38;VEV_4000;SEASHELLS;1260;1
99300;SUBMISSION;;VELVETFRUIT_EXTRACT;SEASHELLS;5262;4
103300;SUBMISSION;Mark 38;VEV_4000;SEASHELLS;1259;1
103500;SUBMISSION;Mark 55;VELVETFRUIT_EXTRACT;SEASHELLS;5264;8
103700;SUBMISSION;Mark 38;VEV_4000;SEASHELLS;1259;3
106300;Mark 55;SUBMISSION;VELVETFRUIT_EXTRACT;SEASHELLS;5261;7
108800;Mark 55;SUBMISSION;VELVETFRUIT_EXTRACT;SEASHELLS;5262;3
109100;SUBMISSION;Mark 38;VEV_4000;SEASHELLS;1259;1
109400;Mark 55;SUBMISSION;VELVETFRUIT_EXTRACT;SEASHELLS;5265;6
109800;Mark 55;SUBMISSION;VELVETFRUIT_EXTRACT;SEASHELLS;5266;3
110500;Mark 55;SUBMISSION;VELVETFRUIT_EXTRACT;SEASHELLS;5261;8
111300;Mark 55;SUBMISSION;VELVETFRUIT_EXTRACT;SEASHELLS;5262;7
111900;SUBMISSION;Mark 38;VEV_4000;SEASHELLS;1257;2
114700;Mark 38;SUBMISSION;VEV_4000;SEASHELLS;1264;2
116800;Mark 38;SUBMISSION;VEV_4000;SEASHELLS;1263;2
118100;Mark 55;SUBMISSION;VELVETFRUIT_EXTRACT;SEASHELLS;5259;3
121500;;SUBMISSION;HYDROGEL_PACK;SEASHELLS;10006;5
121800;;SUBMISSION;HYDROGEL_PACK;SEASHELLS;10000;12
122900;SUBMISSION;Mark 55;VELVETFRUIT_EXTRACT;SEASHELLS;5259;8
123700;;SUBMISSION;HYDROGEL_PACK;SEASHELLS;10000;13
123800;;SUBMISSION;HYDROGEL_PACK;SEASHELLS;10004;14
123800;;SUBMISSION;HYDROGEL_PACK;SEASHELLS;10001;20
123900;;SUBMISSION;HYDROGEL_PACK;SEASHELLS;10008;10
123900;;SUBMISSION;HYDROGEL_PACK;SEASHELLS;10006;27
124200;;SUBMISSION;HYDROGEL_PACK;SEASHELLS;10010;11
124200;;SUBMISSION;HYDROGEL_PACK;SEASHELLS;10007;21
129300;Mark 22;SUBMISSION;VELVETFRUIT_EXTRACT;SEASHELLS;5255;3
129300;Mark 67;SUBMISSION;VELVETFRUIT_EXTRACT;SEASHELLS;5255;5
129400;Mark 38;SUBMISSION;HYDROGEL_PACK;SEASHELLS;10008;4
129600;SUBMISSION;Mark 55;VELVETFRUIT_EXTRACT;SEASHELLS;5256;6
130100;Mark 55;SUBMISSION;VELVETFRUIT_EXTRACT;SEASHELLS;5255;5
130300;SUBMISSION;Mark 55;VELVETFRUIT_EXTRACT;SEASHELLS;5253;6
133000;Mark 55;SUBMISSION;VELVETFRUIT_EXTRACT;SEASHELLS;5259;7
135500;Mark 55;SUBMISSION;VELVETFRUIT_EXTRACT;SEASHELLS;5258;7
138400;SUBMISSION;;VELVETFRUIT_EXTRACT;SEASHELLS;5256;10
138700;Mark 55;SUBMISSION;VELVETFRUIT_EXTRACT;SEASHELLS;5261;3
140900;SUBMISSION;Mark 38;VEV_4000;SEASHELLS;1251;1
142300;Mark 55;SUBMISSION;VELVETFRUIT_EXTRACT;SEASHELLS;5258;6
143100;Mark 55;SUBMISSION;VELVETFRUIT_EXTRACT;SEASHELLS;5260;7
144300;Mark 55;SUBMISSION;VELVETFRUIT_EXTRACT;SEASHELLS;5265;6
144400;SUBMISSION;Mark 38;VEV_4000;SEASHELLS;1258;1
145800;SUBMISSION;Mark 38;VEV_4000;SEASHELLS;1262;1
147200;SUBMISSION;Mark 55;VELVETFRUIT_EXTRACT;SEASHELLS;5260;8
150400;Mark 38;SUBMISSION;VEV_4000;SEASHELLS;1273;1
153100;Mark 38;SUBMISSION;VEV_4000;SEASHELLS;1279;3
154300;Mark 55;SUBMISSION;VELVETFRUIT_EXTRACT;SEASHELLS;5274;6
155100;Mark 55;SUBMISSION;VELVETFRUIT_EXTRACT;SEASHELLS;5276;8
155300;Mark 55;SUBMISSION;VELVETFRUIT_EXTRACT;SEASHELLS;5276;3
155700;Mark 55;SUBMISSION;VELVETFRUIT_EXTRACT;SEASHELLS;5276;4
155800;SUBMISSION;Mark 55;VELVETFRUIT_EXTRACT;SEASHELLS;5275;7
155900;Mark 38;SUBMISSION;VEV_4000;SEASHELLS;1280;2
164100;Mark 55;SUBMISSION;VELVETFRUIT_EXTRACT;SEASHELLS;5281;5
164200;SUBMISSION;Mark 55;VELVETFRUIT_EXTRACT;SEASHELLS;5279;7
166700;Mark 38;SUBMISSION;VEV_4000;SEASHELLS;1278;3
169200;SUBMISSION;Mark 38;VEV_4000;SEASHELLS;1266;3
170000;SUBMISSION;;VELVETFRUIT_EXTRACT;SEASHELLS;5268;15
170500;Mark 55;SUBMISSION;VELVETFRUIT_EXTRACT;SEASHELLS;5271;7
171500;SUBMISSION;Mark 55;VELVETFRUIT_EXTRACT;SEASHELLS;5272;7
172600;Mark 55;SUBMISSION;VELVETFRUIT_EXTRACT;SEASHELLS;5275;8
174000;Mark 55;SUBMISSION;VELVETFRUIT_EXTRACT;SEASHELLS;5277;6
175000;Mark 55;SUBMISSION;VELVETFRUIT_EXTRACT;SEASHELLS;5278;4
178200;SUBMISSION;Mark 55;VELVETFRUIT_EXTRACT;SEASHELLS;5273;3
179100;Mark 55;SUBMISSION;VELVETFRUIT_EXTRACT;SEASHELLS;5274;8
185500;Mark 55;SUBMISSION;VELVETFRUIT_EXTRACT;SEASHELLS;5261;5
188200;SUBMISSION;Mark 55;VELVETFRUIT_EXTRACT;SEASHELLS;5256;3
189700;SUBMISSION;Mark 55;VELVETFRUIT_EXTRACT;SEASHELLS;5258;6
190900;Mark 38;SUBMISSION;VEV_4000;SEASHELLS;1265;1
192700;SUBMISSION;Mark 38;VEV_4000;SEASHELLS;1258;2
194900;SUBMISSION;Mark 55;VELVETFRUIT_EXTRACT;SEASHELLS;5258;6
195200;Mark 38;SUBMISSION;VEV_4000;SEASHELLS;1265;2
195500;Mark 55;SUBMISSION;VELVETFRUIT_EXTRACT;SEASHELLS;5263;6
196700;SUBMISSION;Mark 55;VELVETFRUIT_EXTRACT;SEASHELLS;5262;6
196800;SUBMISSION;Mark 38;VEV_4000;SEASHELLS;1258;2
199400;SUBMISSION;;VELVETFRUIT_EXTRACT;SEASHELLS;5262;8
200400;SUBMISSION;Mark 38;VEV_4000;SEASHELLS;1257;1
201500;SUBMISSION;Mark 38;VEV_4000;SEASHELLS;1253;1
202300;SUBMISSION;Mark 38;VEV_4000;SEASHELLS;1254;1
203500;Mark 55;SUBMISSION;VELVETFRUIT_EXTRACT;SEASHELLS;5262;4
205000;SUBMISSION;Mark 22;VELVETFRUIT_EXTRACT;SEASHELLS;5264;5
206000;Mark 55;SUBMISSION;VELVETFRUIT_EXTRACT;SEASHELLS;5267;6
209400;SUBMISSION;Mark 55;VELVETFRUIT_EXTRACT;SEASHELLS;5266;4
211400;SUBMISSION;Mark 55;VELVETFRUIT_EXTRACT;SEASHELLS;5265;7
212100;Mark 55;SUBMISSION;VELVETFRUIT_EXTRACT;SEASHELLS;5270;4
212100;SUBMISSION;Mark 38;VEV_4000;SEASHELLS;1262;2
212900;SUBMISSION;Mark 55;VELVETFRUIT_EXTRACT;SEASHELLS;5267;5
217200;SUBMISSION;Mark 55;VELVETFRUIT_EXTRACT;SEASHELLS;5263;4
217800;SUBMISSION;Mark 55;VELVETFRUIT_EXTRACT;SEASHELLS;5261;6
220600;SUBMISSION;Mark 55;VELVETFRUIT_EXTRACT;SEASHELLS;5261;4
220800;Mark 55;SUBMISSION;VELVETFRUIT_EXTRACT;SEASHELLS;5264;6
221300;SUBMISSION;;VELVETFRUIT_EXTRACT;SEASHELLS;5258;9
225500;SUBMISSION;Mark 22;VEV_5300;SEASHELLS;50;3
229400;SUBMISSION;Mark 55;VELVETFRUIT_EXTRACT;SEASHELLS;5261;7
231600;SUBMISSION;Mark 55;VELVETFRUIT_EXTRACT;SEASHELLS;5263;5
231900;Mark 38;SUBMISSION;VEV_4000;SEASHELLS;1270;2
232000;Mark 55;SUBMISSION;VELVETFRUIT_EXTRACT;SEASHELLS;5266;8
237400;Mark 55;SUBMISSION;VELVETFRUIT_EXTRACT;SEASHELLS;5272;6
237700;Mark 55;SUBMISSION;VELVETFRUIT_EXTRACT;SEASHELLS;5272;8
242100;Mark 55;SUBMISSION;VELVETFRUIT_EXTRACT;SEASHELLS;5275;8
243500;Mark 55;SUBMISSION;VELVETFRUIT_EXTRACT;SEASHELLS;5273;4
244900;Mark 55;SUBMISSION;VELVETFRUIT_EXTRACT;SEASHELLS;5275;4
249400;Mark 38;SUBMISSION;VEV_4000;SEASHELLS;1281;3
249800;SUBMISSION;Mark 38;VEV_4000;SEASHELLS;1272;2
259500;SUBMISSION;Mark 55;VELVETFRUIT_EXTRACT;SEASHELLS;5274;4
263900;SUBMISSION;Mark 55;VELVETFRUIT_EXTRACT;SEASHELLS;5282;4
264200;;SUBMISSION;VEV_5100;SEASHELLS;192;25
264200;;SUBMISSION;VEV_5200;SEASHELLS;115;8
264200;;SUBMISSION;VEV_5200;SEASHELLS;114;17
264300;;SUBMISSION;VEV_5100;SEASHELLS;192;25
264400;;SUBMISSION;VEV_5100;SEASHELLS;192;26
264400;;SUBMISSION;VEV_5200;SEASHELLS;115;10
264400;;SUBMISSION;VEV_5200;SEASHELLS;114;16
264600;;SUBMISSION;VEV_5100;SEASHELLS;192;9
264600;;SUBMISSION;VEV_5100;SEASHELLS;191;17
265000;;SUBMISSION;VEV_5100;SEASHELLS;193;6
265000;;SUBMISSION;VEV_5100;SEASHELLS;192;12
265000;;SUBMISSION;VEV_5200;SEASHELLS;115;18
265100;SUBMISSION;Mark 55;VELVETFRUIT_EXTRACT;SEASHELLS;5286;6
265100;;SUBMISSION;VEV_5200;SEASHELLS;116;8
265100;;SUBMISSION;VEV_5200;SEASHELLS;115;21
265200;;SUBMISSION;VEV_5200;SEASHELLS;115;28
265500;SUBMISSION;Mark 55;VELVETFRUIT_EXTRACT;SEASHELLS;5286;6
265500;;SUBMISSION;VEV_4000;SEASHELLS;1287;3
265500;;SUBMISSION;VEV_4000;SEASHELLS;1277;14
265500;;SUBMISSION;VEV_4000;SEASHELLS;1274;13
265500;;SUBMISSION;VEV_4500;SEASHELLS;787;3
265500;;SUBMISSION;VEV_4500;SEASHELLS;779;8
265500;;SUBMISSION;VEV_4500;SEASHELLS;777;19
265500;;SUBMISSION;VEV_5000;SEASHELLS;289;3
265500;;SUBMISSION;VEV_5000;SEASHELLS;286;8
265500;;SUBMISSION;VEV_5000;SEASHELLS;285;19
265500;;SUBMISSION;VEV_5400;SEASHELLS;21;3
265500;;SUBMISSION;VEV_5400;SEASHELLS;20;23
265700;;SUBMISSION;VEV_4000;SEASHELLS;1286;4
265700;;SUBMISSION;VEV_4000;SEASHELLS;1276;8
265700;;SUBMISSION;VEV_4000;SEASHELLS;1274;18
265700;;SUBMISSION;VEV_4500;SEASHELLS;786;4
265700;;SUBMISSION;VEV_4500;SEASHELLS;779;10
265700;;SUBMISSION;VEV_4500;SEASHELLS;777;16
265700;;SUBMISSION;VEV_5000;SEASHELLS;288;4
265700;;SUBMISSION;VEV_5000;SEASHELLS;286;10
265700;;SUBMISSION;VEV_5000;SEASHELLS;285;16
266000;;SUBMISSION;VEV_5400;SEASHELLS;21;24
266300;;SUBMISSION;VEV_5400;SEASHELLS;21;18
266400;;SUBMISSION;VEV_5300;SEASHELLS;59;22
266800;SUBMISSION;Mark 38;VEV_4000;SEASHELLS;1280;1
267000;Mark 55;SUBMISSION;VELVETFRUIT_EXTRACT;SEASHELLS;5288;6
267400;SUBMISSION;Mark 55;VELVETFRUIT_EXTRACT;SEASHELLS;5284;4
268200;SUBMISSION;Mark 55;VELVETFRUIT_EXTRACT;SEASHELLS;5281;7
268600;SUBMISSION;Mark 55;VELVETFRUIT_EXTRACT;SEASHELLS;5282;5
269000;SUBMISSION;;VELVETFRUIT_EXTRACT;SEASHELLS;5278;9
269700;Mark 38;SUBMISSION;VEV_4000;SEASHELLS;1283;1
270500;Mark 38;SUBMISSION;VEV_4000;SEASHELLS;1286;1
271100;SUBMISSION;Mark 55;VELVETFRUIT_EXTRACT;SEASHELLS;5277;3
272700;SUBMISSION;Mark 55;VELVETFRUIT_EXTRACT;SEASHELLS;5278;3
272900;Mark 38;SUBMISSION;VEV_4000;SEASHELLS;1285;3
274300;Mark 55;SUBMISSION;VELVETFRUIT_EXTRACT;SEASHELLS;5279;8
274600;SUBMISSION;Mark 55;VELVETFRUIT_EXTRACT;SEASHELLS;5275;3
277900;SUBMISSION;Mark 38;VEV_4000;SEASHELLS;1264;3
278700;Mark 55;SUBMISSION;VELVETFRUIT_EXTRACT;SEASHELLS;5273;6
278800;Mark 55;SUBMISSION;VELVETFRUIT_EXTRACT;SEASHELLS;5275;4
280700;SUBMISSION;Mark 55;VELVETFRUIT_EXTRACT;SEASHELLS;5269;6
281100;Mark 38;SUBMISSION;VEV_4000;SEASHELLS;1273;1
282600;SUBMISSION;Mark 22;VELVETFRUIT_EXTRACT;SEASHELLS;5269;7
282600;Mark 55;SUBMISSION;VELVETFRUIT_EXTRACT;SEASHELLS;5271;6
283300;SUBMISSION;Mark 55;VELVETFRUIT_EXTRACT;SEASHELLS;5271;5
285600;Mark 55;SUBMISSION;VELVETFRUIT_EXTRACT;SEASHELLS;5277;4
286100;SUBMISSION;Mark 55;VELVETFRUIT_EXTRACT;SEASHELLS;5279;5
286900;SUBMISSION;Mark 38;VEV_4000;SEASHELLS;1271;3
288000;SUBMISSION;Mark 55;VELVETFRUIT_EXTRACT;SEASHELLS;5275;8
291800;SUBMISSION;Mark 55;VELVETFRUIT_EXTRACT;SEASHELLS;5268;4
293100;Mark 55;SUBMISSION;VELVETFRUIT_EXTRACT;SEASHELLS;5273;5
293400;Mark 55;SUBMISSION;VELVETFRUIT_EXTRACT;SEASHELLS;5272;5
293600;SUBMISSION;Mark 38;VEV_4000;SEASHELLS;1265;2
293700;SUBMISSION;Mark 55;VELVETFRUIT_EXTRACT;SEASHELLS;5268;8
296800;SUBMISSION;Mark 55;VELVETFRUIT_EXTRACT;SEASHELLS;5269;8
297000;;SUBMISSION;VELVETFRUIT_EXTRACT;SEASHELLS;5266;17
301000;SUBMISSION;Mark 55;VELVETFRUIT_EXTRACT;SEASHELLS;5268;8
301700;SUBMISSION;Mark 38;VEV_4000;SEASHELLS;1261;2
303100;SUBMISSION;Mark 38;VEV_4000;SEASHELLS;1261;1
305600;SUBMISSION;Mark 55;VELVETFRUIT_EXTRACT;SEASHELLS;5268;3
306000;Mark 55;SUBMISSION;VELVETFRUIT_EXTRACT;SEASHELLS;5273;5
307600;Mark 38;SUBMISSION;VEV_4000;SEASHELLS;1276;2
307900;SUBMISSION;Mark 55;VELVETFRUIT_EXTRACT;SEASHELLS;5269;8
308400;SUBMISSION;Mark 55;VELVETFRUIT_EXTRACT;SEASHELLS;5271;3
311200;SUBMISSION;Mark 55;VELVETFRUIT_EXTRACT;SEASHELLS;5266;8
318100;Mark 38;SUBMISSION;VEV_4000;SEASHELLS;1279;1
322300;Mark 38;SUBMISSION;VEV_4000;SEASHELLS;1277;2
323200;Mark 55;SUBMISSION;VELVETFRUIT_EXTRACT;SEASHELLS;5275;5
327600;Mark 55;SUBMISSION;VELVETFRUIT_EXTRACT;SEASHELLS;5265;5
328500;Mark 55;SUBMISSION;VELVETFRUIT_EXTRACT;SEASHELLS;5268;7
328700;Mark 55;SUBMISSION;VELVETFRUIT_EXTRACT;SEASHELLS;5267;5
328700;SUBMISSION;Mark 38;VEV_4000;SEASHELLS;1260;3
332600;Mark 55;SUBMISSION;VELVETFRUIT_EXTRACT;SEASHELLS;5273;8
333900;Mark 55;SUBMISSION;VELVETFRUIT_EXTRACT;SEASHELLS;5272;7
335400;Mark 55;SUBMISSION;VELVETFRUIT_EXTRACT;SEASHELLS;5270;6
336800;SUBMISSION;Mark 55;VELVETFRUIT_EXTRACT;SEASHELLS;5269;5
336900;SUBMISSION;;VELVETFRUIT_EXTRACT;SEASHELLS;5270;13
340500;SUBMISSION;Mark 38;VEV_4000;SEASHELLS;1262;3
341400;SUBMISSION;Mark 22;VEV_5500;SEASHELLS;7;2
344000;SUBMISSION;Mark 55;VELVETFRUIT_EXTRACT;SEASHELLS;5270;3
344600;SUBMISSION;Mark 55;VELVETFRUIT_EXTRACT;SEASHELLS;5266;7
344900;SUBMISSION;Mark 55;VELVETFRUIT_EXTRACT;SEASHELLS;5266;6
350600;Mark 55;SUBMISSION;VELVETFRUIT_EXTRACT;SEASHELLS;5265;5
352100;SUBMISSION;Mark 55;VELVETFRUIT_EXTRACT;SEASHELLS;5253;4
352300;Mark 55;SUBMISSION;VELVETFRUIT_EXTRACT;SEASHELLS;5256;8
353600;SUBMISSION;Mark 55;VELVETFRUIT_EXTRACT;SEASHELLS;5255;7
353800;SUBMISSION;Mark 55;VELVETFRUIT_EXTRACT;SEASHELLS;5258;7
356500;Mark 55;SUBMISSION;VELVETFRUIT_EXTRACT;SEASHELLS;5262;6
358300;SUBMISSION;Mark 55;VELVETFRUIT_EXTRACT;SEASHELLS;5262;7
358400;Mark 55;SUBMISSION;VELVETFRUIT_EXTRACT;SEASHELLS;5265;5
360000;Mark 55;SUBMISSION;VELVETFRUIT_EXTRACT;SEASHELLS;5266;7
361300;Mark 55;SUBMISSION;VELVETFRUIT_EXTRACT;SEASHELLS;5266;3
361600;SUBMISSION;Mark 55;VELVETFRUIT_EXTRACT;SEASHELLS;5261;5
362500;SUBMISSION;Mark 55;VELVETFRUIT_EXTRACT;SEASHELLS;5261;5
363300;Mark 38;SUBMISSION;VEV_4000;SEASHELLS;1267;1
364700;;SUBMISSION;VELVETFRUIT_EXTRACT;SEASHELLS;5256;17
368100;SUBMISSION;Mark 55;VELVETFRUIT_EXTRACT;SEASHELLS;5257;6
368200;Mark 38;SUBMISSION;VEV_4000;SEASHELLS;1265;2
370600;Mark 38;SUBMISSION;VEV_4000;SEASHELLS;1256;3
370700;SUBMISSION;Mark 38;VEV_4000;SEASHELLS;1246;2
372300;SUBMISSION;Mark 55;VELVETFRUIT_EXTRACT;SEASHELLS;5251;6
372300;Mark 38;SUBMISSION;VEV_4000;SEASHELLS;1259;2
373100;Mark 55;SUBMISSION;VELVETFRUIT_EXTRACT;SEASHELLS;5255;6
376700;SUBMISSION;Mark 55;VELVETFRUIT_EXTRACT;SEASHELLS;5251;7
377900;;SUBMISSION;VELVETFRUIT_EXTRACT;SEASHELLS;5248;13
382200;Mark 55;SUBMISSION;VELVETFRUIT_EXTRACT;SEASHELLS;5252;5
383100;Mark 55;SUBMISSION;VELVETFRUIT_EXTRACT;SEASHELLS;5253;6
386000;SUBMISSION;;VEV_5100;SEASHELLS;161;21
386200;SUBMISSION;;VEV_5100;SEASHELLS;159;8
386200;SUBMISSION;;VEV_5100;SEASHELLS;160;19
386200;SUBMISSION;;VEV_5200;SEASHELLS;89;27
386200;SUBMISSION;;VEV_5300;SEASHELLS;41;17
386300;SUBMISSION;;VEV_5000;SEASHELLS;249;6
386300;SUBMISSION;;VEV_5000;SEASHELLS;250;14
386300;SUBMISSION;;VEV_5100;SEASHELLS;158;20
386300;SUBMISSION;;VEV_5200;SEASHELLS;88;20
386300;SUBMISSION;;VEV_5300;SEASHELLS;41;20
386400;SUBMISSION;;VEV_5100;SEASHELLS;158;11
386400;SUBMISSION;;VEV_5100;SEASHELLS;159;19
386400;SUBMISSION;;VEV_5200;SEASHELLS;88;30
386400;SUBMISSION;;VEV_5300;SEASHELLS;41;18
386500;SUBMISSION;;VEV_5100;SEASHELLS;159;26
386500;SUBMISSION;;VEV_5200;SEASHELLS;88;11
386500;SUBMISSION;;VEV_5200;SEASHELLS;89;15
386800;SUBMISSION;;VEV_5000;SEASHELLS;249;12
386800;SUBMISSION;;VEV_5000;SEASHELLS;250;18
386900;SUBMISSION;;VEV_5000;SEASHELLS;248;8
386900;SUBMISSION;;VEV_5000;SEASHELLS;249;19
387000;SUBMISSION;;VEV_4500;SEASHELLS;748;11
387000;SUBMISSION;;VEV_4500;SEASHELLS;750;13
387000;SUBMISSION;;VEV_5000;SEASHELLS;247;11
387000;SUBMISSION;;VEV_5000;SEASHELLS;248;13
387100;SUBMISSION;;VEV_4000;SEASHELLS;1250;8
387100;SUBMISSION;;VEV_4000;SEASHELLS;1253;22
387100;SUBMISSION;;VEV_4500;SEASHELLS;748;11
387100;SUBMISSION;;VEV_4500;SEASHELLS;750;19
387300;SUBMISSION;;VEV_4000;SEASHELLS;1250;11
387300;SUBMISSION;;VEV_4000;SEASHELLS;1253;19
387300;SUBMISSION;;VEV_4500;SEASHELLS;748;12
387300;SUBMISSION;;VEV_4500;SEASHELLS;750;18
387400;SUBMISSION;;VEV_4000;SEASHELLS;1250;7
387400;SUBMISSION;;VEV_4000;SEASHELLS;1252;15
387400;SUBMISSION;;VEV_4500;SEASHELLS;747;9
387400;SUBMISSION;;VEV_4500;SEASHELLS;749;20
387400;SUBMISSION;;VEV_5000;SEASHELLS;246;9
387400;SUBMISSION;;VEV_5000;SEASHELLS;247;20
387800;SUBMISSION;;VEV_5200;SEASHELLS;87;19
388000;SUBMISSION;;VEV_4000;SEASHELLS;1249;10
388000;SUBMISSION;;VEV_4000;SEASHELLS;1252;20
389300;SUBMISSION;;VEV_5400;SEASHELLS;12;25
389400;SUBMISSION;;VEV_5400;SEASHELLS;12;19
389600;SUBMISSION;Mark 55;VELVETFRUIT_EXTRACT;SEASHELLS;5239;7
397200;SUBMISSION;;VEV_5400;SEASHELLS;11;8
397200;SUBMISSION;;VEV_5400;SEASHELLS;12;14
397300;SUBMISSION;;VEV_5400;SEASHELLS;11;8
397300;SUBMISSION;;VEV_5400;SEASHELLS;12;16
397400;SUBMISSION;;VEV_5400;SEASHELLS;11;18
397500;SUBMISSION;;VEV_5400;SEASHELLS;11;20
397600;SUBMISSION;;VEV_5500;SEASHELLS;4;6
397600;SUBMISSION;;VEV_5500;SEASHELLS;5;13
398700;SUBMISSION;;VEV_5500;SEASHELLS;4;7
398700;SUBMISSION;;VEV_5500;SEASHELLS;5;10
398800;SUBMISSION;;VEV_5500;SEASHELLS;4;22
401000;SUBMISSION;Mark 55;VELVETFRUIT_EXTRACT;SEASHELLS;5231;8
401500;Mark 55;SUBMISSION;VELVETFRUIT_EXTRACT;SEASHELLS;5232;7
406100;SUBMISSION;Mark 55;VELVETFRUIT_EXTRACT;SEASHELLS;5232;4
407000;SUBMISSION;Mark 55;VELVETFRUIT_EXTRACT;SEASHELLS;5226;4
421400;Mark 55;SUBMISSION;VELVETFRUIT_EXTRACT;SEASHELLS;5232;6
425300;Mark 55;SUBMISSION;VELVETFRUIT_EXTRACT;SEASHELLS;5237;3
427400;Mark 55;SUBMISSION;VELVETFRUIT_EXTRACT;SEASHELLS;5240;5
428400;Mark 38;SUBMISSION;VEV_4000;SEASHELLS;1243;1
432100;SUBMISSION;Mark 55;VELVETFRUIT_EXTRACT;SEASHELLS;5234;8
433000;SUBMISSION;Mark 55;VELVETFRUIT_EXTRACT;SEASHELLS;5239;4
434900;;SUBMISSION;VELVETFRUIT_EXTRACT;SEASHELLS;5236;3
436100;Mark 55;SUBMISSION;VELVETFRUIT_EXTRACT;SEASHELLS;5241;5
438300;SUBMISSION;Mark 38;VEV_4000;SEASHELLS;1235;3
438500;Mark 55;SUBMISSION;VELVETFRUIT_EXTRACT;SEASHELLS;5240;6
438900;Mark 38;SUBMISSION;VEV_4000;SEASHELLS;1244;3
441300;SUBMISSION;Mark 55;VELVETFRUIT_EXTRACT;SEASHELLS;5236;5
444200;Mark 55;SUBMISSION;VELVETFRUIT_EXTRACT;SEASHELLS;5243;6
448600;Mark 55;SUBMISSION;VELVETFRUIT_EXTRACT;SEASHELLS;5251;7
449500;SUBMISSION;Mark 38;VEV_4000;SEASHELLS;1243;2
449900;SUBMISSION;;VELVETFRUIT_EXTRACT;SEASHELLS;5248;15
453000;Mark 55;SUBMISSION;VELVETFRUIT_EXTRACT;SEASHELLS;5239;3
453800;SUBMISSION;Mark 55;VELVETFRUIT_EXTRACT;SEASHELLS;5238;7
454700;Mark 38;SUBMISSION;VEV_4000;SEASHELLS;1242;1
457600;Mark 55;SUBMISSION;VELVETFRUIT_EXTRACT;SEASHELLS;5241;3
460100;SUBMISSION;Mark 55;VELVETFRUIT_EXTRACT;SEASHELLS;5236;4
466000;SUBMISSION;Mark 55;VELVETFRUIT_EXTRACT;SEASHELLS;5235;3
466400;;SUBMISSION;VELVETFRUIT_EXTRACT;SEASHELLS;5232;4
468600;Mark 55;SUBMISSION;VELVETFRUIT_EXTRACT;SEASHELLS;5238;4
472900;Mark 55;SUBMISSION;VELVETFRUIT_EXTRACT;SEASHELLS;5237;6
473000;Mark 55;SUBMISSION;VELVETFRUIT_EXTRACT;SEASHELLS;5237;4
473800;Mark 55;SUBMISSION;VELVETFRUIT_EXTRACT;SEASHELLS;5238;3
474000;Mark 55;SUBMISSION;VELVETFRUIT_EXTRACT;SEASHELLS;5237;5
477300;SUBMISSION;Mark 55;VELVETFRUIT_EXTRACT;SEASHELLS;5245;8
480500;SUBMISSION;Mark 55;VELVETFRUIT_EXTRACT;SEASHELLS;5241;3
483400;Mark 55;SUBMISSION;VELVETFRUIT_EXTRACT;SEASHELLS;5248;3
486000;SUBMISSION;Mark 55;VELVETFRUIT_EXTRACT;SEASHELLS;5238;5
486200;Mark 55;SUBMISSION;VELVETFRUIT_EXTRACT;SEASHELLS;5241;8
486700;SUBMISSION;Mark 55;VELVETFRUIT_EXTRACT;SEASHELLS;5237;8
488600;Mark 38;SUBMISSION;VEV_4000;SEASHELLS;1242;2
490600;Mark 38;SUBMISSION;VEV_4000;SEASHELLS;1246;2
492000;SUBMISSION;Mark 55;VELVETFRUIT_EXTRACT;SEASHELLS;5242;5
493000;SUBMISSION;;VELVETFRUIT_EXTRACT;SEASHELLS;5240;4
493500;SUBMISSION;Mark 55;VELVETFRUIT_EXTRACT;SEASHELLS;5240;6
494300;Mark 55;SUBMISSION;VELVETFRUIT_EXTRACT;SEASHELLS;5243;6
499900;Mark 38;SUBMISSION;VEV_4000;SEASHELLS;1251;3
500000;Mark 55;SUBMISSION;VELVETFRUIT_EXTRACT;SEASHELLS;5247;3
501300;Mark 55;SUBMISSION;VELVETFRUIT_EXTRACT;SEASHELLS;5246;7
513600;Mark 55;SUBMISSION;VELVETFRUIT_EXTRACT;SEASHELLS;5243;5
519600;SUBMISSION;Mark 22;VEV_5200;SEASHELLS;87;4
519800;SUBMISSION;Mark 55;VELVETFRUIT_EXTRACT;SEASHELLS;5244;5
521000;Mark 38;SUBMISSION;VEV_4000;SEASHELLS;1252;1
524600;SUBMISSION;;VELVETFRUIT_EXTRACT;SEASHELLS;5244;9
527200;SUBMISSION;Mark 55;VELVETFRUIT_EXTRACT;SEASHELLS;5245;7
527300;Mark 55;SUBMISSION;VELVETFRUIT_EXTRACT;SEASHELLS;5247;5
529800;Mark 55;SUBMISSION;VELVETFRUIT_EXTRACT;SEASHELLS;5248;3
536500;Mark 38;SUBMISSION;VEV_4000;SEASHELLS;1247;2
538700;Mark 55;SUBMISSION;VELVETFRUIT_EXTRACT;SEASHELLS;5246;5
541400;Mark 55;SUBMISSION;VELVETFRUIT_EXTRACT;SEASHELLS;5242;8
543900;SUBMISSION;Mark 38;VEV_4000;SEASHELLS;1236;1
544700;Mark 55;SUBMISSION;VELVETFRUIT_EXTRACT;SEASHELLS;5242;8
545400;Mark 55;SUBMISSION;VELVETFRUIT_EXTRACT;SEASHELLS;5239;7
545900;Mark 55;SUBMISSION;VELVETFRUIT_EXTRACT;SEASHELLS;5237;5
548000;SUBMISSION;Mark 55;VELVETFRUIT_EXTRACT;SEASHELLS;5236;5
548900;Mark 55;SUBMISSION;VELVETFRUIT_EXTRACT;SEASHELLS;5239;7
551500;SUBMISSION;Mark 55;VELVETFRUIT_EXTRACT;SEASHELLS;5239;6
554600;SUBMISSION;Mark 55;VELVETFRUIT_EXTRACT;SEASHELLS;5241;7
555000;Mark 55;SUBMISSION;VELVETFRUIT_EXTRACT;SEASHELLS;5245;3
555700;SUBMISSION;Mark 55;VELVETFRUIT_EXTRACT;SEASHELLS;5240;7
556700;SUBMISSION;Mark 55;VELVETFRUIT_EXTRACT;SEASHELLS;5239;8
558800;Mark 55;SUBMISSION;VELVETFRUIT_EXTRACT;SEASHELLS;5240;8
558900;Mark 55;SUBMISSION;VELVETFRUIT_EXTRACT;SEASHELLS;5240;7
561100;SUBMISSION;Mark 55;VELVETFRUIT_EXTRACT;SEASHELLS;5235;6
561300;SUBMISSION;Mark 55;VELVETFRUIT_EXTRACT;SEASHELLS;5235;3
563200;SUBMISSION;Mark 38;VEV_4000;SEASHELLS;1234;3
563700;Mark 38;SUBMISSION;VEV_4000;SEASHELLS;1241;1
564900;SUBMISSION;Mark 55;VELVETFRUIT_EXTRACT;SEASHELLS;5234;6
566100;SUBMISSION;Mark 55;VELVETFRUIT_EXTRACT;SEASHELLS;5234;3
566300;Mark 55;SUBMISSION;VELVETFRUIT_EXTRACT;SEASHELLS;5234;5
568900;SUBMISSION;;VELVETFRUIT_EXTRACT;SEASHELLS;5228;14
569800;SUBMISSION;Mark 55;VELVETFRUIT_EXTRACT;SEASHELLS;5226;5
573500;SUBMISSION;Mark 55;VELVETFRUIT_EXTRACT;SEASHELLS;5233;5
573500;SUBMISSION;Mark 38;VEV_4000;SEASHELLS;1229;2
573700;Mark 55;SUBMISSION;VELVETFRUIT_EXTRACT;SEASHELLS;5236;3
576500;SUBMISSION;Mark 55;VELVETFRUIT_EXTRACT;SEASHELLS;5226;7
577700;SUBMISSION;Mark 55;VELVETFRUIT_EXTRACT;SEASHELLS;5224;8
578300;SUBMISSION;Mark 55;VELVETFRUIT_EXTRACT;SEASHELLS;5224;8
587200;Mark 55;SUBMISSION;VELVETFRUIT_EXTRACT;SEASHELLS;5213;6
588400;Mark 55;SUBMISSION;VELVETFRUIT_EXTRACT;SEASHELLS;5216;5
589400;SUBMISSION;Mark 55;VELVETFRUIT_EXTRACT;SEASHELLS;5213;3
592000;Mark 55;SUBMISSION;VELVETFRUIT_EXTRACT;SEASHELLS;5222;6
600300;Mark 38;SUBMISSION;VEV_4000;SEASHELLS;1249;2
604500;Mark 55;SUBMISSION;VELVETFRUIT_EXTRACT;SEASHELLS;5244;7
605100;SUBMISSION;Mark 38;VEV_4000;SEASHELLS;1238;3
607400;Mark 38;SUBMISSION;VEV_4000;SEASHELLS;1254;2
608800;Mark 55;SUBMISSION;VELVETFRUIT_EXTRACT;SEASHELLS;5254;3
610900;SUBMISSION;Mark 38;VEV_4000;SEASHELLS;1244;3
612300;SUBMISSION;Mark 55;VELVETFRUIT_EXTRACT;SEASHELLS;5242;8
616700;Mark 55;SUBMISSION;VELVETFRUIT_EXTRACT;SEASHELLS;5236;4
617200;Mark 55;SUBMISSION;VELVETFRUIT_EXTRACT;SEASHELLS;5236;6
620800;Mark 55;SUBMISSION;VELVETFRUIT_EXTRACT;SEASHELLS;5233;4
624000;SUBMISSION;Mark 38;VEV_4000;SEASHELLS;1231;2
624200;SUBMISSION;Mark 38;VEV_4000;SEASHELLS;1231;2
625900;Mark 38;SUBMISSION;VEV_4000;SEASHELLS;1248;2
626300;Mark 55;SUBMISSION;VELVETFRUIT_EXTRACT;SEASHELLS;5247;5
627100;Mark 38;SUBMISSION;VEV_4000;SEASHELLS;1249;3
627400;Mark 55;SUBMISSION;VELVETFRUIT_EXTRACT;SEASHELLS;5245;7
629200;SUBMISSION;Mark 55;VELVETFRUIT_EXTRACT;SEASHELLS;5244;5
630800;SUBMISSION;;VELVETFRUIT_EXTRACT;SEASHELLS;5242;7
634400;Mark 55;SUBMISSION;VELVETFRUIT_EXTRACT;SEASHELLS;5244;5
635100;SUBMISSION;Mark 38;VEV_4000;SEASHELLS;1240;3
636200;SUBMISSION;;VELVETFRUIT_EXTRACT;SEASHELLS;5246;5
637900;Mark 38;SUBMISSION;VEV_4000;SEASHELLS;1251;3
641500;Mark 55;SUBMISSION;VELVETFRUIT_EXTRACT;SEASHELLS;5247;5
643000;SUBMISSION;Mark 55;VELVETFRUIT_EXTRACT;SEASHELLS;5240;6
643300;Mark 38;SUBMISSION;VEV_4000;SEASHELLS;1247;1
648700;SUBMISSION;Mark 38;VEV_4000;SEASHELLS;1240;3
650200;Mark 55;SUBMISSION;VELVETFRUIT_EXTRACT;SEASHELLS;5245;6
651100;SUBMISSION;;VELVETFRUIT_EXTRACT;SEASHELLS;5240;5
651300;Mark 55;SUBMISSION;VELVETFRUIT_EXTRACT;SEASHELLS;5246;8
653800;Mark 55;SUBMISSION;VELVETFRUIT_EXTRACT;SEASHELLS;5251;5
658100;Mark 38;SUBMISSION;VEV_4000;SEASHELLS;1258;3
658300;SUBMISSION;Mark 55;VELVETFRUIT_EXTRACT;SEASHELLS;5250;3
662600;Mark 55;SUBMISSION;VELVETFRUIT_EXTRACT;SEASHELLS;5250;6
667800;Mark 55;SUBMISSION;VELVETFRUIT_EXTRACT;SEASHELLS;5261;5
669900;Mark 38;SUBMISSION;VEV_4000;SEASHELLS;1270;3
672600;Mark 55;SUBMISSION;VELVETFRUIT_EXTRACT;SEASHELLS;5270;3
673000;SUBMISSION;Mark 55;VELVETFRUIT_EXTRACT;SEASHELLS;5271;5
673600;Mark 55;SUBMISSION;VELVETFRUIT_EXTRACT;SEASHELLS;5274;6
675600;Mark 55;SUBMISSION;VELVETFRUIT_EXTRACT;SEASHELLS;5271;7
676600;Mark 38;SUBMISSION;VEV_4000;SEASHELLS;1274;2
679500;;SUBMISSION;VEV_5100;SEASHELLS;183;11
679500;;SUBMISSION;VEV_5100;SEASHELLS;182;15
679700;;SUBMISSION;VEV_5100;SEASHELLS;183;24
679800;;SUBMISSION;VEV_5100;SEASHELLS;183;9
679800;;SUBMISSION;VEV_5100;SEASHELLS;182;21
679900;;SUBMISSION;VEV_5100;SEASHELLS;183;12
679900;;SUBMISSION;VEV_5100;SEASHELLS;182;18
681300;;SUBMISSION;VEV_4000;SEASHELLS;1278;2
681300;;SUBMISSION;VEV_4000;SEASHELLS;1267;11
681300;;SUBMISSION;VEV_4000;SEASHELLS;1265;15
681300;;SUBMISSION;VEV_4500;SEASHELLS;778;2
681300;;SUBMISSION;VEV_4500;SEASHELLS;770;7
681300;;SUBMISSION;VEV_4500;SEASHELLS;768;14
681300;;SUBMISSION;VEV_5000;SEASHELLS;280;2
681300;;SUBMISSION;VEV_5000;SEASHELLS;277;7
681300;;SUBMISSION;VEV_5000;SEASHELLS;276;14
681400;;SUBMISSION;VEV_5000;SEASHELLS;278;8
681400;;SUBMISSION;VEV_5000;SEASHELLS;277;18
681500;;SUBMISSION;VEV_5000;SEASHELLS;277;8
681500;;SUBMISSION;VEV_5000;SEASHELLS;276;17
681700;;SUBMISSION;VEV_5000;SEASHELLS;277;8
681700;;SUBMISSION;VEV_5000;SEASHELLS;276;19
681900;;SUBMISSION;VEV_5000;SEASHELLS;277;9
681900;;SUBMISSION;VEV_5000;SEASHELLS;276;21
682100;;SUBMISSION;VEV_5200;SEASHELLS;107;12
682100;;SUBMISSION;VEV_5200;SEASHELLS;106;18
682200;;SUBMISSION;VEV_4000;SEASHELLS;1270;8
682200;;SUBMISSION;VEV_4000;SEASHELLS;1268;22
682200;;SUBMISSION;VEV_4500;SEASHELLS;773;7
682200;;SUBMISSION;VEV_4500;SEASHELLS;771;21
682200;;SUBMISSION;VEV_5200;SEASHELLS;108;7
682200;;SUBMISSION;VEV_5200;SEASHELLS;107;21
682300;;SUBMISSION;VEV_4000;SEASHELLS;1269;10
682300;;SUBMISSION;VEV_4000;SEASHELLS;1267;20
682300;;SUBMISSION;VEV_4500;SEASHELLS;772;9
682300;;SUBMISSION;VEV_4500;SEASHELLS;770;13
682300;;SUBMISSION;VEV_5200;SEASHELLS;107;22
682700;;SUBMISSION;VEV_4000;SEASHELLS;1269;7
682700;;SUBMISSION;VEV_4000;SEASHELLS;1267;23
682700;;SUBMISSION;VEV_4500;SEASHELLS;772;6
682700;;SUBMISSION;VEV_4500;SEASHELLS;770;17
682700;;SUBMISSION;VEV_5200;SEASHELLS;107;23
682800;Mark 55;SUBMISSION;VELVETFRUIT_EXTRACT;SEASHELLS;5282;6
682800;;SUBMISSION;VEV_4500;SEASHELLS;772;7
682800;;SUBMISSION;VEV_4500;SEASHELLS;770;12
682800;;SUBMISSION;VEV_5200;SEASHELLS;107;19
683900;Mark 55;SUBMISSION;VELVETFRUIT_EXTRACT;SEASHELLS;5282;3
684500;SUBMISSION;Mark 55;VELVETFRUIT_EXTRACT;SEASHELLS;5274;7
686400;SUBMISSION;Mark 55;VELVETFRUIT_EXTRACT;SEASHELLS;5275;8
688500;SUBMISSION;Mark 55;VELVETFRUIT_EXTRACT;SEASHELLS;5273;3
690500;SUBMISSION;Mark 38;VEV_4000;SEASHELLS;1268;1
690600;Mark 55;SUBMISSION;VELVETFRUIT_EXTRACT;SEASHELLS;5274;5
691200;SUBMISSION;Mark 55;VELVETFRUIT_EXTRACT;SEASHELLS;5272;7
692000;Mark 38;SUBMISSION;VEV_4000;SEASHELLS;1277;1
692100;Mark 55;SUBMISSION;VELVETFRUIT_EXTRACT;SEASHELLS;5271;8
692500;SUBMISSION;Mark 55;VELVETFRUIT_EXTRACT;SEASHELLS;5269;6
693900;Mark 55;SUBMISSION;VELVETFRUIT_EXTRACT;SEASHELLS;5270;3
694400;Mark 55;SUBMISSION;VELVETFRUIT_EXTRACT;SEASHELLS;5270;3
695900;SUBMISSION;;VELVETFRUIT_EXTRACT;SEASHELLS;5266;11
697600;SUBMISSION;;VELVETFRUIT_EXTRACT;SEASHELLS;5272;9
699800;SUBMISSION;Mark 38;VEV_4000;SEASHELLS;1265;3
701000;SUBMISSION;Mark 55;VELVETFRUIT_EXTRACT;SEASHELLS;5264;4
702100;Mark 55;SUBMISSION;VELVETFRUIT_EXTRACT;SEASHELLS;5264;5
702200;SUBMISSION;Mark 55;VELVETFRUIT_EXTRACT;SEASHELLS;5261;3
704600;Mark 55;SUBMISSION;VELVETFRUIT_EXTRACT;SEASHELLS;5264;8
705100;Mark 55;SUBMISSION;VELVETFRUIT_EXTRACT;SEASHELLS;5266;7
705700;SUBMISSION;Mark 55;VELVETFRUIT_EXTRACT;SEASHELLS;5262;4
711200;SUBMISSION;Mark 38;VEV_4000;SEASHELLS;1253;3
713000;Mark 55;SUBMISSION;VELVETFRUIT_EXTRACT;SEASHELLS;5254;8
715300;SUBMISSION;;VELVETFRUIT_EXTRACT;SEASHELLS;5244;8
716100;SUBMISSION;;VELVETFRUIT_EXTRACT;SEASHELLS;5248;14
717300;SUBMISSION;;VELVETFRUIT_EXTRACT;SEASHELLS;5244;4
720700;SUBMISSION;;VEV_5200;SEASHELLS;82;24
722300;Mark 55;SUBMISSION;VELVETFRUIT_EXTRACT;SEASHELLS;5241;4
723600;SUBMISSION;;VEV_5200;SEASHELLS;81;19
723700;SUBMISSION;;VEV_5200;SEASHELLS;81;25
723800;SUBMISSION;;VEV_5100;SEASHELLS;151;6
723800;SUBMISSION;;VEV_5100;SEASHELLS;152;23
723800;SUBMISSION;;VEV_5200;SEASHELLS;81;29
724000;SUBMISSION;;VEV_5200;SEASHELLS;81;25
724100;SUBMISSION;;VEV_5100;SEASHELLS;151;30
724400;SUBMISSION;;VEV_5100;SEASHELLS;151;22
725500;SUBMISSION;;VEV_5100;SEASHELLS;151;30
726100;SUBMISSION;Mark 55;VELVETFRUIT_EXTRACT;SEASHELLS;5232;5
726300;SUBMISSION;;VEV_5000;SEASHELLS;238;8
726300;SUBMISSION;;VEV_5000;SEASHELLS;239;12
726400;SUBMISSION;;VEV_5000;SEASHELLS;237;11
726400;SUBMISSION;;VEV_5000;SEASHELLS;238;12
726500;SUBMISSION;;VEV_5000;SEASHELLS;238;27
726600;SUBMISSION;;VEV_4000;SEASHELLS;1229;2
726600;SUBMISSION;;VEV_4000;SEASHELLS;1240;10
726600;SUBMISSION;;VEV_4000;SEASHELLS;1243;18
726600;SUBMISSION;;VEV_4500;SEASHELLS;729;2
726600;SUBMISSION;;VEV_4500;SEASHELLS;738;10
726600;SUBMISSION;;VEV_4500;SEASHELLS;740;18
726600;SUBMISSION;;VEV_5000;SEASHELLS;234;2
726600;SUBMISSION;;VEV_5000;SEASHELLS;237;10
726600;SUBMISSION;;VEV_5000;SEASHELLS;238;18
726700;SUBMISSION;;VEV_4000;SEASHELLS;1240;12
726700;SUBMISSION;;VEV_4000;SEASHELLS;1242;18
726700;SUBMISSION;;VEV_4500;SEASHELLS;737;6
726700;SUBMISSION;;VEV_4500;SEASHELLS;739;23
726700;SUBMISSION;;VEV_5000;SEASHELLS;237;29
727900;SUBMISSION;Mark 38;VEV_4000;SEASHELLS;1227;2
728900;SUBMISSION;;VEV_4000;SEASHELLS;1239;15
728900;SUBMISSION;;VEV_4000;SEASHELLS;1242;15
728900;SUBMISSION;;VEV_4500;SEASHELLS;737;6
728900;SUBMISSION;;VEV_4500;SEASHELLS;739;20
729400;SUBMISSION;;VEV_4000;SEASHELLS;1240;10
729400;SUBMISSION;;VEV_4000;SEASHELLS;1242;15
729400;SUBMISSION;;VEV_4500;SEASHELLS;737;12
729400;SUBMISSION;;VEV_4500;SEASHELLS;739;18
730300;SUBMISSION;Mark 55;VELVETFRUIT_EXTRACT;SEASHELLS;5224;5
735100;SUBMISSION;Mark 55;VELVETFRUIT_EXTRACT;SEASHELLS;5228;3
735900;;SUBMISSION;VELVETFRUIT_EXTRACT;SEASHELLS;5228;9
737500;Mark 55;SUBMISSION;VELVETFRUIT_EXTRACT;SEASHELLS;5225;3
737600;SUBMISSION;Mark 55;VELVETFRUIT_EXTRACT;SEASHELLS;5222;5
738000;SUBMISSION;Mark 55;VELVETFRUIT_EXTRACT;SEASHELLS;5221;8
738500;SUBMISSION;Mark 55;VELVETFRUIT_EXTRACT;SEASHELLS;5217;4
738800;SUBMISSION;Mark 55;VELVETFRUIT_EXTRACT;SEASHELLS;5216;3
739900;Mark 55;SUBMISSION;VELVETFRUIT_EXTRACT;SEASHELLS;5216;4
742000;SUBMISSION;Mark 55;VELVETFRUIT_EXTRACT;SEASHELLS;5214;8
751300;SUBMISSION;Mark 55;VELVETFRUIT_EXTRACT;SEASHELLS;5212;5
758100;SUBMISSION;Mark 55;VELVETFRUIT_EXTRACT;SEASHELLS;5214;8
761800;SUBMISSION;Mark 55;VELVETFRUIT_EXTRACT;SEASHELLS;5225;7
762600;SUBMISSION;Mark 55;VELVETFRUIT_EXTRACT;SEASHELLS;5226;6
762800;Mark 55;SUBMISSION;VELVETFRUIT_EXTRACT;SEASHELLS;5230;6
766000;Mark 55;SUBMISSION;VELVETFRUIT_EXTRACT;SEASHELLS;5227;4
771800;Mark 55;SUBMISSION;VELVETFRUIT_EXTRACT;SEASHELLS;5236;6
773800;SUBMISSION;Mark 55;VELVETFRUIT_EXTRACT;SEASHELLS;5235;8
774200;Mark 38;SUBMISSION;VEV_4000;SEASHELLS;1239;2
775500;Mark 55;SUBMISSION;VELVETFRUIT_EXTRACT;SEASHELLS;5241;7
781100;Mark 55;SUBMISSION;VELVETFRUIT_EXTRACT;SEASHELLS;5240;7
781500;SUBMISSION;Mark 55;VELVETFRUIT_EXTRACT;SEASHELLS;5236;7
783400;SUBMISSION;Mark 55;VELVETFRUIT_EXTRACT;SEASHELLS;5239;6
787000;Mark 55;SUBMISSION;VELVETFRUIT_EXTRACT;SEASHELLS;5250;6
791700;SUBMISSION;Mark 55;VELVETFRUIT_EXTRACT;SEASHELLS;5244;6
796100;Mark 55;SUBMISSION;VELVETFRUIT_EXTRACT;SEASHELLS;5244;5
796600;Mark 55;SUBMISSION;VELVETFRUIT_EXTRACT;SEASHELLS;5243;7
796800;SUBMISSION;Mark 38;VEV_4000;SEASHELLS;1233;1
798800;;SUBMISSION;VELVETFRUIT_EXTRACT;SEASHELLS;5240;16
798900;Mark 55;SUBMISSION;VELVETFRUIT_EXTRACT;SEASHELLS;5244;8
800000;Mark 38;SUBMISSION;VEV_4000;SEASHELLS;1255;1
802600;SUBMISSION;Mark 55;VELVETFRUIT_EXTRACT;SEASHELLS;5253;7
803000;Mark 55;SUBMISSION;VELVETFRUIT_EXTRACT;SEASHELLS;5256;3
805000;Mark 55;SUBMISSION;VELVETFRUIT_EXTRACT;SEASHELLS;5258;3
805600;SUBMISSION;Mark 38;VEV_4000;SEASHELLS;1251;2
807300;Mark 55;SUBMISSION;VELVETFRUIT_EXTRACT;SEASHELLS;5262;6
808200;SUBMISSION;Mark 38;VEV_4000;SEASHELLS;1258;2
809100;SUBMISSION;Mark 38;VEV_4000;SEASHELLS;1253;3
810000;Mark 55;SUBMISSION;VELVETFRUIT_EXTRACT;SEASHELLS;5255;5
812300;SUBMISSION;Mark 55;VELVETFRUIT_EXTRACT;SEASHELLS;5246;8
812600;Mark 55;SUBMISSION;VELVETFRUIT_EXTRACT;SEASHELLS;5250;5
813500;SUBMISSION;Mark 55;VELVETFRUIT_EXTRACT;SEASHELLS;5241;4
815900;Mark 55;SUBMISSION;VELVETFRUIT_EXTRACT;SEASHELLS;5245;3
816800;Mark 38;SUBMISSION;VEV_4000;SEASHELLS;1248;3
819500;SUBMISSION;Mark 55;VELVETFRUIT_EXTRACT;SEASHELLS;5249;7
819600;SUBMISSION;Mark 38;VEV_4000;SEASHELLS;1246;3
822500;Mark 55;SUBMISSION;VELVETFRUIT_EXTRACT;SEASHELLS;5254;5
823500;Mark 55;SUBMISSION;VELVETFRUIT_EXTRACT;SEASHELLS;5253;8
823600;SUBMISSION;Mark 38;VEV_4000;SEASHELLS;1246;3
825200;Mark 55;SUBMISSION;VELVETFRUIT_EXTRACT;SEASHELLS;5255;4
825500;Mark 38;SUBMISSION;VEV_4000;SEASHELLS;1261;3
825600;Mark 55;SUBMISSION;VELVETFRUIT_EXTRACT;SEASHELLS;5258;6
825700;Mark 55;SUBMISSION;VELVETFRUIT_EXTRACT;SEASHELLS;5258;6
827300;Mark 38;SUBMISSION;VEV_4000;SEASHELLS;1259;2
827900;Mark 55;SUBMISSION;VELVETFRUIT_EXTRACT;SEASHELLS;5255;3
828400;Mark 55;SUBMISSION;VELVETFRUIT_EXTRACT;SEASHELLS;5257;3
829800;Mark 55;SUBMISSION;VELVETFRUIT_EXTRACT;SEASHELLS;5253;7
830500;SUBMISSION;;VELVETFRUIT_EXTRACT;SEASHELLS;5252;11
831300;Mark 55;SUBMISSION;VELVETFRUIT_EXTRACT;SEASHELLS;5256;3
833300;Mark 38;SUBMISSION;VEV_4000;SEASHELLS;1260;2
833700;Mark 55;SUBMISSION;VELVETFRUIT_EXTRACT;SEASHELLS;5257;5
836300;SUBMISSION;Mark 22;VEV_5300;SEASHELLS;43;1
836500;SUBMISSION;Mark 55;VELVETFRUIT_EXTRACT;SEASHELLS;5257;4
840900;SUBMISSION;;VELVETFRUIT_EXTRACT;SEASHELLS;5256;11
841800;SUBMISSION;Mark 49;VELVETFRUIT_EXTRACT;SEASHELLS;5259;8
844300;Mark 55;SUBMISSION;VELVETFRUIT_EXTRACT;SEASHELLS;5261;7
844800;SUBMISSION;Mark 55;VELVETFRUIT_EXTRACT;SEASHELLS;5261;5
845400;SUBMISSION;Mark 55;VELVETFRUIT_EXTRACT;SEASHELLS;5260;7
848300;Mark 55;SUBMISSION;VELVETFRUIT_EXTRACT;SEASHELLS;5259;7
850200;SUBMISSION;Mark 38;VEV_4000;SEASHELLS;1252;1
859700;SUBMISSION;;VELVETFRUIT_EXTRACT;SEASHELLS;5252;13
860300;SUBMISSION;Mark 55;VELVETFRUIT_EXTRACT;SEASHELLS;5254;3
861000;SUBMISSION;Mark 55;VELVETFRUIT_EXTRACT;SEASHELLS;5253;4
873800;;SUBMISSION;VELVETFRUIT_EXTRACT;SEASHELLS;5244;5
874800;SUBMISSION;Mark 55;VELVETFRUIT_EXTRACT;SEASHELLS;5248;8
875900;Mark 38;SUBMISSION;VEV_4000;SEASHELLS;1254;1
878000;SUBMISSION;Mark 55;VELVETFRUIT_EXTRACT;SEASHELLS;5244;4
879100;SUBMISSION;Mark 38;VEV_4000;SEASHELLS;1242;2
880000;SUBMISSION;Mark 38;VEV_4000;SEASHELLS;1247;3
881200;Mark 55;SUBMISSION;VELVETFRUIT_EXTRACT;SEASHELLS;5252;4
883000;SUBMISSION;Mark 55;VELVETFRUIT_EXTRACT;SEASHELLS;5252;4
884100;SUBMISSION;Mark 38;VEV_4000;SEASHELLS;1251;2
886000;Mark 55;SUBMISSION;VELVETFRUIT_EXTRACT;SEASHELLS;5264;3
887000;Mark 55;SUBMISSION;VELVETFRUIT_EXTRACT;SEASHELLS;5267;4
887900;;SUBMISSION;VELVETFRUIT_EXTRACT;SEASHELLS;5268;5
889900;SUBMISSION;Mark 55;VELVETFRUIT_EXTRACT;SEASHELLS;5263;3
891400;Mark 55;SUBMISSION;VELVETFRUIT_EXTRACT;SEASHELLS;5267;4
891800;Mark 55;SUBMISSION;VELVETFRUIT_EXTRACT;SEASHELLS;5271;7
892900;Mark 55;SUBMISSION;VELVETFRUIT_EXTRACT;SEASHELLS;5274;5
893100;;SUBMISSION;VEV_5100;SEASHELLS;182;25
893200;;SUBMISSION;VEV_5100;SEASHELLS;183;7
893200;;SUBMISSION;VEV_5100;SEASHELLS;182;14
893300;;SUBMISSION;VEV_5000;SEASHELLS;275;12
893300;;SUBMISSION;VEV_5000;SEASHELLS;274;18
893300;;SUBMISSION;VEV_5100;SEASHELLS;183;12
893300;;SUBMISSION;VEV_5100;SEASHELLS;182;18
893400;;SUBMISSION;VEV_5100;SEASHELLS;182;26
893500;;SUBMISSION;VEV_5100;SEASHELLS;182;6
893500;;SUBMISSION;VEV_5100;SEASHELLS;181;16
894100;;SUBMISSION;VEV_5000;SEASHELLS;275;11
894100;;SUBMISSION;VEV_5000;SEASHELLS;274;19
894200;;SUBMISSION;VEV_5000;SEASHELLS;276;11
894200;;SUBMISSION;VEV_5000;SEASHELLS;275;19
894800;Mark 38;SUBMISSION;VEV_4000;SEASHELLS;1277;2
897600;;SUBMISSION;VEV_5000;SEASHELLS;275;22
897900;;SUBMISSION;VEV_5000;SEASHELLS;276;7
897900;;SUBMISSION;VEV_5000;SEASHELLS;275;12
898100;SUBMISSION;Mark 55;VELVETFRUIT_EXTRACT;SEASHELLS;5278;8
898100;;SUBMISSION;VEV_4000;SEASHELLS;1268;9
898100;;SUBMISSION;VEV_4000;SEASHELLS;1266;18
898100;;SUBMISSION;VEV_4500;SEASHELLS;771;12
898100;;SUBMISSION;VEV_4500;SEASHELLS;769;18
898100;;SUBMISSION;VEV_5200;SEASHELLS;106;30
898200;;SUBMISSION;VEV_4000;SEASHELLS;1267;12
898200;;SUBMISSION;VEV_4000;SEASHELLS;1265;18
898200;;SUBMISSION;VEV_4500;SEASHELLS;770;8
898200;;SUBMISSION;VEV_4500;SEASHELLS;768;13
898200;;SUBMISSION;VEV_5200;SEASHELLS;105;21
898300;;SUBMISSION;VEV_4000;SEASHELLS;1269;13
898300;;SUBMISSION;VEV_4000;SEASHELLS;1267;17
898300;;SUBMISSION;VEV_4500;SEASHELLS;772;9
898300;;SUBMISSION;VEV_4500;SEASHELLS;770;21
898300;;SUBMISSION;VEV_5200;SEASHELLS;107;30
898400;;SUBMISSION;VEV_4000;SEASHELLS;1271;14
898400;;SUBMISSION;VEV_4000;SEASHELLS;1268;16
898400;;SUBMISSION;VEV_4500;SEASHELLS;773;10
898400;;SUBMISSION;VEV_4500;SEASHELLS;771;14
898400;;SUBMISSION;VEV_5200;SEASHELLS;108;24
898500;;SUBMISSION;VEV_5200;SEASHELLS;108;30
899300;;SUBMISSION;VEV_5300;SEASHELLS;53;6
899300;;SUBMISSION;VEV_5300;SEASHELLS;52;17
899500;;SUBMISSION;VEV_5300;SEASHELLS;53;21
899600;;SUBMISSION;VEV_5300;SEASHELLS;53;6
899600;;SUBMISSION;VEV_5300;SEASHELLS;52;15
899700;;SUBMISSION;VEV_5300;SEASHELLS;53;22
899800;;SUBMISSION;VEV_5300;SEASHELLS;54;5
899800;;SUBMISSION;VEV_5300;SEASHELLS;53;13
899900;;SUBMISSION;VEV_5300;SEASHELLS;54;8
899900;;SUBMISSION;VEV_5300;SEASHELLS;53;15
900000;;SUBMISSION;VEV_5400;SEASHELLS;18;27
900100;;SUBMISSION;VEV_5400;SEASHELLS;18;25
900200;;SUBMISSION;VEV_5400;SEASHELLS;18;9
900200;;SUBMISSION;VEV_5400;SEASHELLS;17;14
900300;;SUBMISSION;VEV_5400;SEASHELLS;18;25
900500;SUBMISSION;Mark 55;VELVETFRUIT_EXTRACT;SEASHELLS;5283;3
901000;SUBMISSION;Mark 55;VELVETFRUIT_EXTRACT;SEASHELLS;5282;8
901700;Mark 55;SUBMISSION;VELVETFRUIT_EXTRACT;SEASHELLS;5283;4
901800;SUBMISSION;Mark 55;VELVETFRUIT_EXTRACT;SEASHELLS;5280;8
904000;Mark 55;SUBMISSION;VELVETFRUIT_EXTRACT;SEASHELLS;5284;5
906500;Mark 55;SUBMISSION;VELVETFRUIT_EXTRACT;SEASHELLS;5279;7
912000;SUBMISSION;;VELVETFRUIT_EXTRACT;SEASHELLS;5276;2
914600;Mark 55;SUBMISSION;VELVETFRUIT_EXTRACT;SEASHELLS;5284;8
915400;SUBMISSION;Mark 55;VELVETFRUIT_EXTRACT;SEASHELLS;5282;7
915800;;SUBMISSION;VEV_5400;SEASHELLS;18;8
915800;;SUBMISSION;VEV_5400;SEASHELLS;17;18
918800;Mark 55;SUBMISSION;VELVETFRUIT_EXTRACT;SEASHELLS;5285;8
922100;Mark 55;SUBMISSION;VELVETFRUIT_EXTRACT;SEASHELLS;5288;4
924100;SUBMISSION;Mark 55;VELVETFRUIT_EXTRACT;SEASHELLS;5286;6
927200;Mark 55;SUBMISSION;VELVETFRUIT_EXTRACT;SEASHELLS;5282;3
929100;SUBMISSION;Mark 55;VELVETFRUIT_EXTRACT;SEASHELLS;5278;8
929900;Mark 55;SUBMISSION;VELVETFRUIT_EXTRACT;SEASHELLS;5278;7
933200;SUBMISSION;Mark 55;VELVETFRUIT_EXTRACT;SEASHELLS;5276;6
936000;SUBMISSION;Mark 55;VELVETFRUIT_EXTRACT;SEASHELLS;5274;7
936600;SUBMISSION;Mark 55;VELVETFRUIT_EXTRACT;SEASHELLS;5271;8
942700;SUBMISSION;Mark 55;VELVETFRUIT_EXTRACT;SEASHELLS;5270;3
942800;Mark 55;SUBMISSION;VELVETFRUIT_EXTRACT;SEASHELLS;5273;4
945100;Mark 55;SUBMISSION;VELVETFRUIT_EXTRACT;SEASHELLS;5277;8
945400;Mark 55;SUBMISSION;VELVETFRUIT_EXTRACT;SEASHELLS;5278;3
947900;SUBMISSION;Mark 55;VELVETFRUIT_EXTRACT;SEASHELLS;5276;5
948500;SUBMISSION;Mark 22;VEV_5300;SEASHELLS;49;4
948800;Mark 55;SUBMISSION;VELVETFRUIT_EXTRACT;SEASHELLS;5277;7
948900;Mark 55;SUBMISSION;VELVETFRUIT_EXTRACT;SEASHELLS;5277;5
955900;SUBMISSION;Mark 55;VELVETFRUIT_EXTRACT;SEASHELLS;5274;6
957400;SUBMISSION;Mark 55;VELVETFRUIT_EXTRACT;SEASHELLS;5276;5
959100;Mark 55;SUBMISSION;VELVETFRUIT_EXTRACT;SEASHELLS;5273;3
960400;SUBMISSION;Mark 55;VELVETFRUIT_EXTRACT;SEASHELLS;5268;4
961700;SUBMISSION;Mark 38;VEV_4000;SEASHELLS;1262;3
963700;Mark 55;SUBMISSION;VELVETFRUIT_EXTRACT;SEASHELLS;5265;7
964300;SUBMISSION;Mark 55;VELVETFRUIT_EXTRACT;SEASHELLS;5265;4
965600;SUBMISSION;Mark 38;VEV_4000;SEASHELLS;1261;3
967900;Mark 55;SUBMISSION;VELVETFRUIT_EXTRACT;SEASHELLS;5261;3
968300;Mark 55;SUBMISSION;VELVETFRUIT_EXTRACT;SEASHELLS;5262;8
970000;SUBMISSION;Mark 55;VELVETFRUIT_EXTRACT;SEASHELLS;5261;8
970700;Mark 55;SUBMISSION;VELVETFRUIT_EXTRACT;SEASHELLS;5264;4
972700;Mark 55;SUBMISSION;VELVETFRUIT_EXTRACT;SEASHELLS;5270;8
974300;SUBMISSION;Mark 55;VELVETFRUIT_EXTRACT;SEASHELLS;5267;5
975900;SUBMISSION;Mark 38;VEV_4000;SEASHELLS;1267;1
977200;SUBMISSION;Mark 55;VELVETFRUIT_EXTRACT;SEASHELLS;5268;5
977300;SUBMISSION;Mark 22;VEV_5300;SEASHELLS;46;1
978200;SUBMISSION;Mark 38;VEV_4000;SEASHELLS;1264;2
978400;Mark 55;SUBMISSION;VELVETFRUIT_EXTRACT;SEASHELLS;5269;8
978600;Mark 55;SUBMISSION;VELVETFRUIT_EXTRACT;SEASHELLS;5271;4
981200;SUBMISSION;Mark 55;VELVETFRUIT_EXTRACT;SEASHELLS;5272;3
982500;SUBMISSION;Mark 38;VEV_4000;SEASHELLS;1268;2
985000;SUBMISSION;Mark 55;VELVETFRUIT_EXTRACT;SEASHELLS;5275;4
986100;SUBMISSION;Mark 55;VELVETFRUIT_EXTRACT;SEASHELLS;5278;6
989000;;SUBMISSION;VEV_4000;SEASHELLS;1277;7
989000;;SUBMISSION;VEV_4000;SEASHELLS;1274;16
992900;SUBMISSION;Mark 22;VELVETFRUIT_EXTRACT;SEASHELLS;5285;8
995100;Mark 55;SUBMISSION;VELVETFRUIT_EXTRACT;SEASHELLS;5288;7
995800;;SUBMISSION;VEV_4500;SEASHELLS;781;6
995800;;SUBMISSION;VEV_4500;SEASHELLS;779;12
996300;SUBMISSION;Mark 55;VELVETFRUIT_EXTRACT;SEASHELLS;5291;3
996500;SUBMISSION;Mark 55;VELVETFRUIT_EXTRACT;SEASHELLS;5292;3
998800;;SUBMISSION;VELVETFRUIT_EXTRACT;SEASHELLS;5294;5
