timestamp;buyer;seller;symbol;currency;price;quantity
200;;SUBMISSION;INTARIAN_PEPPER_ROOT;SEASHELLS;12006;5
3600;;SUBMISSION;ASH_COATED_OSMIUM;SEASHELLS;10003;5
5200;SUBMISSION;;INTARIAN_PEPPER_ROOT;SEASHELLS;12001;3
6300;;SUBMISSION;ASH_COATED_OSMIUM;SEASHELLS;10008;5
6600;;SUBMISSION;ASH_COATED_OSMIUM;SEASHELLS;10001;9
6800;SUBMISSION;;INTARIAN_PEPPER_ROOT;SEASHELLS;12001;5
7000;;SUBMISSION;ASH_COATED_OSMIUM;SEASHELLS;10007;4
7100;;SUBMISSION;ASH_COATED_OSMIUM;SEASHELLS;10007;3
7800;SUBMISSION;;ASH_COATED_OSMIUM;SEASHELLS;9998;7
8000;;SUBMISSION;ASH_COATED_OSMIUM;SEASHELLS;10002;7
8600;;SUBMISSION;ASH_COATED_OSMIUM;SEASHELLS;10007;5
9300;SUBMISSION;;ASH_COATED_OSMIUM;SEASHELLS;9993;7
9300;SUBMISSION;;INTARIAN_PEPPER_ROOT;SEASHELLS;12005;6
9700;;SUBMISSION;ASH_COATED_OSMIUM;SEASHELLS;10008;5
11900;;SUBMISSION;INTARIAN_PEPPER_ROOT;SEASHELLS;12015;4
12500;;SUBMISSION;ASH_COATED_OSMIUM;SEASHELLS;10012;10
12600;;SUBMISSION;ASH_COATED_OSMIUM;SEASHELLS;10010;9
13000;;SUBMISSION;ASH_COATED_OSMIUM;SEASHELLS;10004;9
14000;;SUBMISSION;INTARIAN_PEPPER_ROOT;SEASHELLS;12017;7
15100;SUBMISSION;;INTARIAN_PEPPER_ROOT;SEASHELLS;12017;2
16500;;SUBMISSION;ASH_COATED_OSMIUM;SEASHELLS;10002;5
17500;SUBMISSION;;ASH_COATED_OSMIUM;SEASHELLS;9999;7
17700;;SUBMISSION;ASH_COATED_OSMIUM;SEASHELLS;10008;5
18200;SUBMISSION;;ASH_COATED_OSMIUM;SEASHELLS;9999;9
19700;;SUBMISSION;ASH_COATED_OSMIUM;SEASHELLS;10002;6
19900;SUBMISSION;;INTARIAN_PEPPER_ROOT;SEASHELLS;12016;7
20700;;SUBMISSION;INTARIAN_PEPPER_ROOT;SEASHELLS;12024;5
21400;SUBMISSION;;ASH_COATED_OSMIUM;SEASHELLS;9998;9
21600;SUBMISSION;;ASH_COATED_OSMIUM;SEASHELLS;9998;9
22000;SUBMISSION;;ASH_COATED_OSMIUM;SEASHELLS;9994;5
22500;SUBMISSION;;INTARIAN_PEPPER_ROOT;SEASHELLS;12018;4
23100;SUBMISSION;;INTARIAN_PEPPER_ROOT;SEASHELLS;12015;5
23200;SUBMISSION;;ASH_COATED_OSMIUM;SEASHELLS;9994;6
23200;SUBMISSION;;INTARIAN_PEPPER_ROOT;SEASHELLS;12019;4
23600;SUBMISSION;;ASH_COATED_OSMIUM;SEASHELLS;9991;6
24100;SUBMISSION;;ASH_COATED_OSMIUM;SEASHELLS;9998;5
24600;;SUBMISSION;ASH_COATED_OSMIUM;SEASHELLS;10007;5
26900;;SUBMISSION;ASH_COATED_OSMIUM;SEASHELLS;10003;9
27300;SUBMISSION;;INTARIAN_PEPPER_ROOT;SEASHELLS;12023;3
28400;SUBMISSION;;INTARIAN_PEPPER_ROOT;SEASHELLS;12024;8
29800;;SUBMISSION;INTARIAN_PEPPER_ROOT;SEASHELLS;12033;4
30100;;SUBMISSION;ASH_COATED_OSMIUM;SEASHELLS;10008;5
31200;SUBMISSION;;ASH_COATED_OSMIUM;SEASHELLS;9998;8
31500;SUBMISSION;;ASH_COATED_OSMIUM;SEASHELLS;9994;10
32800;;SUBMISSION;ASH_COATED_OSMIUM;SEASHELLS;10002;6
33300;;SUBMISSION;INTARIAN_PEPPER_ROOT;SEASHELLS;12036;6
33800;;SUBMISSION;ASH_COATED_OSMIUM;SEASHELLS;10009;4
34200;;SUBMISSION;ASH_COATED_OSMIUM;SEASHELLS;10002;9
35100;SUBMISSION;;ASH_COATED_OSMIUM;SEASHELLS;9994;7
36500;SUBMISSION;;INTARIAN_PEPPER_ROOT;SEASHELLS;12032;7
36900;SUBMISSION;;INTARIAN_PEPPER_ROOT;SEASHELLS;12031;3
37200;SUBMISSION;;INTARIAN_PEPPER_ROOT;SEASHELLS;12032;4
37300;;SUBMISSION;ASH_COATED_OSMIUM;SEASHELLS;10007;7
37900;SUBMISSION;;ASH_COATED_OSMIUM;SEASHELLS;9998;9
38200;;SUBMISSION;INTARIAN_PEPPER_ROOT;SEASHELLS;12033;5
38400;;SUBMISSION;INTARIAN_PEPPER_ROOT;SEASHELLS;12042;3
38800;;SUBMISSION;ASH_COATED_OSMIUM;SEASHELLS;10002;4
40500;;SUBMISSION;ASH_COATED_OSMIUM;SEASHELLS;10008;8
40600;;SUBMISSION;INTARIAN_PEPPER_ROOT;SEASHELLS;12038;11
41100;SUBMISSION;;ASH_COATED_OSMIUM;SEASHELLS;9994;6
41900;SUBMISSION;;ASH_COATED_OSMIUM;SEASHELLS;9994;6
43200;;SUBMISSION;ASH_COATED_OSMIUM;SEASHELLS;10003;7
46300;SUBMISSION;;ASH_COATED_OSMIUM;SEASHELLS;9993;4
47900;SUBMISSION;;INTARIAN_PEPPER_ROOT;SEASHELLS;12044;4
49200;;SUBMISSION;INTARIAN_PEPPER_ROOT;SEASHELLS;12055;5
50900;SUBMISSION;;ASH_COATED_OSMIUM;SEASHELLS;9996;6
51000;SUBMISSION;;ASH_COATED_OSMIUM;SEASHELLS;9995;4
52500;;SUBMISSION;ASH_COATED_OSMIUM;SEASHELLS;10005;5
53200;;SUBMISSION;INTARIAN_PEPPER_ROOT;SEASHELLS;12062;5
53400;SUBMISSION;;ASH_COATED_OSMIUM;SEASHELLS;9999;4
54900;;SUBMISSION;INTARIAN_PEPPER_ROOT;SEASHELLS;12058;4
56500;SUBMISSION;;ASH_COATED_OSMIUM;SEASHELLS;9986;2
57500;;SUBMISSION;INTARIAN_PEPPER_ROOT;SEASHELLS;12061;4
58200;;SUBMISSION;ASH_COATED_OSMIUM;SEASHELLS;10002;6
60800;;SUBMISSION;ASH_COATED_OSMIUM;SEASHELLS;10002;8
61000;SUBMISSION;;ASH_COATED_OSMIUM;SEASHELLS;9997;2
61800;;SUBMISSION;ASH_COATED_OSMIUM;SEASHELLS;10004;5
61900;;SUBMISSION;INTARIAN_PEPPER_ROOT;SEASHELLS;12065;5
62200;SUBMISSION;;ASH_COATED_OSMIUM;SEASHELLS;9999;5
62200;SUBMISSION;;ASH_COATED_OSMIUM;SEASHELLS;10000;3
62300;;SUBMISSION;ASH_COATED_OSMIUM;SEASHELLS;10004;2
62800;;SUBMISSION;ASH_COATED_OSMIUM;SEASHELLS;10004;9
63300;SUBMISSION;;ASH_COATED_OSMIUM;SEASHELLS;9998;5
64200;SUBMISSION;;ASH_COATED_OSMIUM;SEASHELLS;9998;4
65300;SUBMISSION;;ASH_COATED_OSMIUM;SEASHELLS;9997;2
65600;;SUBMISSION;INTARIAN_PEPPER_ROOT;SEASHELLS;12069;8
65800;SUBMISSION;;INTARIAN_PEPPER_ROOT;SEASHELLS;12068;6
65800;SUBMISSION;;INTARIAN_PEPPER_ROOT;SEASHELLS;12060;4
67100;SUBMISSION;;INTARIAN_PEPPER_ROOT;SEASHELLS;12062;4
67300;SUBMISSION;;ASH_COATED_OSMIUM;SEASHELLS;9994;4
68000;;SUBMISSION;ASH_COATED_OSMIUM;SEASHELLS;10004;5
68200;SUBMISSION;;INTARIAN_PEPPER_ROOT;SEASHELLS;12060;3
70300;SUBMISSION;;ASH_COATED_OSMIUM;SEASHELLS;9995;4
70700;SUBMISSION;;ASH_COATED_OSMIUM;SEASHELLS;9995;6
71300;SUBMISSION;;ASH_COATED_OSMIUM;SEASHELLS;9990;10
72900;SUBMISSION;;ASH_COATED_OSMIUM;SEASHELLS;9997;7
75000;SUBMISSION;;INTARIAN_PEPPER_ROOT;SEASHELLS;12069;5
75500;;SUBMISSION;INTARIAN_PEPPER_ROOT;SEASHELLS;12079;6
75800;SUBMISSION;;INTARIAN_PEPPER_ROOT;SEASHELLS;12072;3
77900;SUBMISSION;;INTARIAN_PEPPER_ROOT;SEASHELLS;12072;4
78300;SUBMISSION;;ASH_COATED_OSMIUM;SEASHELLS;9995;2
79200;SUBMISSION;;ASH_COATED_OSMIUM;SEASHELLS;10000;1
79400;;SUBMISSION;ASH_COATED_OSMIUM;SEASHELLS;10012;4
79600;;SUBMISSION;ASH_COATED_OSMIUM;SEASHELLS;10009;5
79800;SUBMISSION;;INTARIAN_PEPPER_ROOT;SEASHELLS;12076;6
79800;SUBMISSION;;INTARIAN_PEPPER_ROOT;SEASHELLS;12074;6
81400;;SUBMISSION;ASH_COATED_OSMIUM;SEASHELLS;10007;2
85200;SUBMISSION;;ASH_COATED_OSMIUM;SEASHELLS;9998;5
85300;;SUBMISSION;INTARIAN_PEPPER_ROOT;SEASHELLS;12088;6
85400;SUBMISSION;;ASH_COATED_OSMIUM;SEASHELLS;9998;4
86300;;SUBMISSION;INTARIAN_PEPPER_ROOT;SEASHELLS;12089;7
86800;SUBMISSION;;ASH_COATED_OSMIUM;SEASHELLS;9996;5
86800;SUBMISSION;;ASH_COATED_OSMIUM;SEASHELLS;9992;10
86800;;SUBMISSION;INTARIAN_PEPPER_ROOT;SEASHELLS;12090;6
88800;SUBMISSION;;ASH_COATED_OSMIUM;SEASHELLS;9999;10
89000;;SUBMISSION;ASH_COATED_OSMIUM;SEASHELLS;10011;4
89300;;SUBMISSION;INTARIAN_PEPPER_ROOT;SEASHELLS;12092;5
92000;;SUBMISSION;ASH_COATED_OSMIUM;SEASHELLS;10000;3
92600;;SUBMISSION;INTARIAN_PEPPER_ROOT;SEASHELLS;12096;5
96000;SUBMISSION;;INTARIAN_PEPPER_ROOT;SEASHELLS;12090;7
96900;;SUBMISSION;INTARIAN_PEPPER_ROOT;SEASHELLS;12102;4
97500;SUBMISSION;;ASH_COATED_OSMIUM;SEASHELLS;9991;6
97600;;SUBMISSION;ASH_COATED_OSMIUM;SEASHELLS;10007;6
100000;;SUBMISSION;INTARIAN_PEPPER_ROOT;SEASHELLS;12103;4
100100;;SUBMISSION;INTARIAN_PEPPER_ROOT;SEASHELLS;12106;7
101100;;SUBMISSION;ASH_COATED_OSMIUM;SEASHELLS;10002;3
102000;;SUBMISSION;ASH_COATED_OSMIUM;SEASHELLS;10005;7
102000;;SUBMISSION;ASH_COATED_OSMIUM;SEASHELLS;10001;2
102600;SUBMISSION;;INTARIAN_PEPPER_ROOT;SEASHELLS;12098;4
102700;;SUBMISSION;ASH_COATED_OSMIUM;SEASHELLS;10000;3
105500;;SUBMISSION;ASH_COATED_OSMIUM;SEASHELLS;10000;1
110100;;SUBMISSION;INTARIAN_PEPPER_ROOT;SEASHELLS;12116;7
111300;SUBMISSION;;ASH_COATED_OSMIUM;SEASHELLS;9996;3
112200;;SUBMISSION;ASH_COATED_OSMIUM;SEASHELLS;10009;2
113600;;SUBMISSION;INTARIAN_PEPPER_ROOT;SEASHELLS;12119;7
113900;;SUBMISSION;ASH_COATED_OSMIUM;SEASHELLS;10004;5
115400;;SUBMISSION;INTARIAN_PEPPER_ROOT;SEASHELLS;12121;6
116600;SUBMISSION;;ASH_COATED_OSMIUM;SEASHELLS;9997;8
116900;;SUBMISSION;ASH_COATED_OSMIUM;SEASHELLS;10001;3
118600;SUBMISSION;;INTARIAN_PEPPER_ROOT;SEASHELLS;12125;11
120700;SUBMISSION;;ASH_COATED_OSMIUM;SEASHELLS;9997;5
120800;;SUBMISSION;ASH_COATED_OSMIUM;SEASHELLS;10002;5
120800;;SUBMISSION;ASH_COATED_OSMIUM;SEASHELLS;10000;1
120900;SUBMISSION;;INTARIAN_PEPPER_ROOT;SEASHELLS;12117;5
123200;SUBMISSION;;INTARIAN_PEPPER_ROOT;SEASHELLS;12119;5
126000;SUBMISSION;;INTARIAN_PEPPER_ROOT;SEASHELLS;12120;5
127700;;SUBMISSION;INTARIAN_PEPPER_ROOT;SEASHELLS;12131;8
128400;SUBMISSION;;INTARIAN_PEPPER_ROOT;SEASHELLS;12123;7
129000;SUBMISSION;;ASH_COATED_OSMIUM;SEASHELLS;9999;9
131600;;SUBMISSION;ASH_COATED_OSMIUM;SEASHELLS;10002;9
132200;;SUBMISSION;ASH_COATED_OSMIUM;SEASHELLS;10002;5
132300;;SUBMISSION;ASH_COATED_OSMIUM;SEASHELLS;10007;4
134100;SUBMISSION;;ASH_COATED_OSMIUM;SEASHELLS;9992;2
134500;;SUBMISSION;ASH_COATED_OSMIUM;SEASHELLS;10001;9
136700;;SUBMISSION;INTARIAN_PEPPER_ROOT;SEASHELLS;12140;3
137400;SUBMISSION;;ASH_COATED_OSMIUM;SEASHELLS;9994;7
139000;SUBMISSION;;ASH_COATED_OSMIUM;SEASHELLS;9995;7
139100;;SUBMISSION;ASH_COATED_OSMIUM;SEASHELLS;10009;2
139200;;SUBMISSION;ASH_COATED_OSMIUM;SEASHELLS;10004;9
139400;SUBMISSION;;INTARIAN_PEPPER_ROOT;SEASHELLS;12134;7
139900;SUBMISSION;;ASH_COATED_OSMIUM;SEASHELLS;10000;6
140800;;SUBMISSION;INTARIAN_PEPPER_ROOT;SEASHELLS;12144;7
141700;;SUBMISSION;INTARIAN_PEPPER_ROOT;SEASHELLS;12145;6
141800;;SUBMISSION;ASH_COATED_OSMIUM;SEASHELLS;10003;7
142400;SUBMISSION;;INTARIAN_PEPPER_ROOT;SEASHELLS;12138;5
143400;SUBMISSION;;INTARIAN_PEPPER_ROOT;SEASHELLS;12138;7
146500;SUBMISSION;;ASH_COATED_OSMIUM;SEASHELLS;9999;8
147600;;SUBMISSION;INTARIAN_PEPPER_ROOT;SEASHELLS;12153;6
147700;;SUBMISSION;INTARIAN_PEPPER_ROOT;SEASHELLS;12153;3
148100;SUBMISSION;;INTARIAN_PEPPER_ROOT;SEASHELLS;12144;3
148700;SUBMISSION;;INTARIAN_PEPPER_ROOT;SEASHELLS;12145;8
150500;SUBMISSION;;INTARIAN_PEPPER_ROOT;SEASHELLS;12145;6
151400;SUBMISSION;;ASH_COATED_OSMIUM;SEASHELLS;9992;6
152200;;SUBMISSION;INTARIAN_PEPPER_ROOT;SEASHELLS;12155;3
152400;SUBMISSION;;INTARIAN_PEPPER_ROOT;SEASHELLS;12148;3
153700;SUBMISSION;;ASH_COATED_OSMIUM;SEASHELLS;9997;5
153800;SUBMISSION;;ASH_COATED_OSMIUM;SEASHELLS;9997;5
156600;;SUBMISSION;INTARIAN_PEPPER_ROOT;SEASHELLS;12160;4
159500;SUBMISSION;;INTARIAN_PEPPER_ROOT;SEASHELLS;12154;7
161400;;SUBMISSION;ASH_COATED_OSMIUM;SEASHELLS;10003;3
166700;;SUBMISSION;ASH_COATED_OSMIUM;SEASHELLS;10015;6
167300;;SUBMISSION;ASH_COATED_OSMIUM;SEASHELLS;10008;10
167900;;SUBMISSION;ASH_COATED_OSMIUM;SEASHELLS;10013;4
169500;;SUBMISSION;ASH_COATED_OSMIUM;SEASHELLS;10006;8
169500;;SUBMISSION;ASH_COATED_OSMIUM;SEASHELLS;10012;5
170000;;SUBMISSION;INTARIAN_PEPPER_ROOT;SEASHELLS;12176;7
170400;SUBMISSION;;INTARIAN_PEPPER_ROOT;SEASHELLS;12165;3
171200;SUBMISSION;;ASH_COATED_OSMIUM;SEASHELLS;9999;3
172200;SUBMISSION;;ASH_COATED_OSMIUM;SEASHELLS;9996;2
172800;;SUBMISSION;INTARIAN_PEPPER_ROOT;SEASHELLS;12176;3
173200;;SUBMISSION;INTARIAN_PEPPER_ROOT;SEASHELLS;12176;5
173400;;SUBMISSION;ASH_COATED_OSMIUM;SEASHELLS;10005;2
173900;SUBMISSION;;INTARIAN_PEPPER_ROOT;SEASHELLS;12170;5
176700;;SUBMISSION;ASH_COATED_OSMIUM;SEASHELLS;10005;8
177500;;SUBMISSION;ASH_COATED_OSMIUM;SEASHELLS;10003;2
178300;;SUBMISSION;INTARIAN_PEPPER_ROOT;SEASHELLS;12181;6
178800;SUBMISSION;;INTARIAN_PEPPER_ROOT;SEASHELLS;12175;5
179500;SUBMISSION;;INTARIAN_PEPPER_ROOT;SEASHELLS;12175;3
179600;SUBMISSION;;INTARIAN_PEPPER_ROOT;SEASHELLS;12171;5
180500;;SUBMISSION;ASH_COATED_OSMIUM;SEASHELLS;10001;10
180600;;SUBMISSION;ASH_COATED_OSMIUM;SEASHELLS;10001;11
182200;;SUBMISSION;INTARIAN_PEPPER_ROOT;SEASHELLS;12188;5
183700;;SUBMISSION;INTARIAN_PEPPER_ROOT;SEASHELLS;12189;3
186400;;SUBMISSION;INTARIAN_PEPPER_ROOT;SEASHELLS;12192;7
186800;;SUBMISSION;ASH_COATED_OSMIUM;SEASHELLS;10014;5
186900;;SUBMISSION;ASH_COATED_OSMIUM;SEASHELLS;10005;5
187600;SUBMISSION;;INTARIAN_PEPPER_ROOT;SEASHELLS;12190;10
188200;;SUBMISSION;ASH_COATED_OSMIUM;SEASHELLS;10003;4
189500;;SUBMISSION;ASH_COATED_OSMIUM;SEASHELLS;10002;3
191200;;SUBMISSION;ASH_COATED_OSMIUM;SEASHELLS;10012;9
192400;SUBMISSION;;INTARIAN_PEPPER_ROOT;SEASHELLS;12187;3
192800;;SUBMISSION;INTARIAN_PEPPER_ROOT;SEASHELLS;12198;7
193800;SUBMISSION;;ASH_COATED_OSMIUM;SEASHELLS;9998;3
194000;;SUBMISSION;ASH_COATED_OSMIUM;SEASHELLS;10007;3
194400;SUBMISSION;;ASH_COATED_OSMIUM;SEASHELLS;9998;4
195800;;SUBMISSION;INTARIAN_PEPPER_ROOT;SEASHELLS;12199;8
196400;;SUBMISSION;ASH_COATED_OSMIUM;SEASHELLS;10004;4
196500;SUBMISSION;;INTARIAN_PEPPER_ROOT;SEASHELLS;12192;7
198800;SUBMISSION;;INTARIAN_PEPPER_ROOT;SEASHELLS;12193;6
199300;;SUBMISSION;INTARIAN_PEPPER_ROOT;SEASHELLS;12202;7
199700;SUBMISSION;;INTARIAN_PEPPER_ROOT;SEASHELLS;12196;4
201900;SUBMISSION;;INTARIAN_PEPPER_ROOT;SEASHELLS;12198;4
202000;SUBMISSION;;ASH_COATED_OSMIUM;SEASHELLS;9997;2
202500;;SUBMISSION;INTARIAN_PEPPER_ROOT;SEASHELLS;12206;6
202600;;SUBMISSION;ASH_COATED_OSMIUM;SEASHELLS;10004;2
203700;;SUBMISSION;INTARIAN_PEPPER_ROOT;SEASHELLS;12212;7
205800;SUBMISSION;;ASH_COATED_OSMIUM;SEASHELLS;9999;3
205800;SUBMISSION;;ASH_COATED_OSMIUM;SEASHELLS;10000;3
206400;SUBMISSION;;ASH_COATED_OSMIUM;SEASHELLS;9999;9
207200;;SUBMISSION;ASH_COATED_OSMIUM;SEASHELLS;10007;2
209000;SUBMISSION;;ASH_COATED_OSMIUM;SEASHELLS;10000;5
209800;SUBMISSION;;ASH_COATED_OSMIUM;SEASHELLS;9990;9
210100;;SUBMISSION;ASH_COATED_OSMIUM;SEASHELLS;10005;3
211000;SUBMISSION;;ASH_COATED_OSMIUM;SEASHELLS;9991;8
212000;SUBMISSION;;ASH_COATED_OSMIUM;SEASHELLS;9991;7
213100;;SUBMISSION;INTARIAN_PEPPER_ROOT;SEASHELLS;12216;6
213500;;SUBMISSION;ASH_COATED_OSMIUM;SEASHELLS;10004;5
213900;SUBMISSION;;ASH_COATED_OSMIUM;SEASHELLS;9999;4
214400;SUBMISSION;;ASH_COATED_OSMIUM;SEASHELLS;9989;8
214600;;SUBMISSION;ASH_COATED_OSMIUM;SEASHELLS;10006;6
215100;SUBMISSION;;ASH_COATED_OSMIUM;SEASHELLS;9997;10
216000;SUBMISSION;;INTARIAN_PEPPER_ROOT;SEASHELLS;12212;3
216300;;SUBMISSION;ASH_COATED_OSMIUM;SEASHELLS;10001;10
216800;;SUBMISSION;INTARIAN_PEPPER_ROOT;SEASHELLS;12222;6
219100;SUBMISSION;;ASH_COATED_OSMIUM;SEASHELLS;9994;5
219600;;SUBMISSION;ASH_COATED_OSMIUM;SEASHELLS;10003;4
223700;SUBMISSION;;ASH_COATED_OSMIUM;SEASHELLS;9999;7
224500;;SUBMISSION;INTARIAN_PEPPER_ROOT;SEASHELLS;12230;6
224700;SUBMISSION;;ASH_COATED_OSMIUM;SEASHELLS;9993;7
226400;SUBMISSION;;ASH_COATED_OSMIUM;SEASHELLS;9992;5
227800;;SUBMISSION;INTARIAN_PEPPER_ROOT;SEASHELLS;12231;6
229300;;SUBMISSION;INTARIAN_PEPPER_ROOT;SEASHELLS;12235;6
229800;SUBMISSION;;INTARIAN_PEPPER_ROOT;SEASHELLS;12236;10
230100;;SUBMISSION;ASH_COATED_OSMIUM;SEASHELLS;10006;4
230600;;SUBMISSION;ASH_COATED_OSMIUM;SEASHELLS;10007;7
233100;SUBMISSION;;INTARIAN_PEPPER_ROOT;SEASHELLS;12235;5
233100;SUBMISSION;;INTARIAN_PEPPER_ROOT;SEASHELLS;12227;5
233600;SUBMISSION;;ASH_COATED_OSMIUM;SEASHELLS;9991;7
234200;SUBMISSION;;ASH_COATED_OSMIUM;SEASHELLS;9990;6
235100;;SUBMISSION;ASH_COATED_OSMIUM;SEASHELLS;10004;6
235800;;SUBMISSION;ASH_COATED_OSMIUM;SEASHELLS;10003;5
235900;SUBMISSION;;ASH_COATED_OSMIUM;SEASHELLS;9998;2
235900;SUBMISSION;;INTARIAN_PEPPER_ROOT;SEASHELLS;12232;8
235900;SUBMISSION;;INTARIAN_PEPPER_ROOT;SEASHELLS;12227;7
237100;;SUBMISSION;INTARIAN_PEPPER_ROOT;SEASHELLS;12246;6
237600;SUBMISSION;;INTARIAN_PEPPER_ROOT;SEASHELLS;12232;3
238200;SUBMISSION;;ASH_COATED_OSMIUM;SEASHELLS;9987;8
239200;SUBMISSION;;INTARIAN_PEPPER_ROOT;SEASHELLS;12235;5
240400;SUBMISSION;;INTARIAN_PEPPER_ROOT;SEASHELLS;12235;6
240900;;SUBMISSION;INTARIAN_PEPPER_ROOT;SEASHELLS;12250;5
242100;SUBMISSION;;ASH_COATED_OSMIUM;SEASHELLS;9997;3
242100;;SUBMISSION;INTARIAN_PEPPER_ROOT;SEASHELLS;12245;3
243400;SUBMISSION;;INTARIAN_PEPPER_ROOT;SEASHELLS;12238;5
243700;SUBMISSION;;ASH_COATED_OSMIUM;SEASHELLS;9993;4
244200;;SUBMISSION;INTARIAN_PEPPER_ROOT;SEASHELLS;12250;6
246200;SUBMISSION;;ASH_COATED_OSMIUM;SEASHELLS;9987;3
247700;SUBMISSION;;ASH_COATED_OSMIUM;SEASHELLS;10000;9
248200;SUBMISSION;;ASH_COATED_OSMIUM;SEASHELLS;9995;5
248500;SUBMISSION;;INTARIAN_PEPPER_ROOT;SEASHELLS;12244;8
249200;;SUBMISSION;INTARIAN_PEPPER_ROOT;SEASHELLS;12255;4
251000;SUBMISSION;;ASH_COATED_OSMIUM;SEASHELLS;9986;4
251800;;SUBMISSION;INTARIAN_PEPPER_ROOT;SEASHELLS;12255;4
253600;SUBMISSION;;ASH_COATED_OSMIUM;SEASHELLS;9986;3
254100;;SUBMISSION;INTARIAN_PEPPER_ROOT;SEASHELLS;12260;6
255000;SUBMISSION;;ASH_COATED_OSMIUM;SEASHELLS;9996;5
255300;SUBMISSION;;ASH_COATED_OSMIUM;SEASHELLS;9992;8
255500;SUBMISSION;;ASH_COATED_OSMIUM;SEASHELLS;9992;10
255700;;SUBMISSION;ASH_COATED_OSMIUM;SEASHELLS;10001;4
256000;;SUBMISSION;ASH_COATED_OSMIUM;SEASHELLS;10002;5
256100;SUBMISSION;;ASH_COATED_OSMIUM;SEASHELLS;9993;6
256100;;SUBMISSION;INTARIAN_PEPPER_ROOT;SEASHELLS;12259;4
256700;;SUBMISSION;INTARIAN_PEPPER_ROOT;SEASHELLS;12262;5
258200;;SUBMISSION;ASH_COATED_OSMIUM;SEASHELLS;10002;3
258500;SUBMISSION;;ASH_COATED_OSMIUM;SEASHELLS;9989;9
260200;SUBMISSION;;ASH_COATED_OSMIUM;SEASHELLS;9999;5
260200;SUBMISSION;;INTARIAN_PEPPER_ROOT;SEASHELLS;12256;3
261600;;SUBMISSION;ASH_COATED_OSMIUM;SEASHELLS;10000;10
261700;;SUBMISSION;ASH_COATED_OSMIUM;SEASHELLS;10000;9
262100;;SUBMISSION;INTARIAN_PEPPER_ROOT;SEASHELLS;12268;6
262400;;SUBMISSION;ASH_COATED_OSMIUM;SEASHELLS;10006;10
264000;SUBMISSION;;INTARIAN_PEPPER_ROOT;SEASHELLS;12258;3
265200;SUBMISSION;;INTARIAN_PEPPER_ROOT;SEASHELLS;12261;8
265500;SUBMISSION;;INTARIAN_PEPPER_ROOT;SEASHELLS;12261;6
265900;SUBMISSION;;INTARIAN_PEPPER_ROOT;SEASHELLS;12262;8
266000;SUBMISSION;;INTARIAN_PEPPER_ROOT;SEASHELLS;12262;8
266100;;SUBMISSION;ASH_COATED_OSMIUM;SEASHELLS;10003;9
266300;;SUBMISSION;ASH_COATED_OSMIUM;SEASHELLS;10009;3
267000;;SUBMISSION;ASH_COATED_OSMIUM;SEASHELLS;10008;5
267500;SUBMISSION;;INTARIAN_PEPPER_ROOT;SEASHELLS;12263;8
270700;;SUBMISSION;INTARIAN_PEPPER_ROOT;SEASHELLS;12268;7
270900;SUBMISSION;;INTARIAN_PEPPER_ROOT;SEASHELLS;12267;8
271900;;SUBMISSION;INTARIAN_PEPPER_ROOT;SEASHELLS;12281;7
272000;;SUBMISSION;ASH_COATED_OSMIUM;SEASHELLS;10013;3
272000;;SUBMISSION;INTARIAN_PEPPER_ROOT;SEASHELLS;12269;11
273000;SUBMISSION;;ASH_COATED_OSMIUM;SEASHELLS;9997;6
274000;;SUBMISSION;ASH_COATED_OSMIUM;SEASHELLS;10010;3
276900;;SUBMISSION;ASH_COATED_OSMIUM;SEASHELLS;10009;5
277200;;SUBMISSION;INTARIAN_PEPPER_ROOT;SEASHELLS;12280;6
277700;;SUBMISSION;INTARIAN_PEPPER_ROOT;SEASHELLS;12283;4
280600;SUBMISSION;;ASH_COATED_OSMIUM;SEASHELLS;9995;6
280600;SUBMISSION;;INTARIAN_PEPPER_ROOT;SEASHELLS;12276;8
281300;;SUBMISSION;INTARIAN_PEPPER_ROOT;SEASHELLS;12284;8
282000;;SUBMISSION;ASH_COATED_OSMIUM;SEASHELLS;10004;10
282600;;SUBMISSION;INTARIAN_PEPPER_ROOT;SEASHELLS;12286;7
282800;SUBMISSION;;ASH_COATED_OSMIUM;SEASHELLS;9993;8
284800;;SUBMISSION;ASH_COATED_OSMIUM;SEASHELLS;10002;2
285700;SUBMISSION;;ASH_COATED_OSMIUM;SEASHELLS;9998;10
286800;SUBMISSION;;INTARIAN_PEPPER_ROOT;SEASHELLS;12283;6
287000;;SUBMISSION;ASH_COATED_OSMIUM;SEASHELLS;10005;2
289400;;SUBMISSION;ASH_COATED_OSMIUM;SEASHELLS;10000;2
289500;;SUBMISSION;INTARIAN_PEPPER_ROOT;SEASHELLS;12293;7
289600;;SUBMISSION;ASH_COATED_OSMIUM;SEASHELLS;10003;9
292000;SUBMISSION;;ASH_COATED_OSMIUM;SEASHELLS;9992;7
292400;;SUBMISSION;INTARIAN_PEPPER_ROOT;SEASHELLS;12296;6
293200;SUBMISSION;;INTARIAN_PEPPER_ROOT;SEASHELLS;12291;7
293700;;SUBMISSION;ASH_COATED_OSMIUM;SEASHELLS;10009;4
295400;;SUBMISSION;ASH_COATED_OSMIUM;SEASHELLS;10007;10
296100;SUBMISSION;;ASH_COATED_OSMIUM;SEASHELLS;9998;8
297100;SUBMISSION;;ASH_COATED_OSMIUM;SEASHELLS;10000;5
297300;SUBMISSION;;INTARIAN_PEPPER_ROOT;SEASHELLS;12293;3
297500;;SUBMISSION;ASH_COATED_OSMIUM;SEASHELLS;10004;9
297600;SUBMISSION;;INTARIAN_PEPPER_ROOT;SEASHELLS;12293;8
297800;;SUBMISSION;INTARIAN_PEPPER_ROOT;SEASHELLS;12301;5
298500;;SUBMISSION;ASH_COATED_OSMIUM;SEASHELLS;10014;6
298500;SUBMISSION;;INTARIAN_PEPPER_ROOT;SEASHELLS;12293;7
299300;;SUBMISSION;ASH_COATED_OSMIUM;SEASHELLS;10005;6
299900;SUBMISSION;;ASH_COATED_OSMIUM;SEASHELLS;9997;4
300500;SUBMISSION;;INTARIAN_PEPPER_ROOT;SEASHELLS;12295;3
301700;SUBMISSION;;ASH_COATED_OSMIUM;SEASHELLS;9999;9
302600;;SUBMISSION;ASH_COATED_OSMIUM;SEASHELLS;10011;2
303200;;SUBMISSION;ASH_COATED_OSMIUM;SEASHELLS;10009;8
304400;;SUBMISSION;ASH_COATED_OSMIUM;SEASHELLS;10002;10
304700;;SUBMISSION;INTARIAN_PEPPER_ROOT;SEASHELLS;12308;4
305000;SUBMISSION;;ASH_COATED_OSMIUM;SEASHELLS;9999;4
305000;SUBMISSION;;ASH_COATED_OSMIUM;SEASHELLS;10000;4
305100;SUBMISSION;;INTARIAN_PEPPER_ROOT;SEASHELLS;12299;6
307100;;SUBMISSION;INTARIAN_PEPPER_ROOT;SEASHELLS;12313;4
308900;SUBMISSION;;ASH_COATED_OSMIUM;SEASHELLS;9999;10
309000;SUBMISSION;;ASH_COATED_OSMIUM;SEASHELLS;9998;9
309900;;SUBMISSION;ASH_COATED_OSMIUM;SEASHELLS;10001;5
310100;;SUBMISSION;ASH_COATED_OSMIUM;SEASHELLS;10001;9
310900;SUBMISSION;;ASH_COATED_OSMIUM;SEASHELLS;9998;5
311500;SUBMISSION;;ASH_COATED_OSMIUM;SEASHELLS;9994;10
313100;;SUBMISSION;ASH_COATED_OSMIUM;SEASHELLS;10010;5
315300;SUBMISSION;;ASH_COATED_OSMIUM;SEASHELLS;9996;5
315400;;SUBMISSION;ASH_COATED_OSMIUM;SEASHELLS;10001;3
317300;;SUBMISSION;INTARIAN_PEPPER_ROOT;SEASHELLS;12326;5
318400;;SUBMISSION;ASH_COATED_OSMIUM;SEASHELLS;10001;5
318500;SUBMISSION;;INTARIAN_PEPPER_ROOT;SEASHELLS;12313;6
318600;SUBMISSION;;ASH_COATED_OSMIUM;SEASHELLS;9994;5
319300;SUBMISSION;;INTARIAN_PEPPER_ROOT;SEASHELLS;12314;5
320400;;SUBMISSION;ASH_COATED_OSMIUM;SEASHELLS;10014;7
321500;;SUBMISSION;INTARIAN_PEPPER_ROOT;SEASHELLS;12327;3
321800;SUBMISSION;;ASH_COATED_OSMIUM;SEASHELLS;9996;10
323000;;SUBMISSION;ASH_COATED_OSMIUM;SEASHELLS;10001;5
323700;SUBMISSION;;ASH_COATED_OSMIUM;SEASHELLS;9996;6
325600;SUBMISSION;;ASH_COATED_OSMIUM;SEASHELLS;9994;6
327600;SUBMISSION;;INTARIAN_PEPPER_ROOT;SEASHELLS;12323;3
329100;SUBMISSION;;INTARIAN_PEPPER_ROOT;SEASHELLS;12323;5
329700;SUBMISSION;;INTARIAN_PEPPER_ROOT;SEASHELLS;12326;3
330800;;SUBMISSION;ASH_COATED_OSMIUM;SEASHELLS;10004;7
331600;SUBMISSION;;INTARIAN_PEPPER_ROOT;SEASHELLS;12323;7
332900;SUBMISSION;;ASH_COATED_OSMIUM;SEASHELLS;9996;5
335400;;SUBMISSION;INTARIAN_PEPPER_ROOT;SEASHELLS;12339;8
335800;SUBMISSION;;ASH_COATED_OSMIUM;SEASHELLS;9995;10
335900;;SUBMISSION;ASH_COATED_OSMIUM;SEASHELLS;10000;3
337100;;SUBMISSION;ASH_COATED_OSMIUM;SEASHELLS;10011;8
337400;;SUBMISSION;ASH_COATED_OSMIUM;SEASHELLS;10000;1
338000;;SUBMISSION;INTARIAN_PEPPER_ROOT;SEASHELLS;12341;3
340300;;SUBMISSION;INTARIAN_PEPPER_ROOT;SEASHELLS;12346;6
340500;;SUBMISSION;ASH_COATED_OSMIUM;SEASHELLS;10008;4
340900;;SUBMISSION;ASH_COATED_OSMIUM;SEASHELLS;10002;4
342900;SUBMISSION;;ASH_COATED_OSMIUM;SEASHELLS;9996;9
346300;;SUBMISSION;INTARIAN_PEPPER_ROOT;SEASHELLS;12350;8
346400;SUBMISSION;;INTARIAN_PEPPER_ROOT;SEASHELLS;12342;3
349400;;SUBMISSION;ASH_COATED_OSMIUM;SEASHELLS;10003;10
350000;;SUBMISSION;ASH_COATED_OSMIUM;SEASHELLS;10008;3
350700;;SUBMISSION;INTARIAN_PEPPER_ROOT;SEASHELLS;12354;6
351100;SUBMISSION;;INTARIAN_PEPPER_ROOT;SEASHELLS;12347;7
351300;;SUBMISSION;ASH_COATED_OSMIUM;SEASHELLS;10003;9
351800;;SUBMISSION;ASH_COATED_OSMIUM;SEASHELLS;10009;5
352200;SUBMISSION;;ASH_COATED_OSMIUM;SEASHELLS;9996;4
352200;;SUBMISSION;INTARIAN_PEPPER_ROOT;SEASHELLS;12358;7
352700;;SUBMISSION;INTARIAN_PEPPER_ROOT;SEASHELLS;12356;7
353800;;SUBMISSION;ASH_COATED_OSMIUM;SEASHELLS;10003;8
354000;SUBMISSION;;INTARIAN_PEPPER_ROOT;SEASHELLS;12350;3
354400;;SUBMISSION;ASH_COATED_OSMIUM;SEASHELLS;10009;3
354400;SUBMISSION;;INTARIAN_PEPPER_ROOT;SEASHELLS;12350;4
355300;SUBMISSION;;INTARIAN_PEPPER_ROOT;SEASHELLS;12350;7
356100;SUBMISSION;;INTARIAN_PEPPER_ROOT;SEASHELLS;12350;4
357100;;SUBMISSION;ASH_COATED_OSMIUM;SEASHELLS;10001;2
360900;;SUBMISSION;ASH_COATED_OSMIUM;SEASHELLS;10009;5
361900;;SUBMISSION;INTARIAN_PEPPER_ROOT;SEASHELLS;12368;6
363100;SUBMISSION;;INTARIAN_PEPPER_ROOT;SEASHELLS;12357;4
366200;;SUBMISSION;ASH_COATED_OSMIUM;SEASHELLS;10011;5
366200;;SUBMISSION;ASH_COATED_OSMIUM;SEASHELLS;10011;7
368900;SUBMISSION;;ASH_COATED_OSMIUM;SEASHELLS;9999;8
368900;SUBMISSION;;ASH_COATED_OSMIUM;SEASHELLS;10000;5
369000;;SUBMISSION;ASH_COATED_OSMIUM;SEASHELLS;10004;9
371900;SUBMISSION;;ASH_COATED_OSMIUM;SEASHELLS;10000;5
373700;;SUBMISSION;ASH_COATED_OSMIUM;SEASHELLS;10001;5
374200;;SUBMISSION;INTARIAN_PEPPER_ROOT;SEASHELLS;12380;5
374300;SUBMISSION;;INTARIAN_PEPPER_ROOT;SEASHELLS;12369;3
374900;;SUBMISSION;INTARIAN_PEPPER_ROOT;SEASHELLS;12378;3
374900;;SUBMISSION;INTARIAN_PEPPER_ROOT;SEASHELLS;12381;5
376000;;SUBMISSION;ASH_COATED_OSMIUM;SEASHELLS;10010;2
376100;;SUBMISSION;ASH_COATED_OSMIUM;SEASHELLS;10001;5
376100;SUBMISSION;;INTARIAN_PEPPER_ROOT;SEASHELLS;12370;5
376700;;SUBMISSION;INTARIAN_PEPPER_ROOT;SEASHELLS;12380;8
378200;SUBMISSION;;INTARIAN_PEPPER_ROOT;SEASHELLS;12373;3
378500;;SUBMISSION;INTARIAN_PEPPER_ROOT;SEASHELLS;12384;7
379400;;SUBMISSION;INTARIAN_PEPPER_ROOT;SEASHELLS;12385;7
379500;SUBMISSION;;ASH_COATED_OSMIUM;SEASHELLS;9994;9
379800;SUBMISSION;;ASH_COATED_OSMIUM;SEASHELLS;9996;8
380200;SUBMISSION;;ASH_COATED_OSMIUM;SEASHELLS;9995;5
380400;SUBMISSION;;ASH_COATED_OSMIUM;SEASHELLS;9995;6
381200;SUBMISSION;;INTARIAN_PEPPER_ROOT;SEASHELLS;12377;7
381800;SUBMISSION;;INTARIAN_PEPPER_ROOT;SEASHELLS;12373;6
383000;;SUBMISSION;ASH_COATED_OSMIUM;SEASHELLS;10002;4
383300;;SUBMISSION;ASH_COATED_OSMIUM;SEASHELLS;10008;8
384100;SUBMISSION;;ASH_COATED_OSMIUM;SEASHELLS;9994;3
384800;SUBMISSION;;ASH_COATED_OSMIUM;SEASHELLS;9994;7
386500;;SUBMISSION;INTARIAN_PEPPER_ROOT;SEASHELLS;12390;3
387500;SUBMISSION;;INTARIAN_PEPPER_ROOT;SEASHELLS;12394;12
387500;SUBMISSION;;INTARIAN_PEPPER_ROOT;SEASHELLS;12392;7
388000;;SUBMISSION;INTARIAN_PEPPER_ROOT;SEASHELLS;12391;4
388200;;SUBMISSION;ASH_COATED_OSMIUM;SEASHELLS;10010;10
388500;;SUBMISSION;ASH_COATED_OSMIUM;SEASHELLS;10010;7
389500;SUBMISSION;;ASH_COATED_OSMIUM;SEASHELLS;9993;2
389600;;SUBMISSION;INTARIAN_PEPPER_ROOT;SEASHELLS;12393;4
392200;SUBMISSION;;ASH_COATED_OSMIUM;SEASHELLS;9993;4
393600;;SUBMISSION;ASH_COATED_OSMIUM;SEASHELLS;10001;3
394100;;SUBMISSION;ASH_COATED_OSMIUM;SEASHELLS;10004;8
394200;SUBMISSION;;INTARIAN_PEPPER_ROOT;SEASHELLS;12390;7
395500;SUBMISSION;;INTARIAN_PEPPER_ROOT;SEASHELLS;12391;3
396400;SUBMISSION;;ASH_COATED_OSMIUM;SEASHELLS;9999;7
397400;SUBMISSION;;ASH_COATED_OSMIUM;SEASHELLS;10000;6
397900;SUBMISSION;;INTARIAN_PEPPER_ROOT;SEASHELLS;12394;6
398400;;SUBMISSION;INTARIAN_PEPPER_ROOT;SEASHELLS;12404;5
398600;;SUBMISSION;ASH_COATED_OSMIUM;SEASHELLS;10011;9
399300;;SUBMISSION;ASH_COATED_OSMIUM;SEASHELLS;10010;5
400900;SUBMISSION;;INTARIAN_PEPPER_ROOT;SEASHELLS;12392;4
401200;;SUBMISSION;ASH_COATED_OSMIUM;SEASHELLS;10011;5
402700;SUBMISSION;;ASH_COATED_OSMIUM;SEASHELLS;10000;8
404700;SUBMISSION;;INTARIAN_PEPPER_ROOT;SEASHELLS;12396;5
405700;SUBMISSION;;ASH_COATED_OSMIUM;SEASHELLS;9994;6
405800;SUBMISSION;;INTARIAN_PEPPER_ROOT;SEASHELLS;12402;7
407400;;SUBMISSION;INTARIAN_PEPPER_ROOT;SEASHELLS;12404;8
408200;SUBMISSION;;ASH_COATED_OSMIUM;SEASHELLS;9993;6
409000;SUBMISSION;;ASH_COATED_OSMIUM;SEASHELLS;9995;2
409600;SUBMISSION;;INTARIAN_PEPPER_ROOT;SEASHELLS;12405;6
410100;;SUBMISSION;ASH_COATED_OSMIUM;SEASHELLS;10009;3
410200;;SUBMISSION;ASH_COATED_OSMIUM;SEASHELLS;10012;5
412500;SUBMISSION;;ASH_COATED_OSMIUM;SEASHELLS;9993;7
413900;;SUBMISSION;ASH_COATED_OSMIUM;SEASHELLS;10011;5
414200;SUBMISSION;;ASH_COATED_OSMIUM;SEASHELLS;9999;7
414800;;SUBMISSION;INTARIAN_PEPPER_ROOT;SEASHELLS;12418;5
416000;SUBMISSION;;ASH_COATED_OSMIUM;SEASHELLS;9999;5
416000;SUBMISSION;;ASH_COATED_OSMIUM;SEASHELLS;10000;2
419500;SUBMISSION;;INTARIAN_PEPPER_ROOT;SEASHELLS;12415;5
421200;;SUBMISSION;INTARIAN_PEPPER_ROOT;SEASHELLS;12424;5
421300;SUBMISSION;;ASH_COATED_OSMIUM;SEASHELLS;9999;6
422100;SUBMISSION;;INTARIAN_PEPPER_ROOT;SEASHELLS;12416;7
422200;;SUBMISSION;ASH_COATED_OSMIUM;SEASHELLS;10008;6
423200;SUBMISSION;;ASH_COATED_OSMIUM;SEASHELLS;9994;6
424000;;SUBMISSION;ASH_COATED_OSMIUM;SEASHELLS;10006;8
425300;;SUBMISSION;ASH_COATED_OSMIUM;SEASHELLS;10007;4
425600;;SUBMISSION;ASH_COATED_OSMIUM;SEASHELLS;10005;8
426000;;SUBMISSION;ASH_COATED_OSMIUM;SEASHELLS;10006;7
430500;SUBMISSION;;ASH_COATED_OSMIUM;SEASHELLS;9992;4
430800;;SUBMISSION;INTARIAN_PEPPER_ROOT;SEASHELLS;12434;4
432000;;SUBMISSION;INTARIAN_PEPPER_ROOT;SEASHELLS;12435;8
432600;SUBMISSION;;ASH_COATED_OSMIUM;SEASHELLS;9992;6
433500;;SUBMISSION;INTARIAN_PEPPER_ROOT;SEASHELLS;12437;3
434800;SUBMISSION;;INTARIAN_PEPPER_ROOT;SEASHELLS;12429;3
435000;;SUBMISSION;ASH_COATED_OSMIUM;SEASHELLS;10007;4
436300;SUBMISSION;;ASH_COATED_OSMIUM;SEASHELLS;9998;3
436600;;SUBMISSION;INTARIAN_PEPPER_ROOT;SEASHELLS;12440;8
437100;SUBMISSION;;INTARIAN_PEPPER_ROOT;SEASHELLS;12433;5
437100;SUBMISSION;;INTARIAN_PEPPER_ROOT;SEASHELLS;12428;5
437200;SUBMISSION;;ASH_COATED_OSMIUM;SEASHELLS;9995;7
438900;;SUBMISSION;ASH_COATED_OSMIUM;SEASHELLS;10010;5
439500;SUBMISSION;;ASH_COATED_OSMIUM;SEASHELLS;9990;6
440100;;SUBMISSION;INTARIAN_PEPPER_ROOT;SEASHELLS;12443;4
441100;SUBMISSION;;ASH_COATED_OSMIUM;SEASHELLS;9994;3
441600;;SUBMISSION;ASH_COATED_OSMIUM;SEASHELLS;10002;4
442300;SUBMISSION;;INTARIAN_PEPPER_ROOT;SEASHELLS;12438;7
444900;SUBMISSION;;ASH_COATED_OSMIUM;SEASHELLS;9999;10
446300;;SUBMISSION;INTARIAN_PEPPER_ROOT;SEASHELLS;12452;5
447000;SUBMISSION;;ASH_COATED_OSMIUM;SEASHELLS;10000;7
448600;;SUBMISSION;INTARIAN_PEPPER_ROOT;SEASHELLS;12454;3
448900;;SUBMISSION;ASH_COATED_OSMIUM;SEASHELLS;10009;5
450100;SUBMISSION;;INTARIAN_PEPPER_ROOT;SEASHELLS;12446;5
450300;SUBMISSION;;INTARIAN_PEPPER_ROOT;SEASHELLS;12446;7
450900;SUBMISSION;;INTARIAN_PEPPER_ROOT;SEASHELLS;12445;6
451200;SUBMISSION;;INTARIAN_PEPPER_ROOT;SEASHELLS;12445;7
451600;;SUBMISSION;INTARIAN_PEPPER_ROOT;SEASHELLS;12445;11
452500;;SUBMISSION;INTARIAN_PEPPER_ROOT;SEASHELLS;12456;8
453200;;SUBMISSION;ASH_COATED_OSMIUM;SEASHELLS;10002;3
458100;SUBMISSION;;INTARIAN_PEPPER_ROOT;SEASHELLS;12454;8
458300;;SUBMISSION;INTARIAN_PEPPER_ROOT;SEASHELLS;12455;9
459800;SUBMISSION;;INTARIAN_PEPPER_ROOT;SEASHELLS;12454;6
460200;;SUBMISSION;INTARIAN_PEPPER_ROOT;SEASHELLS;12457;11
460800;SUBMISSION;;ASH_COATED_OSMIUM;SEASHELLS;9999;5
461700;;SUBMISSION;ASH_COATED_OSMIUM;SEASHELLS;10003;3
462200;;SUBMISSION;ASH_COATED_OSMIUM;SEASHELLS;10007;8
462600;;SUBMISSION;ASH_COATED_OSMIUM;SEASHELLS;10003;3
463300;SUBMISSION;;INTARIAN_PEPPER_ROOT;SEASHELLS;12459;8
463700;;SUBMISSION;INTARIAN_PEPPER_ROOT;SEASHELLS;12467;3
465200;;SUBMISSION;ASH_COATED_OSMIUM;SEASHELLS;10002;5
466000;;SUBMISSION;ASH_COATED_OSMIUM;SEASHELLS;10006;6
469200;;SUBMISSION;ASH_COATED_OSMIUM;SEASHELLS;10013;3
470800;;SUBMISSION;ASH_COATED_OSMIUM;SEASHELLS;10013;9
470800;;SUBMISSION;INTARIAN_PEPPER_ROOT;SEASHELLS;12477;7
471100;;SUBMISSION;INTARIAN_PEPPER_ROOT;SEASHELLS;12474;6
472700;SUBMISSION;;INTARIAN_PEPPER_ROOT;SEASHELLS;12468;6
474000;;SUBMISSION;INTARIAN_PEPPER_ROOT;SEASHELLS;12477;7
474900;;SUBMISSION;ASH_COATED_OSMIUM;SEASHELLS;10001;2
475200;SUBMISSION;;ASH_COATED_OSMIUM;SEASHELLS;9996;6
476800;;SUBMISSION;ASH_COATED_OSMIUM;SEASHELLS;10002;7
476800;;SUBMISSION;INTARIAN_PEPPER_ROOT;SEASHELLS;12480;8
477400;;SUBMISSION;ASH_COATED_OSMIUM;SEASHELLS;10009;5
477900;;SUBMISSION;ASH_COATED_OSMIUM;SEASHELLS;10007;3
478200;;SUBMISSION;ASH_COATED_OSMIUM;SEASHELLS;10007;3
478700;SUBMISSION;;INTARIAN_PEPPER_ROOT;SEASHELLS;12474;3
480500;;SUBMISSION;INTARIAN_PEPPER_ROOT;SEASHELLS;12486;4
482200;SUBMISSION;;ASH_COATED_OSMIUM;SEASHELLS;9999;2
482700;;SUBMISSION;INTARIAN_PEPPER_ROOT;SEASHELLS;12486;7
483100;SUBMISSION;;INTARIAN_PEPPER_ROOT;SEASHELLS;12479;3
484100;SUBMISSION;;ASH_COATED_OSMIUM;SEASHELLS;10000;4
484300;SUBMISSION;;ASH_COATED_OSMIUM;SEASHELLS;9989;9
485200;SUBMISSION;;ASH_COATED_OSMIUM;SEASHELLS;9990;6
485300;SUBMISSION;;INTARIAN_PEPPER_ROOT;SEASHELLS;12480;3
486400;;SUBMISSION;ASH_COATED_OSMIUM;SEASHELLS;10008;5
486700;SUBMISSION;;INTARIAN_PEPPER_ROOT;SEASHELLS;12481;4
487800;SUBMISSION;;INTARIAN_PEPPER_ROOT;SEASHELLS;12482;3
489100;SUBMISSION;;ASH_COATED_OSMIUM;SEASHELLS;9995;6
490700;SUBMISSION;;ASH_COATED_OSMIUM;SEASHELLS;9994;3
490800;;SUBMISSION;ASH_COATED_OSMIUM;SEASHELLS;10003;9
491300;;SUBMISSION;INTARIAN_PEPPER_ROOT;SEASHELLS;12495;4
491600;;SUBMISSION;INTARIAN_PEPPER_ROOT;SEASHELLS;12495;3
492400;SUBMISSION;;INTARIAN_PEPPER_ROOT;SEASHELLS;12487;3
492600;SUBMISSION;;ASH_COATED_OSMIUM;SEASHELLS;10000;10
492800;SUBMISSION;;ASH_COATED_OSMIUM;SEASHELLS;10000;4
494100;;SUBMISSION;INTARIAN_PEPPER_ROOT;SEASHELLS;12497;6
495200;;SUBMISSION;INTARIAN_PEPPER_ROOT;SEASHELLS;12498;7
495600;SUBMISSION;;ASH_COATED_OSMIUM;SEASHELLS;10000;6
495900;SUBMISSION;;INTARIAN_PEPPER_ROOT;SEASHELLS;12490;6
496300;SUBMISSION;;ASH_COATED_OSMIUM;SEASHELLS;9992;3
497100;SUBMISSION;;ASH_COATED_OSMIUM;SEASHELLS;9999;9
498300;SUBMISSION;;ASH_COATED_OSMIUM;SEASHELLS;9994;7
498800;;SUBMISSION;ASH_COATED_OSMIUM;SEASHELLS;10001;8
499400;SUBMISSION;;INTARIAN_PEPPER_ROOT;SEASHELLS;12495;7
499800;SUBMISSION;;ASH_COATED_OSMIUM;SEASHELLS;9998;5
500000;SUBMISSION;;ASH_COATED_OSMIUM;SEASHELLS;9998;8
501000;SUBMISSION;;ASH_COATED_OSMIUM;SEASHELLS;9993;2
502700;;SUBMISSION;INTARIAN_PEPPER_ROOT;SEASHELLS;12506;6
505400;;SUBMISSION;ASH_COATED_OSMIUM;SEASHELLS;10010;5
506500;;SUBMISSION;ASH_COATED_OSMIUM;SEASHELLS;10011;3
510900;;SUBMISSION;ASH_COATED_OSMIUM;SEASHELLS;10002;2
512300;SUBMISSION;;INTARIAN_PEPPER_ROOT;SEASHELLS;12508;7
513000;;SUBMISSION;INTARIAN_PEPPER_ROOT;SEASHELLS;12519;6
513400;;SUBMISSION;INTARIAN_PEPPER_ROOT;SEASHELLS;12519;7
514700;;SUBMISSION;INTARIAN_PEPPER_ROOT;SEASHELLS;12520;5
515500;SUBMISSION;;ASH_COATED_OSMIUM;SEASHELLS;9998;6
516900;SUBMISSION;;INTARIAN_PEPPER_ROOT;SEASHELLS;12511;5
517700;;SUBMISSION;ASH_COATED_OSMIUM;SEASHELLS;10002;3
519200;;SUBMISSION;ASH_COATED_OSMIUM;SEASHELLS;10005;2
519600;SUBMISSION;;INTARIAN_PEPPER_ROOT;SEASHELLS;12515;5
520900;;SUBMISSION;ASH_COATED_OSMIUM;SEASHELLS;10015;6
521000;SUBMISSION;;INTARIAN_PEPPER_ROOT;SEASHELLS;12517;5
521500;SUBMISSION;;INTARIAN_PEPPER_ROOT;SEASHELLS;12517;4
521700;;SUBMISSION;ASH_COATED_OSMIUM;SEASHELLS;10014;5
521900;;SUBMISSION;ASH_COATED_OSMIUM;SEASHELLS;10009;9
522200;SUBMISSION;;ASH_COATED_OSMIUM;SEASHELLS;9999;5
522400;SUBMISSION;;INTARIAN_PEPPER_ROOT;SEASHELLS;12518;7
522800;;SUBMISSION;INTARIAN_PEPPER_ROOT;SEASHELLS;12529;5
523200;;SUBMISSION;INTARIAN_PEPPER_ROOT;SEASHELLS;12526;8
524200;SUBMISSION;;INTARIAN_PEPPER_ROOT;SEASHELLS;12522;7
525100;;SUBMISSION;ASH_COATED_OSMIUM;SEASHELLS;10002;5
525500;;SUBMISSION;ASH_COATED_OSMIUM;SEASHELLS;10012;3
526000;;SUBMISSION;ASH_COATED_OSMIUM;SEASHELLS;10012;7
526400;;SUBMISSION;ASH_COATED_OSMIUM;SEASHELLS;10012;5
527700;SUBMISSION;;ASH_COATED_OSMIUM;SEASHELLS;9995;3
529200;;SUBMISSION;ASH_COATED_OSMIUM;SEASHELLS;10003;3
529500;;SUBMISSION;ASH_COATED_OSMIUM;SEASHELLS;10007;5
529600;;SUBMISSION;ASH_COATED_OSMIUM;SEASHELLS;10003;4
530400;;SUBMISSION;INTARIAN_PEPPER_ROOT;SEASHELLS;12534;7
530800;;SUBMISSION;ASH_COATED_OSMIUM;SEASHELLS;10002;2
531200;;SUBMISSION;ASH_COATED_OSMIUM;SEASHELLS;10012;2
532000;SUBMISSION;;INTARIAN_PEPPER_ROOT;SEASHELLS;12526;4
532700;;SUBMISSION;ASH_COATED_OSMIUM;SEASHELLS;10008;7
533100;SUBMISSION;;INTARIAN_PEPPER_ROOT;SEASHELLS;12524;5
533600;;SUBMISSION;ASH_COATED_OSMIUM;SEASHELLS;10006;5
533800;;SUBMISSION;ASH_COATED_OSMIUM;SEASHELLS;10014;4
535000;SUBMISSION;;INTARIAN_PEPPER_ROOT;SEASHELLS;12531;3
537500;SUBMISSION;;INTARIAN_PEPPER_ROOT;SEASHELLS;12533;8
538300;;SUBMISSION;INTARIAN_PEPPER_ROOT;SEASHELLS;12544;6
539900;;SUBMISSION;INTARIAN_PEPPER_ROOT;SEASHELLS;12549;5
540100;;SUBMISSION;INTARIAN_PEPPER_ROOT;SEASHELLS;12543;7
541200;SUBMISSION;;INTARIAN_PEPPER_ROOT;SEASHELLS;12535;7
542600;;SUBMISSION;INTARIAN_PEPPER_ROOT;SEASHELLS;12546;7
543200;SUBMISSION;;INTARIAN_PEPPER_ROOT;SEASHELLS;12539;8
546200;;SUBMISSION;INTARIAN_PEPPER_ROOT;SEASHELLS;12549;5
547400;SUBMISSION;;INTARIAN_PEPPER_ROOT;SEASHELLS;12543;3
548900;;SUBMISSION;INTARIAN_PEPPER_ROOT;SEASHELLS;12552;3
554200;;SUBMISSION;INTARIAN_PEPPER_ROOT;SEASHELLS;12560;3
554300;SUBMISSION;;INTARIAN_PEPPER_ROOT;SEASHELLS;12550;3
559100;SUBMISSION;;INTARIAN_PEPPER_ROOT;SEASHELLS;12555;7
563400;SUBMISSION;;INTARIAN_PEPPER_ROOT;SEASHELLS;12558;4
568200;SUBMISSION;;INTARIAN_PEPPER_ROOT;SEASHELLS;12564;7
569000;;SUBMISSION;INTARIAN_PEPPER_ROOT;SEASHELLS;12572;8
574400;SUBMISSION;;INTARIAN_PEPPER_ROOT;SEASHELLS;12570;5
575500;;SUBMISSION;INTARIAN_PEPPER_ROOT;SEASHELLS;12581;5
579000;;SUBMISSION;INTARIAN_PEPPER_ROOT;SEASHELLS;12582;5
579200;SUBMISSION;;INTARIAN_PEPPER_ROOT;SEASHELLS;12575;4
579800;;SUBMISSION;INTARIAN_PEPPER_ROOT;SEASHELLS;12583;6
581000;SUBMISSION;;INTARIAN_PEPPER_ROOT;SEASHELLS;12577;7
581100;SUBMISSION;;INTARIAN_PEPPER_ROOT;SEASHELLS;12575;4
584300;SUBMISSION;;INTARIAN_PEPPER_ROOT;SEASHELLS;12580;8
584800;;SUBMISSION;INTARIAN_PEPPER_ROOT;SEASHELLS;12594;3
587200;SUBMISSION;;ASH_COATED_OSMIUM;SEASHELLS;9998;5
589200;SUBMISSION;;ASH_COATED_OSMIUM;SEASHELLS;9995;2
590600;;SUBMISSION;ASH_COATED_OSMIUM;SEASHELLS;10003;4
591500;;SUBMISSION;ASH_COATED_OSMIUM;SEASHELLS;10012;3
592300;;SUBMISSION;INTARIAN_PEPPER_ROOT;SEASHELLS;12598;3
593200;;SUBMISSION;INTARIAN_PEPPER_ROOT;SEASHELLS;12596;3
595400;SUBMISSION;;INTARIAN_PEPPER_ROOT;SEASHELLS;12586;3
599000;;SUBMISSION;INTARIAN_PEPPER_ROOT;SEASHELLS;12602;3
601100;SUBMISSION;;ASH_COATED_OSMIUM;SEASHELLS;10000;4
603100;;SUBMISSION;ASH_COATED_OSMIUM;SEASHELLS;10014;4
606800;SUBMISSION;;INTARIAN_PEPPER_ROOT;SEASHELLS;12603;3
607300;SUBMISSION;;ASH_COATED_OSMIUM;SEASHELLS;9997;3
607700;;SUBMISSION;ASH_COATED_OSMIUM;SEASHELLS;10002;3
607800;;SUBMISSION;INTARIAN_PEPPER_ROOT;SEASHELLS;12614;6
608000;SUBMISSION;;INTARIAN_PEPPER_ROOT;SEASHELLS;12604;3
609000;;SUBMISSION;INTARIAN_PEPPER_ROOT;SEASHELLS;12615;7
610900;;SUBMISSION;INTARIAN_PEPPER_ROOT;SEASHELLS;12617;7
611400;SUBMISSION;;ASH_COATED_OSMIUM;SEASHELLS;9998;8
611900;;SUBMISSION;INTARIAN_PEPPER_ROOT;SEASHELLS;12621;7
615100;SUBMISSION;;ASH_COATED_OSMIUM;SEASHELLS;9994;3
616100;;SUBMISSION;ASH_COATED_OSMIUM;SEASHELLS;10006;2
616200;;SUBMISSION;INTARIAN_PEPPER_ROOT;SEASHELLS;12622;5
616900;SUBMISSION;;INTARIAN_PEPPER_ROOT;SEASHELLS;12619;8
618000;SUBMISSION;;INTARIAN_PEPPER_ROOT;SEASHELLS;12614;6
618800;;SUBMISSION;ASH_COATED_OSMIUM;SEASHELLS;10008;9
619800;;SUBMISSION;INTARIAN_PEPPER_ROOT;SEASHELLS;12626;5
621900;;SUBMISSION;INTARIAN_PEPPER_ROOT;SEASHELLS;12625;8
622700;SUBMISSION;;INTARIAN_PEPPER_ROOT;SEASHELLS;12618;7
623300;SUBMISSION;;INTARIAN_PEPPER_ROOT;SEASHELLS;12619;3
624100;SUBMISSION;;ASH_COATED_OSMIUM;SEASHELLS;9996;4
626000;SUBMISSION;;ASH_COATED_OSMIUM;SEASHELLS;9994;2
626400;;SUBMISSION;ASH_COATED_OSMIUM;SEASHELLS;10002;6
628800;SUBMISSION;;INTARIAN_PEPPER_ROOT;SEASHELLS;12623;3
629100;SUBMISSION;;INTARIAN_PEPPER_ROOT;SEASHELLS;12625;4
632400;SUBMISSION;;ASH_COATED_OSMIUM;SEASHELLS;9995;5
632500;;SUBMISSION;INTARIAN_PEPPER_ROOT;SEASHELLS;12638;4
632800;SUBMISSION;;INTARIAN_PEPPER_ROOT;SEASHELLS;12627;4
633000;;SUBMISSION;ASH_COATED_OSMIUM;SEASHELLS;10004;5
634300;SUBMISSION;;INTARIAN_PEPPER_ROOT;SEASHELLS;12625;5
635000;;SUBMISSION;INTARIAN_PEPPER_ROOT;SEASHELLS;12638;5
635800;SUBMISSION;;ASH_COATED_OSMIUM;SEASHELLS;10000;6
636500;;SUBMISSION;ASH_COATED_OSMIUM;SEASHELLS;10004;6
636500;SUBMISSION;;INTARIAN_PEPPER_ROOT;SEASHELLS;12632;3
637800;;SUBMISSION;INTARIAN_PEPPER_ROOT;SEASHELLS;12641;4
638300;SUBMISSION;;INTARIAN_PEPPER_ROOT;SEASHELLS;12629;6
639500;SUBMISSION;;ASH_COATED_OSMIUM;SEASHELLS;9996;7
639600;SUBMISSION;;ASH_COATED_OSMIUM;SEASHELLS;9997;4
639800;;SUBMISSION;INTARIAN_PEPPER_ROOT;SEASHELLS;12643;5
641600;SUBMISSION;;INTARIAN_PEPPER_ROOT;SEASHELLS;12637;8
641800;;SUBMISSION;INTARIAN_PEPPER_ROOT;SEASHELLS;12645;6
641900;;SUBMISSION;ASH_COATED_OSMIUM;SEASHELLS;10006;6
642400;SUBMISSION;;INTARIAN_PEPPER_ROOT;SEASHELLS;12638;8
644500;SUBMISSION;;INTARIAN_PEPPER_ROOT;SEASHELLS;12639;5
644700;;SUBMISSION;ASH_COATED_OSMIUM;SEASHELLS;10001;4
644700;;SUBMISSION;INTARIAN_PEPPER_ROOT;SEASHELLS;12648;4
645200;SUBMISSION;;INTARIAN_PEPPER_ROOT;SEASHELLS;12641;7
648100;;SUBMISSION;INTARIAN_PEPPER_ROOT;SEASHELLS;12651;3
648300;SUBMISSION;;ASH_COATED_OSMIUM;SEASHELLS;10000;8
649900;SUBMISSION;;ASH_COATED_OSMIUM;SEASHELLS;9992;4
650900;SUBMISSION;;INTARIAN_PEPPER_ROOT;SEASHELLS;12647;4
654200;SUBMISSION;;ASH_COATED_OSMIUM;SEASHELLS;9991;5
654400;SUBMISSION;;ASH_COATED_OSMIUM;SEASHELLS;9992;3
655000;SUBMISSION;;INTARIAN_PEPPER_ROOT;SEASHELLS;12651;5
655300;SUBMISSION;;ASH_COATED_OSMIUM;SEASHELLS;9997;4
656800;SUBMISSION;;ASH_COATED_OSMIUM;SEASHELLS;10000;4
656900;SUBMISSION;;ASH_COATED_OSMIUM;SEASHELLS;9996;5
656900;SUBMISSION;;ASH_COATED_OSMIUM;SEASHELLS;10000;5
657500;;SUBMISSION;INTARIAN_PEPPER_ROOT;SEASHELLS;12663;7
657800;SUBMISSION;;ASH_COATED_OSMIUM;SEASHELLS;10000;3
657900;;SUBMISSION;ASH_COATED_OSMIUM;SEASHELLS;10006;10
659800;SUBMISSION;;ASH_COATED_OSMIUM;SEASHELLS;9997;2
660600;SUBMISSION;;ASH_COATED_OSMIUM;SEASHELLS;9985;6
661900;SUBMISSION;;ASH_COATED_OSMIUM;SEASHELLS;9995;4
663100;SUBMISSION;;ASH_COATED_OSMIUM;SEASHELLS;9994;4
663200;SUBMISSION;;ASH_COATED_OSMIUM;SEASHELLS;10000;12
663300;SUBMISSION;;ASH_COATED_OSMIUM;SEASHELLS;10000;12
663300;;SUBMISSION;INTARIAN_PEPPER_ROOT;SEASHELLS;12667;3
663400;SUBMISSION;;ASH_COATED_OSMIUM;SEASHELLS;9994;5
663600;SUBMISSION;;INTARIAN_PEPPER_ROOT;SEASHELLS;12659;5
664100;SUBMISSION;;ASH_COATED_OSMIUM;SEASHELLS;10000;3
664300;SUBMISSION;;ASH_COATED_OSMIUM;SEASHELLS;9994;4
664400;SUBMISSION;;INTARIAN_PEPPER_ROOT;SEASHELLS;12655;7
664800;SUBMISSION;;ASH_COATED_OSMIUM;SEASHELLS;9999;10
665000;;SUBMISSION;INTARIAN_PEPPER_ROOT;SEASHELLS;12671;4
665100;SUBMISSION;;ASH_COATED_OSMIUM;SEASHELLS;9999;15
665200;SUBMISSION;;ASH_COATED_OSMIUM;SEASHELLS;9999;12
665300;SUBMISSION;;ASH_COATED_OSMIUM;SEASHELLS;9999;11
665400;SUBMISSION;;ASH_COATED_OSMIUM;SEASHELLS;9999;14
665500;SUBMISSION;;ASH_COATED_OSMIUM;SEASHELLS;9999;13
665800;SUBMISSION;;ASH_COATED_OSMIUM;SEASHELLS;9999;1
667800;;SUBMISSION;INTARIAN_PEPPER_ROOT;SEASHELLS;12674;4
668300;;SUBMISSION;INTARIAN_PEPPER_ROOT;SEASHELLS;12672;4
668300;;SUBMISSION;INTARIAN_PEPPER_ROOT;SEASHELLS;12674;7
669000;SUBMISSION;;INTARIAN_PEPPER_ROOT;SEASHELLS;12665;6
670500;;SUBMISSION;ASH_COATED_OSMIUM;SEASHELLS;10002;2
670800;SUBMISSION;;ASH_COATED_OSMIUM;SEASHELLS;9988;2
671400;SUBMISSION;;INTARIAN_PEPPER_ROOT;SEASHELLS;12666;3
676600;;SUBMISSION;INTARIAN_PEPPER_ROOT;SEASHELLS;12680;6
679700;SUBMISSION;;INTARIAN_PEPPER_ROOT;SEASHELLS;12674;6
680300;;SUBMISSION;INTARIAN_PEPPER_ROOT;SEASHELLS;12684;7
682000;SUBMISSION;;INTARIAN_PEPPER_ROOT;SEASHELLS;12678;4
682900;;SUBMISSION;ASH_COATED_OSMIUM;SEASHELLS;10002;7
683300;SUBMISSION;;INTARIAN_PEPPER_ROOT;SEASHELLS;12679;3
683500;SUBMISSION;;ASH_COATED_OSMIUM;SEASHELLS;9992;7
683700;;SUBMISSION;INTARIAN_PEPPER_ROOT;SEASHELLS;12690;6
686800;SUBMISSION;;INTARIAN_PEPPER_ROOT;SEASHELLS;12681;5
688200;SUBMISSION;;INTARIAN_PEPPER_ROOT;SEASHELLS;12684;5
688600;SUBMISSION;;INTARIAN_PEPPER_ROOT;SEASHELLS;12683;4
692300;;SUBMISSION;INTARIAN_PEPPER_ROOT;SEASHELLS;12689;8
693500;;SUBMISSION;INTARIAN_PEPPER_ROOT;SEASHELLS;12697;6
693900;;SUBMISSION;INTARIAN_PEPPER_ROOT;SEASHELLS;12697;3
694800;;SUBMISSION;INTARIAN_PEPPER_ROOT;SEASHELLS;12701;5
696200;;SUBMISSION;INTARIAN_PEPPER_ROOT;SEASHELLS;12700;5
696300;;SUBMISSION;INTARIAN_PEPPER_ROOT;SEASHELLS;12700;6
700300;;SUBMISSION;INTARIAN_PEPPER_ROOT;SEASHELLS;12706;4
700800;;SUBMISSION;INTARIAN_PEPPER_ROOT;SEASHELLS;12707;3
702400;SUBMISSION;;INTARIAN_PEPPER_ROOT;SEASHELLS;12704;7
710400;;SUBMISSION;INTARIAN_PEPPER_ROOT;SEASHELLS;12714;3
711900;;SUBMISSION;INTARIAN_PEPPER_ROOT;SEASHELLS;12715;3
715500;SUBMISSION;;INTARIAN_PEPPER_ROOT;SEASHELLS;12711;4
719900;SUBMISSION;;INTARIAN_PEPPER_ROOT;SEASHELLS;12716;5
720700;SUBMISSION;;INTARIAN_PEPPER_ROOT;SEASHELLS;12715;6
722200;;SUBMISSION;INTARIAN_PEPPER_ROOT;SEASHELLS;12728;3
725000;SUBMISSION;;INTARIAN_PEPPER_ROOT;SEASHELLS;12721;4
731500;;SUBMISSION;INTARIAN_PEPPER_ROOT;SEASHELLS;12735;7
732700;SUBMISSION;;INTARIAN_PEPPER_ROOT;SEASHELLS;12728;8
738700;SUBMISSION;;INTARIAN_PEPPER_ROOT;SEASHELLS;12733;6
743700;;SUBMISSION;ASH_COATED_OSMIUM;SEASHELLS;10002;8
744700;;SUBMISSION;INTARIAN_PEPPER_ROOT;SEASHELLS;12748;6
744900;SUBMISSION;;ASH_COATED_OSMIUM;SEASHELLS;9991;4
746300;SUBMISSION;;ASH_COATED_OSMIUM;SEASHELLS;9996;4
746600;SUBMISSION;;INTARIAN_PEPPER_ROOT;SEASHELLS;12742;7
746800;;SUBMISSION;INTARIAN_PEPPER_ROOT;SEASHELLS;12750;4
747600;;SUBMISSION;INTARIAN_PEPPER_ROOT;SEASHELLS;12757;5
751100;;SUBMISSION;INTARIAN_PEPPER_ROOT;SEASHELLS;12757;7
756100;SUBMISSION;;INTARIAN_PEPPER_ROOT;SEASHELLS;12750;5
757100;;SUBMISSION;ASH_COATED_OSMIUM;SEASHELLS;10005;6
757400;SUBMISSION;;ASH_COATED_OSMIUM;SEASHELLS;9999;5
757800;SUBMISSION;;INTARIAN_PEPPER_ROOT;SEASHELLS;12752;4
758800;;SUBMISSION;INTARIAN_PEPPER_ROOT;SEASHELLS;12762;6
759600;;SUBMISSION;ASH_COATED_OSMIUM;SEASHELLS;10005;3
761600;;SUBMISSION;INTARIAN_PEPPER_ROOT;SEASHELLS;12765;4
762600;SUBMISSION;;ASH_COATED_OSMIUM;SEASHELLS;9991;4
763700;SUBMISSION;;INTARIAN_PEPPER_ROOT;SEASHELLS;12755;5
764300;;SUBMISSION;INTARIAN_PEPPER_ROOT;SEASHELLS;12768;7
767500;SUBMISSION;;INTARIAN_PEPPER_ROOT;SEASHELLS;12762;3
767600;;SUBMISSION;ASH_COATED_OSMIUM;SEASHELLS;10005;10
768400;;SUBMISSION;INTARIAN_PEPPER_ROOT;SEASHELLS;12774;6
769400;SUBMISSION;;ASH_COATED_OSMIUM;SEASHELLS;9992;6
769500;SUBMISSION;;ASH_COATED_OSMIUM;SEASHELLS;9991;4
770000;SUBMISSION;;INTARIAN_PEPPER_ROOT;SEASHELLS;12777;9
770000;SUBMISSION;;INTARIAN_PEPPER_ROOT;SEASHELLS;12774;3
773700;;SUBMISSION;ASH_COATED_OSMIUM;SEASHELLS;10001;4
773900;SUBMISSION;;ASH_COATED_OSMIUM;SEASHELLS;9998;4
774200;SUBMISSION;;INTARIAN_PEPPER_ROOT;SEASHELLS;12768;6
774500;;SUBMISSION;INTARIAN_PEPPER_ROOT;SEASHELLS;12778;8
775200;SUBMISSION;;INTARIAN_PEPPER_ROOT;SEASHELLS;12771;3
780800;;SUBMISSION;ASH_COATED_OSMIUM;SEASHELLS;10005;6
781000;SUBMISSION;;ASH_COATED_OSMIUM;SEASHELLS;9996;5
781500;;SUBMISSION;ASH_COATED_OSMIUM;SEASHELLS;10007;3
781500;SUBMISSION;;INTARIAN_PEPPER_ROOT;SEASHELLS;12777;7
782400;SUBMISSION;;ASH_COATED_OSMIUM;SEASHELLS;9988;4
782700;;SUBMISSION;ASH_COATED_OSMIUM;SEASHELLS;10003;6
783400;;SUBMISSION;ASH_COATED_OSMIUM;SEASHELLS;10004;2
783500;;SUBMISSION;INTARIAN_PEPPER_ROOT;SEASHELLS;12787;7
784600;;SUBMISSION;ASH_COATED_OSMIUM;SEASHELLS;10005;4
784600;SUBMISSION;;INTARIAN_PEPPER_ROOT;SEASHELLS;12780;8
785100;;SUBMISSION;INTARIAN_PEPPER_ROOT;SEASHELLS;12791;3
785700;SUBMISSION;;ASH_COATED_OSMIUM;SEASHELLS;9998;2
785800;SUBMISSION;;ASH_COATED_OSMIUM;SEASHELLS;9994;10
787100;;SUBMISSION;ASH_COATED_OSMIUM;SEASHELLS;10007;4
788500;SUBMISSION;;ASH_COATED_OSMIUM;SEASHELLS;9999;2
788800;SUBMISSION;;ASH_COATED_OSMIUM;SEASHELLS;9990;2
791600;;SUBMISSION;INTARIAN_PEPPER_ROOT;SEASHELLS;12797;5
792200;SUBMISSION;;INTARIAN_PEPPER_ROOT;SEASHELLS;12786;6
793000;;SUBMISSION;INTARIAN_PEPPER_ROOT;SEASHELLS;12796;6
793200;;SUBMISSION;ASH_COATED_OSMIUM;SEASHELLS;10004;4
793400;SUBMISSION;;ASH_COATED_OSMIUM;SEASHELLS;9998;3
793900;SUBMISSION;;INTARIAN_PEPPER_ROOT;SEASHELLS;12790;6
794800;SUBMISSION;;ASH_COATED_OSMIUM;SEASHELLS;9991;1
795500;SUBMISSION;;INTARIAN_PEPPER_ROOT;SEASHELLS;12790;4
796800;;SUBMISSION;INTARIAN_PEPPER_ROOT;SEASHELLS;12800;7
797200;;SUBMISSION;ASH_COATED_OSMIUM;SEASHELLS;10003;10
797300;;SUBMISSION;ASH_COATED_OSMIUM;SEASHELLS;10003;6
798000;;SUBMISSION;ASH_COATED_OSMIUM;SEASHELLS;10005;3
798000;;SUBMISSION;INTARIAN_PEPPER_ROOT;SEASHELLS;12807;4
799100;SUBMISSION;;ASH_COATED_OSMIUM;SEASHELLS;9997;5
799100;SUBMISSION;;INTARIAN_PEPPER_ROOT;SEASHELLS;12790;6
799800;SUBMISSION;;ASH_COATED_OSMIUM;SEASHELLS;9997;5
800600;SUBMISSION;;INTARIAN_PEPPER_ROOT;SEASHELLS;12796;4
801100;;SUBMISSION;INTARIAN_PEPPER_ROOT;SEASHELLS;12807;5
802800;;SUBMISSION;ASH_COATED_OSMIUM;SEASHELLS;10005;5
803300;;SUBMISSION;ASH_COATED_OSMIUM;SEASHELLS;10005;10
804000;SUBMISSION;;ASH_COATED_OSMIUM;SEASHELLS;9988;3
804400;;SUBMISSION;ASH_COATED_OSMIUM;SEASHELLS;10008;4
805400;;SUBMISSION;ASH_COATED_OSMIUM;SEASHELLS;10005;2
808300;;SUBMISSION;ASH_COATED_OSMIUM;SEASHELLS;10009;5
808600;SUBMISSION;;ASH_COATED_OSMIUM;SEASHELLS;9994;2
809300;;SUBMISSION;ASH_COATED_OSMIUM;SEASHELLS;10010;5
809500;SUBMISSION;;INTARIAN_PEPPER_ROOT;SEASHELLS;12805;5
812300;SUBMISSION;;ASH_COATED_OSMIUM;SEASHELLS;9992;2
812600;;SUBMISSION;ASH_COATED_OSMIUM;SEASHELLS;10009;2
812700;;SUBMISSION;INTARIAN_PEPPER_ROOT;SEASHELLS;12816;7
812800;;SUBMISSION;ASH_COATED_OSMIUM;SEASHELLS;10003;4
814300;SUBMISSION;;ASH_COATED_OSMIUM;SEASHELLS;9995;5
814800;;SUBMISSION;INTARIAN_PEPPER_ROOT;SEASHELLS;12824;7
814900;;SUBMISSION;ASH_COATED_OSMIUM;SEASHELLS;10004;6
815000;SUBMISSION;;ASH_COATED_OSMIUM;SEASHELLS;9995;4
815200;;SUBMISSION;INTARIAN_PEPPER_ROOT;SEASHELLS;12821;6
815500;SUBMISSION;;INTARIAN_PEPPER_ROOT;SEASHELLS;12811;7
816900;SUBMISSION;;INTARIAN_PEPPER_ROOT;SEASHELLS;12819;4
818500;;SUBMISSION;INTARIAN_PEPPER_ROOT;SEASHELLS;12822;3
818800;;SUBMISSION;ASH_COATED_OSMIUM;SEASHELLS;10002;5
818800;;SUBMISSION;INTARIAN_PEPPER_ROOT;SEASHELLS;12825;4
819700;;SUBMISSION;INTARIAN_PEPPER_ROOT;SEASHELLS;12826;3
821000;;SUBMISSION;ASH_COATED_OSMIUM;SEASHELLS;10000;4
821100;SUBMISSION;;ASH_COATED_OSMIUM;SEASHELLS;9996;9
821700;;SUBMISSION;INTARIAN_PEPPER_ROOT;SEASHELLS;12825;8
821800;;SUBMISSION;ASH_COATED_OSMIUM;SEASHELLS;10004;6
822000;SUBMISSION;;INTARIAN_PEPPER_ROOT;SEASHELLS;12818;8
822400;SUBMISSION;;INTARIAN_PEPPER_ROOT;SEASHELLS;12818;8
823500;SUBMISSION;;ASH_COATED_OSMIUM;SEASHELLS;9999;6
825200;SUBMISSION;;INTARIAN_PEPPER_ROOT;SEASHELLS;12821;3
827000;;SUBMISSION;INTARIAN_PEPPER_ROOT;SEASHELLS;12830;8
828400;;SUBMISSION;ASH_COATED_OSMIUM;SEASHELLS;10001;5
829000;;SUBMISSION;ASH_COATED_OSMIUM;SEASHELLS;10000;5
830800;SUBMISSION;;ASH_COATED_OSMIUM;SEASHELLS;9996;9
830900;SUBMISSION;;INTARIAN_PEPPER_ROOT;SEASHELLS;12827;7
831100;;SUBMISSION;ASH_COATED_OSMIUM;SEASHELLS;10011;4
831400;;SUBMISSION;INTARIAN_PEPPER_ROOT;SEASHELLS;12835;8
832400;;SUBMISSION;INTARIAN_PEPPER_ROOT;SEASHELLS;12838;6
834500;;SUBMISSION;ASH_COATED_OSMIUM;SEASHELLS;10005;5
834900;;SUBMISSION;ASH_COATED_OSMIUM;SEASHELLS;10005;3
834900;;SUBMISSION;ASH_COATED_OSMIUM;SEASHELLS;10000;11
835000;;SUBMISSION;ASH_COATED_OSMIUM;SEASHELLS;10000;12
835100;;SUBMISSION;ASH_COATED_OSMIUM;SEASHELLS;10000;8
835800;;SUBMISSION;INTARIAN_PEPPER_ROOT;SEASHELLS;12842;6
836300;SUBMISSION;;INTARIAN_PEPPER_ROOT;SEASHELLS;12832;7
836700;;SUBMISSION;ASH_COATED_OSMIUM;SEASHELLS;10004;4
837700;;SUBMISSION;ASH_COATED_OSMIUM;SEASHELLS;10003;4
838100;;SUBMISSION;ASH_COATED_OSMIUM;SEASHELLS;10003;5
838200;;SUBMISSION;INTARIAN_PEPPER_ROOT;SEASHELLS;12842;6
838400;SUBMISSION;;INTARIAN_PEPPER_ROOT;SEASHELLS;12829;5
839900;SUBMISSION;;INTARIAN_PEPPER_ROOT;SEASHELLS;12842;9
842100;;SUBMISSION;ASH_COATED_OSMIUM;SEASHELLS;10011;5
842800;;SUBMISSION;INTARIAN_PEPPER_ROOT;SEASHELLS;12846;8
843200;;SUBMISSION;ASH_COATED_OSMIUM;SEASHELLS;10002;2
843500;;SUBMISSION;ASH_COATED_OSMIUM;SEASHELLS;10002;4
843800;;SUBMISSION;ASH_COATED_OSMIUM;SEASHELLS;10012;4
844000;;SUBMISSION;INTARIAN_PEPPER_ROOT;SEASHELLS;12847;7
844300;;SUBMISSION;INTARIAN_PEPPER_ROOT;SEASHELLS;12850;5
844400;SUBMISSION;;INTARIAN_PEPPER_ROOT;SEASHELLS;12838;4
844500;SUBMISSION;;INTARIAN_PEPPER_ROOT;SEASHELLS;12847;9
846300;SUBMISSION;;INTARIAN_PEPPER_ROOT;SEASHELLS;12840;3
848100;;SUBMISSION;ASH_COATED_OSMIUM;SEASHELLS;10004;2
848800;;SUBMISSION;INTARIAN_PEPPER_ROOT;SEASHELLS;12855;4
850200;;SUBMISSION;ASH_COATED_OSMIUM;SEASHELLS;10004;2
850400;;SUBMISSION;ASH_COATED_OSMIUM;SEASHELLS;10008;9
851000;;SUBMISSION;ASH_COATED_OSMIUM;SEASHELLS;10003;3
851400;;SUBMISSION;INTARIAN_PEPPER_ROOT;SEASHELLS;12857;5
851700;SUBMISSION;;INTARIAN_PEPPER_ROOT;SEASHELLS;12847;4
852800;;SUBMISSION;ASH_COATED_OSMIUM;SEASHELLS;10007;6
853000;;SUBMISSION;INTARIAN_PEPPER_ROOT;SEASHELLS;12862;5
853100;SUBMISSION;;ASH_COATED_OSMIUM;SEASHELLS;9997;5
853200;;SUBMISSION;ASH_COATED_OSMIUM;SEASHELLS;10006;10
853300;SUBMISSION;;INTARIAN_PEPPER_ROOT;SEASHELLS;12847;5
854000;;SUBMISSION;ASH_COATED_OSMIUM;SEASHELLS;10013;6
856500;SUBMISSION;;ASH_COATED_OSMIUM;SEASHELLS;9993;5
860600;SUBMISSION;;ASH_COATED_OSMIUM;SEASHELLS;9993;2
861400;SUBMISSION;;ASH_COATED_OSMIUM;SEASHELLS;9994;4
861600;;SUBMISSION;ASH_COATED_OSMIUM;SEASHELLS;10008;2
863400;SUBMISSION;;ASH_COATED_OSMIUM;SEASHELLS;9999;2
864000;;SUBMISSION;ASH_COATED_OSMIUM;SEASHELLS;10006;3
864600;SUBMISSION;;ASH_COATED_OSMIUM;SEASHELLS;9991;3
864900;SUBMISSION;;INTARIAN_PEPPER_ROOT;SEASHELLS;12872;11
864900;SUBMISSION;;INTARIAN_PEPPER_ROOT;SEASHELLS;12869;7
866000;;SUBMISSION;INTARIAN_PEPPER_ROOT;SEASHELLS;12872;6
866200;;SUBMISSION;ASH_COATED_OSMIUM;SEASHELLS;10002;9
866200;SUBMISSION;;INTARIAN_PEPPER_ROOT;SEASHELLS;12862;3
868400;;SUBMISSION;ASH_COATED_OSMIUM;SEASHELLS;10001;10
869000;;SUBMISSION;INTARIAN_PEPPER_ROOT;SEASHELLS;12862;1
869000;;SUBMISSION;INTARIAN_PEPPER_ROOT;SEASHELLS;12864;5
870200;;SUBMISSION;INTARIAN_PEPPER_ROOT;SEASHELLS;12874;6
870800;SUBMISSION;;ASH_COATED_OSMIUM;SEASHELLS;9996;8
871500;SUBMISSION;;ASH_COATED_OSMIUM;SEASHELLS;9996;6
871900;;SUBMISSION;ASH_COATED_OSMIUM;SEASHELLS;10008;5
872600;SUBMISSION;;ASH_COATED_OSMIUM;SEASHELLS;9992;3
873100;SUBMISSION;;INTARIAN_PEPPER_ROOT;SEASHELLS;12867;6
873500;;SUBMISSION;ASH_COATED_OSMIUM;SEASHELLS;10002;8
875700;SUBMISSION;;ASH_COATED_OSMIUM;SEASHELLS;9989;10
877700;SUBMISSION;;ASH_COATED_OSMIUM;SEASHELLS;9996;9
878200;;SUBMISSION;ASH_COATED_OSMIUM;SEASHELLS;10001;5
878600;;SUBMISSION;INTARIAN_PEPPER_ROOT;SEASHELLS;12882;5
879400;SUBMISSION;;ASH_COATED_OSMIUM;SEASHELLS;9997;4
880100;SUBMISSION;;ASH_COATED_OSMIUM;SEASHELLS;9993;3
881300;SUBMISSION;;ASH_COATED_OSMIUM;SEASHELLS;9992;4
881600;SUBMISSION;;INTARIAN_PEPPER_ROOT;SEASHELLS;12872;4
882200;;SUBMISSION;INTARIAN_PEPPER_ROOT;SEASHELLS;12891;7
882400;;SUBMISSION;ASH_COATED_OSMIUM;SEASHELLS;10006;5
883800;;SUBMISSION;ASH_COATED_OSMIUM;SEASHELLS;10005;5
884700;SUBMISSION;;ASH_COATED_OSMIUM;SEASHELLS;9999;4
884800;SUBMISSION;;ASH_COATED_OSMIUM;SEASHELLS;9995;5
885400;SUBMISSION;;ASH_COATED_OSMIUM;SEASHELLS;9989;2
885600;;SUBMISSION;ASH_COATED_OSMIUM;SEASHELLS;10005;4
885800;SUBMISSION;;INTARIAN_PEPPER_ROOT;SEASHELLS;12881;5
887000;SUBMISSION;;INTARIAN_PEPPER_ROOT;SEASHELLS;12889;8
890400;SUBMISSION;;ASH_COATED_OSMIUM;SEASHELLS;9997;3
890500;SUBMISSION;;ASH_COATED_OSMIUM;SEASHELLS;9989;5
891400;SUBMISSION;;INTARIAN_PEPPER_ROOT;SEASHELLS;12887;6
891900;;SUBMISSION;ASH_COATED_OSMIUM;SEASHELLS;10007;6
892100;SUBMISSION;;INTARIAN_PEPPER_ROOT;SEASHELLS;12886;4
892200;SUBMISSION;;ASH_COATED_OSMIUM;SEASHELLS;9999;5
892800;SUBMISSION;;ASH_COATED_OSMIUM;SEASHELLS;9990;6
892900;SUBMISSION;;INTARIAN_PEPPER_ROOT;SEASHELLS;12887;3
893400;SUBMISSION;;ASH_COATED_OSMIUM;SEASHELLS;9996;10
893500;SUBMISSION;;INTARIAN_PEPPER_ROOT;SEASHELLS;12889;3
894200;;SUBMISSION;INTARIAN_PEPPER_ROOT;SEASHELLS;12900;7
895100;;SUBMISSION;INTARIAN_PEPPER_ROOT;SEASHELLS;12898;5
896500;SUBMISSION;;INTARIAN_PEPPER_ROOT;SEASHELLS;12891;6
896700;SUBMISSION;;ASH_COATED_OSMIUM;SEASHELLS;10000;5
897000;SUBMISSION;;ASH_COATED_OSMIUM;SEASHELLS;9997;4
898300;SUBMISSION;;INTARIAN_PEPPER_ROOT;SEASHELLS;12894;8
898600;SUBMISSION;;ASH_COATED_OSMIUM;SEASHELLS;9997;5
900200;;SUBMISSION;ASH_COATED_OSMIUM;SEASHELLS;10001;4
902000;SUBMISSION;;INTARIAN_PEPPER_ROOT;SEASHELLS;12896;4
903200;SUBMISSION;;ASH_COATED_OSMIUM;SEASHELLS;10000;8
904600;;SUBMISSION;ASH_COATED_OSMIUM;SEASHELLS;10005;4
904700;;SUBMISSION;INTARIAN_PEPPER_ROOT;SEASHELLS;12898;12
904700;;SUBMISSION;INTARIAN_PEPPER_ROOT;SEASHELLS;12899;7
904800;SUBMISSION;;INTARIAN_PEPPER_ROOT;SEASHELLS;12899;7
906000;;SUBMISSION;ASH_COATED_OSMIUM;SEASHELLS;10001;5
907400;;SUBMISSION;ASH_COATED_OSMIUM;SEASHELLS;10008;7
908400;;SUBMISSION;ASH_COATED_OSMIUM;SEASHELLS;10009;6
908600;;SUBMISSION;ASH_COATED_OSMIUM;SEASHELLS;10006;4
908800;;SUBMISSION;ASH_COATED_OSMIUM;SEASHELLS;10001;14
908800;SUBMISSION;;INTARIAN_PEPPER_ROOT;SEASHELLS;12904;7
909400;;SUBMISSION;ASH_COATED_OSMIUM;SEASHELLS;10001;15
909500;;SUBMISSION;ASH_COATED_OSMIUM;SEASHELLS;10001;14
909700;;SUBMISSION;ASH_COATED_OSMIUM;SEASHELLS;10001;9
911500;;SUBMISSION;INTARIAN_PEPPER_ROOT;SEASHELLS;12917;4
912800;SUBMISSION;;INTARIAN_PEPPER_ROOT;SEASHELLS;12908;5
913800;SUBMISSION;;INTARIAN_PEPPER_ROOT;SEASHELLS;12909;7
916300;;SUBMISSION;INTARIAN_PEPPER_ROOT;SEASHELLS;12920;6
917000;;SUBMISSION;INTARIAN_PEPPER_ROOT;SEASHELLS;12920;4
920500;SUBMISSION;;INTARIAN_PEPPER_ROOT;SEASHELLS;12916;8
922400;SUBMISSION;;INTARIAN_PEPPER_ROOT;SEASHELLS;12916;3
922700;SUBMISSION;;INTARIAN_PEPPER_ROOT;SEASHELLS;12917;5
925200;;SUBMISSION;INTARIAN_PEPPER_ROOT;SEASHELLS;12929;4
927400;SUBMISSION;;ASH_COATED_OSMIUM;SEASHELLS;9997;9
927600;SUBMISSION;;INTARIAN_PEPPER_ROOT;SEASHELLS;12922;4
928600;SUBMISSION;;INTARIAN_PEPPER_ROOT;SEASHELLS;12923;7
928900;;SUBMISSION;ASH_COATED_OSMIUM;SEASHELLS;10014;2
929200;;SUBMISSION;ASH_COATED_OSMIUM;SEASHELLS;10003;4
930200;SUBMISSION;;ASH_COATED_OSMIUM;SEASHELLS;9998;3
930300;;SUBMISSION;ASH_COATED_OSMIUM;SEASHELLS;10006;4
930500;;SUBMISSION;INTARIAN_PEPPER_ROOT;SEASHELLS;12924;11
933000;;SUBMISSION;ASH_COATED_OSMIUM;SEASHELLS;10016;2
935100;;SUBMISSION;INTARIAN_PEPPER_ROOT;SEASHELLS;12932;2
936700;SUBMISSION;;INTARIAN_PEPPER_ROOT;SEASHELLS;12931;3
937400;;SUBMISSION;INTARIAN_PEPPER_ROOT;SEASHELLS;12941;3
937600;SUBMISSION;;INTARIAN_PEPPER_ROOT;SEASHELLS;12932;7
938300;;SUBMISSION;INTARIAN_PEPPER_ROOT;SEASHELLS;12931;9
938300;;SUBMISSION;INTARIAN_PEPPER_ROOT;SEASHELLS;12928;18
939400;;SUBMISSION;INTARIAN_PEPPER_ROOT;SEASHELLS;12943;8
940100;SUBMISSION;;INTARIAN_PEPPER_ROOT;SEASHELLS;12931;5
943700;;SUBMISSION;INTARIAN_PEPPER_ROOT;SEASHELLS;12950;3
949500;;SUBMISSION;INTARIAN_PEPPER_ROOT;SEASHELLS;12953;6
951400;;SUBMISSION;INTARIAN_PEPPER_ROOT;SEASHELLS;12957;3
951600;SUBMISSION;;INTARIAN_PEPPER_ROOT;SEASHELLS;12947;5
954500;SUBMISSION;;INTARIAN_PEPPER_ROOT;SEASHELLS;12949;4
954600;SUBMISSION;;INTARIAN_PEPPER_ROOT;SEASHELLS;12949;4
956900;SUBMISSION;;INTARIAN_PEPPER_ROOT;SEASHELLS;12948;5
957200;SUBMISSION;;INTARIAN_PEPPER_ROOT;SEASHELLS;12951;7
957900;;SUBMISSION;INTARIAN_PEPPER_ROOT;SEASHELLS;12964;7
958900;SUBMISSION;;INTARIAN_PEPPER_ROOT;SEASHELLS;12955;7
960600;SUBMISSION;;INTARIAN_PEPPER_ROOT;SEASHELLS;12956;5
961600;SUBMISSION;;INTARIAN_PEPPER_ROOT;SEASHELLS;12956;3
963500;SUBMISSION;;INTARIAN_PEPPER_ROOT;SEASHELLS;12959;3
965100;SUBMISSION;;INTARIAN_PEPPER_ROOT;SEASHELLS;12959;6
969800;;SUBMISSION;INTARIAN_PEPPER_ROOT;SEASHELLS;12973;8
971300;;SUBMISSION;INTARIAN_PEPPER_ROOT;SEASHELLS;12975;3
971600;SUBMISSION;;INTARIAN_PEPPER_ROOT;SEASHELLS;12967;7
975200;;SUBMISSION;INTARIAN_PEPPER_ROOT;SEASHELLS;12972;6
975500;SUBMISSION;;INTARIAN_PEPPER_ROOT;SEASHELLS;12970;6
978000;;SUBMISSION;INTARIAN_PEPPER_ROOT;SEASHELLS;12975;8
978300;;SUBMISSION;INTARIAN_PEPPER_ROOT;SEASHELLS;12982;5
978800;SUBMISSION;;INTARIAN_PEPPER_ROOT;SEASHELLS;12973;4
980400;SUBMISSION;;INTARIAN_PEPPER_ROOT;SEASHELLS;12976;8
985800;SUBMISSION;;INTARIAN_PEPPER_ROOT;SEASHELLS;12981;5
986900;;SUBMISSION;INTARIAN_PEPPER_ROOT;SEASHELLS;12990;8
989200;;SUBMISSION;INTARIAN_PEPPER_ROOT;SEASHELLS;12993;8
989900;SUBMISSION;;INTARIAN_PEPPER_ROOT;SEASHELLS;12986;4
990200;SUBMISSION;;INTARIAN_PEPPER_ROOT;SEASHELLS;12984;6
990700;;SUBMISSION;INTARIAN_PEPPER_ROOT;SEASHELLS;12997;6
990900;SUBMISSION;;INTARIAN_PEPPER_ROOT;SEASHELLS;12985;6
991300;SUBMISSION;;INTARIAN_PEPPER_ROOT;SEASHELLS;12985;3
995000;;SUBMISSION;INTARIAN_PEPPER_ROOT;SEASHELLS;13001;4
998400;;SUBMISSION;INTARIAN_PEPPER_ROOT;SEASHELLS;13004;4
