timestamp;buyer;seller;symbol;currency;price;quantity
0;SUBMISSION;;ASH_COATED_OSMIUM;SEASHELLS;9996;6
0;SUBMISSION;;INTARIAN_PEPPER_ROOT;SEASHELLS;12006;9
0;SUBMISSION;;INTARIAN_PEPPER_ROOT;SEASHELLS;12009;25
100;SUBMISSION;;INTARIAN_PEPPER_ROOT;SEASHELLS;12007;8
300;SUBMISSION;;INTARIAN_PEPPER_ROOT;SEASHELLS;12007;8
400;;SUBMISSION;ASH_COATED_OSMIUM;SEASHELLS;10003;8
400;SUBMISSION;;INTARIAN_PEPPER_ROOT;SEASHELLS;12007;10
700;SUBMISSION;;INTARIAN_PEPPER_ROOT;SEASHELLS;12007;9
800;SUBMISSION;;INTARIAN_PEPPER_ROOT;SEASHELLS;12007;8
900;SUBMISSION;;INTARIAN_PEPPER_ROOT;SEASHELLS;12007;3
3600;;SUBMISSION;ASH_COATED_OSMIUM;SEASHELLS;10008;3
4200;;SUBMISSION;ASH_COATED_OSMIUM;SEASHELLS;10010;2
7600;SUBMISSION;;ASH_COATED_OSMIUM;SEASHELLS;9998;5
9100;SUBMISSION;;ASH_COATED_OSMIUM;SEASHELLS;9999;4
9400;SUBMISSION;;ASH_COATED_OSMIUM;SEASHELLS;9998;10
9600;SUBMISSION;;ASH_COATED_OSMIUM;SEASHELLS;9994;6
10000;SUBMISSION;;ASH_COATED_OSMIUM;SEASHELLS;9995;8
12100;SUBMISSION;;ASH_COATED_OSMIUM;SEASHELLS;9995;5
14000;;SUBMISSION;ASH_COATED_OSMIUM;SEASHELLS;10010;3
15100;;SUBMISSION;ASH_COATED_OSMIUM;SEASHELLS;10009;2
15100;;SUBMISSION;ASH_COATED_OSMIUM;SEASHELLS;10009;8
15500;;SUBMISSION;ASH_COATED_OSMIUM;SEASHELLS;10003;10
18500;;SUBMISSION;ASH_COATED_OSMIUM;SEASHELLS;10009;6
19800;SUBMISSION;;ASH_COATED_OSMIUM;SEASHELLS;9998;4
23900;SUBMISSION;;ASH_COATED_OSMIUM;SEASHELLS;9991;4
24300;SUBMISSION;;ASH_COATED_OSMIUM;SEASHELLS;9994;4
24400;SUBMISSION;;ASH_COATED_OSMIUM;SEASHELLS;9998;9
24600;SUBMISSION;;ASH_COATED_OSMIUM;SEASHELLS;9993;3
28000;;SUBMISSION;ASH_COATED_OSMIUM;SEASHELLS;10002;4
32800;SUBMISSION;;ASH_COATED_OSMIUM;SEASHELLS;9993;4
34000;;SUBMISSION;ASH_COATED_OSMIUM;SEASHELLS;10009;7
36500;;SUBMISSION;ASH_COATED_OSMIUM;SEASHELLS;10009;3
37800;;SUBMISSION;ASH_COATED_OSMIUM;SEASHELLS;10003;8
37900;SUBMISSION;;ASH_COATED_OSMIUM;SEASHELLS;9991;4
38400;;SUBMISSION;ASH_COATED_OSMIUM;SEASHELLS;10008;3
41500;;SUBMISSION;ASH_COATED_OSMIUM;SEASHELLS;10008;5
45200;SUBMISSION;;ASH_COATED_OSMIUM;SEASHELLS;9998;6
50900;SUBMISSION;;ASH_COATED_OSMIUM;SEASHELLS;9991;5
53800;SUBMISSION;;ASH_COATED_OSMIUM;SEASHELLS;9995;8
54600;SUBMISSION;;ASH_COATED_OSMIUM;SEASHELLS;9989;6
56400;SUBMISSION;;ASH_COATED_OSMIUM;SEASHELLS;9997;3
58400;SUBMISSION;;ASH_COATED_OSMIUM;SEASHELLS;9988;3
59700;SUBMISSION;;ASH_COATED_OSMIUM;SEASHELLS;9996;3
60300;SUBMISSION;;ASH_COATED_OSMIUM;SEASHELLS;9992;9
63700;SUBMISSION;;ASH_COATED_OSMIUM;SEASHELLS;9990;2
65300;SUBMISSION;;ASH_COATED_OSMIUM;SEASHELLS;9986;2
65500;SUBMISSION;;ASH_COATED_OSMIUM;SEASHELLS;9994;8
76300;SUBMISSION;;ASH_COATED_OSMIUM;SEASHELLS;9994;6
85500;SUBMISSION;;ASH_COATED_OSMIUM;SEASHELLS;9989;7
85900;SUBMISSION;;ASH_COATED_OSMIUM;SEASHELLS;9987;5
87800;;SUBMISSION;ASH_COATED_OSMIUM;SEASHELLS;10000;5
87900;SUBMISSION;;ASH_COATED_OSMIUM;SEASHELLS;9993;5
89700;;SUBMISSION;ASH_COATED_OSMIUM;SEASHELLS;10004;9
90800;SUBMISSION;;ASH_COATED_OSMIUM;SEASHELLS;9996;6
93000;;SUBMISSION;ASH_COATED_OSMIUM;SEASHELLS;10004;8
95900;;SUBMISSION;ASH_COATED_OSMIUM;SEASHELLS;10007;3
103700;;SUBMISSION;ASH_COATED_OSMIUM;SEASHELLS;10003;9
105900;;SUBMISSION;ASH_COATED_OSMIUM;SEASHELLS;10012;5
107200;SUBMISSION;;ASH_COATED_OSMIUM;SEASHELLS;9996;3
111600;SUBMISSION;;ASH_COATED_OSMIUM;SEASHELLS;9994;5
114700;SUBMISSION;;ASH_COATED_OSMIUM;SEASHELLS;9996;3
116100;SUBMISSION;;ASH_COATED_OSMIUM;SEASHELLS;9994;8
117600;;SUBMISSION;ASH_COATED_OSMIUM;SEASHELLS;10002;3
121500;;SUBMISSION;ASH_COATED_OSMIUM;SEASHELLS;10005;5
122000;;SUBMISSION;ASH_COATED_OSMIUM;SEASHELLS;10011;10
122300;;SUBMISSION;ASH_COATED_OSMIUM;SEASHELLS;10011;5
124500;SUBMISSION;;ASH_COATED_OSMIUM;SEASHELLS;9993;2
126400;SUBMISSION;;ASH_COATED_OSMIUM;SEASHELLS;9994;6
126500;SUBMISSION;;ASH_COATED_OSMIUM;SEASHELLS;9994;6
127800;;SUBMISSION;ASH_COATED_OSMIUM;SEASHELLS;10011;2
129900;;SUBMISSION;ASH_COATED_OSMIUM;SEASHELLS;10002;9
130300;;SUBMISSION;ASH_COATED_OSMIUM;SEASHELLS;10010;2
139400;SUBMISSION;;ASH_COATED_OSMIUM;SEASHELLS;9996;6
139400;SUBMISSION;;ASH_COATED_OSMIUM;SEASHELLS;9996;5
142000;SUBMISSION;;ASH_COATED_OSMIUM;SEASHELLS;9995;2
142200;SUBMISSION;;ASH_COATED_OSMIUM;SEASHELLS;9995;6
146700;;SUBMISSION;ASH_COATED_OSMIUM;SEASHELLS;10009;6
153200;SUBMISSION;;ASH_COATED_OSMIUM;SEASHELLS;9997;5
153900;;SUBMISSION;ASH_COATED_OSMIUM;SEASHELLS;10001;4
154600;SUBMISSION;;ASH_COATED_OSMIUM;SEASHELLS;9996;2
155300;;SUBMISSION;ASH_COATED_OSMIUM;SEASHELLS;10011;10
155500;;SUBMISSION;ASH_COATED_OSMIUM;SEASHELLS;10011;6
155700;;SUBMISSION;ASH_COATED_OSMIUM;SEASHELLS;10014;7
155800;SUBMISSION;;ASH_COATED_OSMIUM;SEASHELLS;9998;5
158200;SUBMISSION;;ASH_COATED_OSMIUM;SEASHELLS;9999;5
165300;SUBMISSION;;ASH_COATED_OSMIUM;SEASHELLS;9999;5
165500;;SUBMISSION;ASH_COATED_OSMIUM;SEASHELLS;10008;4
166100;;SUBMISSION;ASH_COATED_OSMIUM;SEASHELLS;10004;4
172700;;SUBMISSION;ASH_COATED_OSMIUM;SEASHELLS;10014;4
173100;;SUBMISSION;ASH_COATED_OSMIUM;SEASHELLS;10008;2
174100;;SUBMISSION;ASH_COATED_OSMIUM;SEASHELLS;10002;3
174800;;SUBMISSION;ASH_COATED_OSMIUM;SEASHELLS;10003;3
177700;SUBMISSION;;ASH_COATED_OSMIUM;SEASHELLS;9999;10
179700;;SUBMISSION;ASH_COATED_OSMIUM;SEASHELLS;10005;4
180600;;SUBMISSION;ASH_COATED_OSMIUM;SEASHELLS;10001;12
180700;;SUBMISSION;ASH_COATED_OSMIUM;SEASHELLS;10001;12
181600;SUBMISSION;;ASH_COATED_OSMIUM;SEASHELLS;10000;2
182700;SUBMISSION;;ASH_COATED_OSMIUM;SEASHELLS;9999;5
184100;;SUBMISSION;ASH_COATED_OSMIUM;SEASHELLS;10003;4
184700;;SUBMISSION;ASH_COATED_OSMIUM;SEASHELLS;10008;4
184700;;SUBMISSION;ASH_COATED_OSMIUM;SEASHELLS;10008;4
185900;SUBMISSION;;ASH_COATED_OSMIUM;SEASHELLS;10001;10
186800;SUBMISSION;;ASH_COATED_OSMIUM;SEASHELLS;10000;4
187200;;SUBMISSION;ASH_COATED_OSMIUM;SEASHELLS;10004;3
190400;;SUBMISSION;ASH_COATED_OSMIUM;SEASHELLS;10011;3
192600;SUBMISSION;;ASH_COATED_OSMIUM;SEASHELLS;9998;8
192900;;SUBMISSION;ASH_COATED_OSMIUM;SEASHELLS;10012;10
193300;;SUBMISSION;ASH_COATED_OSMIUM;SEASHELLS;10006;5
195400;;SUBMISSION;ASH_COATED_OSMIUM;SEASHELLS;10004;2
197300;SUBMISSION;;ASH_COATED_OSMIUM;SEASHELLS;9998;9
198200;;SUBMISSION;ASH_COATED_OSMIUM;SEASHELLS;10003;4
200100;SUBMISSION;;ASH_COATED_OSMIUM;SEASHELLS;9998;6
200300;SUBMISSION;;ASH_COATED_OSMIUM;SEASHELLS;9999;10
200400;;SUBMISSION;ASH_COATED_OSMIUM;SEASHELLS;10013;2
200600;;SUBMISSION;ASH_COATED_OSMIUM;SEASHELLS;10012;2
200700;;SUBMISSION;ASH_COATED_OSMIUM;SEASHELLS;10011;8
201700;SUBMISSION;;ASH_COATED_OSMIUM;SEASHELLS;9995;4
205600;SUBMISSION;;ASH_COATED_OSMIUM;SEASHELLS;9992;2
206600;SUBMISSION;;ASH_COATED_OSMIUM;SEASHELLS;9994;7
206700;;SUBMISSION;ASH_COATED_OSMIUM;SEASHELLS;10002;5
208900;SUBMISSION;;ASH_COATED_OSMIUM;SEASHELLS;9989;10
210000;SUBMISSION;;ASH_COATED_OSMIUM;SEASHELLS;9988;4
212700;SUBMISSION;;ASH_COATED_OSMIUM;SEASHELLS;9995;5
212700;SUBMISSION;;ASH_COATED_OSMIUM;SEASHELLS;9988;6
216900;;SUBMISSION;ASH_COATED_OSMIUM;SEASHELLS;10002;7
223900;;SUBMISSION;ASH_COATED_OSMIUM;SEASHELLS;10003;5
226200;SUBMISSION;;ASH_COATED_OSMIUM;SEASHELLS;9990;6
227600;SUBMISSION;;ASH_COATED_OSMIUM;SEASHELLS;9991;5
228000;SUBMISSION;;ASH_COATED_OSMIUM;SEASHELLS;9991;5
228300;;SUBMISSION;ASH_COATED_OSMIUM;SEASHELLS;10001;7
235600;SUBMISSION;;ASH_COATED_OSMIUM;SEASHELLS;9990;8
236100;SUBMISSION;;ASH_COATED_OSMIUM;SEASHELLS;9990;4
236500;SUBMISSION;;ASH_COATED_OSMIUM;SEASHELLS;9990;2
236600;SUBMISSION;;ASH_COATED_OSMIUM;SEASHELLS;9991;4
237100;SUBMISSION;;ASH_COATED_OSMIUM;SEASHELLS;9988;3
241700;SUBMISSION;;ASH_COATED_OSMIUM;SEASHELLS;9989;7
246200;SUBMISSION;;ASH_COATED_OSMIUM;SEASHELLS;9987;3
254700;;SUBMISSION;ASH_COATED_OSMIUM;SEASHELLS;9995;10
255600;;SUBMISSION;ASH_COATED_OSMIUM;SEASHELLS;9996;9
259400;SUBMISSION;;ASH_COATED_OSMIUM;SEASHELLS;9990;8
261300;SUBMISSION;;ASH_COATED_OSMIUM;SEASHELLS;9989;2
262000;;SUBMISSION;ASH_COATED_OSMIUM;SEASHELLS;10000;8
267000;SUBMISSION;;ASH_COATED_OSMIUM;SEASHELLS;9994;9
269300;;SUBMISSION;ASH_COATED_OSMIUM;SEASHELLS;10002;4
269400;SUBMISSION;;ASH_COATED_OSMIUM;SEASHELLS;9994;4
270400;;SUBMISSION;ASH_COATED_OSMIUM;SEASHELLS;10010;2
271800;;SUBMISSION;ASH_COATED_OSMIUM;SEASHELLS;10010;5
272800;;SUBMISSION;ASH_COATED_OSMIUM;SEASHELLS;10011;6
274000;;SUBMISSION;ASH_COATED_OSMIUM;SEASHELLS;10001;4
275600;;SUBMISSION;ASH_COATED_OSMIUM;SEASHELLS;10010;4
280900;SUBMISSION;;ASH_COATED_OSMIUM;SEASHELLS;9995;2
282500;SUBMISSION;;ASH_COATED_OSMIUM;SEASHELLS;9995;4
282700;;SUBMISSION;ASH_COATED_OSMIUM;SEASHELLS;10003;3
288000;;SUBMISSION;ASH_COATED_OSMIUM;SEASHELLS;10001;5
291400;SUBMISSION;;ASH_COATED_OSMIUM;SEASHELLS;9995;3
295500;;SUBMISSION;ASH_COATED_OSMIUM;SEASHELLS;10008;8
297100;;SUBMISSION;ASH_COATED_OSMIUM;SEASHELLS;10004;6
297300;;SUBMISSION;ASH_COATED_OSMIUM;SEASHELLS;10010;3
299500;SUBMISSION;;ASH_COATED_OSMIUM;SEASHELLS;9994;2
301600;SUBMISSION;;ASH_COATED_OSMIUM;SEASHELLS;9995;9
302800;;SUBMISSION;ASH_COATED_OSMIUM;SEASHELLS;10003;5
306200;SUBMISSION;;ASH_COATED_OSMIUM;SEASHELLS;9995;6
306500;;SUBMISSION;ASH_COATED_OSMIUM;SEASHELLS;10009;5
307600;SUBMISSION;;ASH_COATED_OSMIUM;SEASHELLS;9995;5
310000;;SUBMISSION;ASH_COATED_OSMIUM;SEASHELLS;10007;9
310300;;SUBMISSION;ASH_COATED_OSMIUM;SEASHELLS;10002;6
312000;;SUBMISSION;ASH_COATED_OSMIUM;SEASHELLS;10003;5
313100;SUBMISSION;;ASH_COATED_OSMIUM;SEASHELLS;9996;2
313600;;SUBMISSION;ASH_COATED_OSMIUM;SEASHELLS;10011;3
319100;;SUBMISSION;ASH_COATED_OSMIUM;SEASHELLS;10006;10
320900;;SUBMISSION;ASH_COATED_OSMIUM;SEASHELLS;10015;6
323500;SUBMISSION;;ASH_COATED_OSMIUM;SEASHELLS;9995;6
324600;SUBMISSION;;ASH_COATED_OSMIUM;SEASHELLS;9994;2
325000;;SUBMISSION;ASH_COATED_OSMIUM;SEASHELLS;10008;5
329000;SUBMISSION;;ASH_COATED_OSMIUM;SEASHELLS;9994;9
330300;;SUBMISSION;ASH_COATED_OSMIUM;SEASHELLS;10003;4
330600;SUBMISSION;;ASH_COATED_OSMIUM;SEASHELLS;9995;2
331800;;SUBMISSION;ASH_COATED_OSMIUM;SEASHELLS;10010;8
332800;;SUBMISSION;ASH_COATED_OSMIUM;SEASHELLS;10009;5
333200;;SUBMISSION;ASH_COATED_OSMIUM;SEASHELLS;10004;6
335800;SUBMISSION;;ASH_COATED_OSMIUM;SEASHELLS;9995;6
336000;SUBMISSION;;ASH_COATED_OSMIUM;SEASHELLS;9996;6
336100;;SUBMISSION;ASH_COATED_OSMIUM;SEASHELLS;10005;4
336400;;SUBMISSION;ASH_COATED_OSMIUM;SEASHELLS;10011;9
336800;SUBMISSION;;ASH_COATED_OSMIUM;SEASHELLS;9995;4
337200;SUBMISSION;;ASH_COATED_OSMIUM;SEASHELLS;9994;6
337300;SUBMISSION;;ASH_COATED_OSMIUM;SEASHELLS;9996;7
340700;;SUBMISSION;ASH_COATED_OSMIUM;SEASHELLS;10008;2
341200;SUBMISSION;;ASH_COATED_OSMIUM;SEASHELLS;9995;2
344200;SUBMISSION;;ASH_COATED_OSMIUM;SEASHELLS;9997;4
345800;SUBMISSION;;ASH_COATED_OSMIUM;SEASHELLS;9997;3
346200;SUBMISSION;;ASH_COATED_OSMIUM;SEASHELLS;9996;4
346300;;SUBMISSION;ASH_COATED_OSMIUM;SEASHELLS;10001;2
348000;;SUBMISSION;ASH_COATED_OSMIUM;SEASHELLS;10001;3
348600;;SUBMISSION;ASH_COATED_OSMIUM;SEASHELLS;10001;2
349400;;SUBMISSION;ASH_COATED_OSMIUM;SEASHELLS;10008;4
350400;;SUBMISSION;ASH_COATED_OSMIUM;SEASHELLS;10007;5
351800;;SUBMISSION;ASH_COATED_OSMIUM;SEASHELLS;10009;5
353000;SUBMISSION;;ASH_COATED_OSMIUM;SEASHELLS;9994;5
356700;;SUBMISSION;ASH_COATED_OSMIUM;SEASHELLS;10010;9
357500;SUBMISSION;;ASH_COATED_OSMIUM;SEASHELLS;9997;3
358400;;SUBMISSION;ASH_COATED_OSMIUM;SEASHELLS;10010;3
359300;SUBMISSION;;ASH_COATED_OSMIUM;SEASHELLS;9996;4
361600;;SUBMISSION;ASH_COATED_OSMIUM;SEASHELLS;10004;8
363200;;SUBMISSION;ASH_COATED_OSMIUM;SEASHELLS;10004;8
363200;;SUBMISSION;ASH_COATED_OSMIUM;SEASHELLS;10009;2
363300;;SUBMISSION;ASH_COATED_OSMIUM;SEASHELLS;10004;8
365700;;SUBMISSION;ASH_COATED_OSMIUM;SEASHELLS;10005;4
367100;SUBMISSION;;ASH_COATED_OSMIUM;SEASHELLS;9999;10
369000;SUBMISSION;;ASH_COATED_OSMIUM;SEASHELLS;10000;9
370500;;SUBMISSION;ASH_COATED_OSMIUM;SEASHELLS;10003;5
375400;;SUBMISSION;ASH_COATED_OSMIUM;SEASHELLS;10009;3
381000;;SUBMISSION;ASH_COATED_OSMIUM;SEASHELLS;10009;2
381700;;SUBMISSION;ASH_COATED_OSMIUM;SEASHELLS;10004;6
383000;;SUBMISSION;ASH_COATED_OSMIUM;SEASHELLS;10008;6
389800;;SUBMISSION;ASH_COATED_OSMIUM;SEASHELLS;10008;10
389900;SUBMISSION;;ASH_COATED_OSMIUM;SEASHELLS;9991;7
390400;SUBMISSION;;ASH_COATED_OSMIUM;SEASHELLS;9994;9
391100;SUBMISSION;;ASH_COATED_OSMIUM;SEASHELLS;9993;4
392300;;SUBMISSION;ASH_COATED_OSMIUM;SEASHELLS;10009;5
394700;SUBMISSION;;ASH_COATED_OSMIUM;SEASHELLS;10000;5
401400;;SUBMISSION;ASH_COATED_OSMIUM;SEASHELLS;10005;5
401700;;SUBMISSION;ASH_COATED_OSMIUM;SEASHELLS;10011;9
407400;;SUBMISSION;ASH_COATED_OSMIUM;SEASHELLS;10009;8
409200;SUBMISSION;;ASH_COATED_OSMIUM;SEASHELLS;9999;7
409500;SUBMISSION;;ASH_COATED_OSMIUM;SEASHELLS;9999;7
414000;;SUBMISSION;ASH_COATED_OSMIUM;SEASHELLS;10009;6
424400;SUBMISSION;;ASH_COATED_OSMIUM;SEASHELLS;9999;4
424700;SUBMISSION;;ASH_COATED_OSMIUM;SEASHELLS;9991;6
425200;;SUBMISSION;ASH_COATED_OSMIUM;SEASHELLS;10005;6
425800;SUBMISSION;;ASH_COATED_OSMIUM;SEASHELLS;9991;7
427800;SUBMISSION;;ASH_COATED_OSMIUM;SEASHELLS;10000;5
429300;SUBMISSION;;ASH_COATED_OSMIUM;SEASHELLS;10000;5
430100;;SUBMISSION;ASH_COATED_OSMIUM;SEASHELLS;10006;4
432800;SUBMISSION;;ASH_COATED_OSMIUM;SEASHELLS;9992;6
433700;SUBMISSION;;ASH_COATED_OSMIUM;SEASHELLS;9991;6
435400;SUBMISSION;;ASH_COATED_OSMIUM;SEASHELLS;9990;3
436900;SUBMISSION;;ASH_COATED_OSMIUM;SEASHELLS;9998;2
440700;SUBMISSION;;ASH_COATED_OSMIUM;SEASHELLS;9992;2
441900;SUBMISSION;;ASH_COATED_OSMIUM;SEASHELLS;9998;7
444000;;SUBMISSION;ASH_COATED_OSMIUM;SEASHELLS;10003;10
445000;;SUBMISSION;ASH_COATED_OSMIUM;SEASHELLS;10009;8
452300;;SUBMISSION;ASH_COATED_OSMIUM;SEASHELLS;10011;7
453700;;SUBMISSION;ASH_COATED_OSMIUM;SEASHELLS;10008;6
455900;SUBMISSION;;ASH_COATED_OSMIUM;SEASHELLS;10005;10
456000;;SUBMISSION;ASH_COATED_OSMIUM;SEASHELLS;10014;4
458400;;SUBMISSION;ASH_COATED_OSMIUM;SEASHELLS;10013;6
462400;;SUBMISSION;ASH_COATED_OSMIUM;SEASHELLS;10007;6
463700;SUBMISSION;;ASH_COATED_OSMIUM;SEASHELLS;10003;8
463900;;SUBMISSION;ASH_COATED_OSMIUM;SEASHELLS;10012;6
465500;;SUBMISSION;ASH_COATED_OSMIUM;SEASHELLS;10012;6
465900;;SUBMISSION;ASH_COATED_OSMIUM;SEASHELLS;10006;4
467800;;SUBMISSION;ASH_COATED_OSMIUM;SEASHELLS;10007;4
467800;;SUBMISSION;ASH_COATED_OSMIUM;SEASHELLS;10013;5
468300;SUBMISSION;;ASH_COATED_OSMIUM;SEASHELLS;10003;4
471300;SUBMISSION;;ASH_COATED_OSMIUM;SEASHELLS;10003;10
471900;;SUBMISSION;ASH_COATED_OSMIUM;SEASHELLS;10013;6
476400;;SUBMISSION;ASH_COATED_OSMIUM;SEASHELLS;10007;5
477100;SUBMISSION;;ASH_COATED_OSMIUM;SEASHELLS;10001;3
479600;SUBMISSION;;ASH_COATED_OSMIUM;SEASHELLS;9992;2
480100;SUBMISSION;;ASH_COATED_OSMIUM;SEASHELLS;9998;4
481900;SUBMISSION;;ASH_COATED_OSMIUM;SEASHELLS;10001;3
482300;SUBMISSION;;ASH_COATED_OSMIUM;SEASHELLS;9999;3
482600;SUBMISSION;;ASH_COATED_OSMIUM;SEASHELLS;9990;5
482700;SUBMISSION;;ASH_COATED_OSMIUM;SEASHELLS;9990;5
483400;SUBMISSION;;ASH_COATED_OSMIUM;SEASHELLS;9995;7
483500;SUBMISSION;;ASH_COATED_OSMIUM;SEASHELLS;9999;2
487200;;SUBMISSION;ASH_COATED_OSMIUM;SEASHELLS;10007;3
487500;SUBMISSION;;ASH_COATED_OSMIUM;SEASHELLS;9991;4
487700;SUBMISSION;;ASH_COATED_OSMIUM;SEASHELLS;9991;5
489100;SUBMISSION;;ASH_COATED_OSMIUM;SEASHELLS;9999;8
493900;;SUBMISSION;ASH_COATED_OSMIUM;SEASHELLS;10003;10
494300;;SUBMISSION;ASH_COATED_OSMIUM;SEASHELLS;10009;3
498900;SUBMISSION;;ASH_COATED_OSMIUM;SEASHELLS;9993;8
500000;SUBMISSION;;ASH_COATED_OSMIUM;SEASHELLS;9991;4
501500;SUBMISSION;;ASH_COATED_OSMIUM;SEASHELLS;9997;10
501900;;SUBMISSION;ASH_COATED_OSMIUM;SEASHELLS;10000;6
502100;SUBMISSION;;ASH_COATED_OSMIUM;SEASHELLS;9992;4
503100;SUBMISSION;;ASH_COATED_OSMIUM;SEASHELLS;9996;5
511000;SUBMISSION;;ASH_COATED_OSMIUM;SEASHELLS;9998;4
511700;;SUBMISSION;ASH_COATED_OSMIUM;SEASHELLS;10013;6
512500;;SUBMISSION;ASH_COATED_OSMIUM;SEASHELLS;10013;4
514300;SUBMISSION;;ASH_COATED_OSMIUM;SEASHELLS;9996;5
516100;;SUBMISSION;ASH_COATED_OSMIUM;SEASHELLS;10012;5
517200;;SUBMISSION;ASH_COATED_OSMIUM;SEASHELLS;10011;5
520100;;SUBMISSION;ASH_COATED_OSMIUM;SEASHELLS;10014;6
521800;SUBMISSION;;ASH_COATED_OSMIUM;SEASHELLS;9997;4
522200;SUBMISSION;;ASH_COATED_OSMIUM;SEASHELLS;10003;4
522500;;SUBMISSION;ASH_COATED_OSMIUM;SEASHELLS;10007;5
525300;;SUBMISSION;ASH_COATED_OSMIUM;SEASHELLS;10007;7
525400;;SUBMISSION;ASH_COATED_OSMIUM;SEASHELLS;10003;2
525900;SUBMISSION;;ASH_COATED_OSMIUM;SEASHELLS;10003;9
526300;;SUBMISSION;ASH_COATED_OSMIUM;SEASHELLS;10002;2
526500;;SUBMISSION;ASH_COATED_OSMIUM;SEASHELLS;10006;10
528200;;SUBMISSION;ASH_COATED_OSMIUM;SEASHELLS;10003;5
532800;SUBMISSION;;ASH_COATED_OSMIUM;SEASHELLS;10004;6
533700;;SUBMISSION;ASH_COATED_OSMIUM;SEASHELLS;10005;3
534100;;SUBMISSION;ASH_COATED_OSMIUM;SEASHELLS;10006;4
534400;;SUBMISSION;ASH_COATED_OSMIUM;SEASHELLS;10007;3
534800;;SUBMISSION;ASH_COATED_OSMIUM;SEASHELLS;10012;9
535400;;SUBMISSION;ASH_COATED_OSMIUM;SEASHELLS;10009;4
535700;;SUBMISSION;ASH_COATED_OSMIUM;SEASHELLS;10009;3
537200;;SUBMISSION;ASH_COATED_OSMIUM;SEASHELLS;10018;3
538200;;SUBMISSION;ASH_COATED_OSMIUM;SEASHELLS;10013;9
538600;SUBMISSION;;ASH_COATED_OSMIUM;SEASHELLS;10009;7
539000;;SUBMISSION;ASH_COATED_OSMIUM;SEASHELLS;10009;5
540100;;SUBMISSION;ASH_COATED_OSMIUM;SEASHELLS;10019;2
542300;;SUBMISSION;ASH_COATED_OSMIUM;SEASHELLS;10015;8
542800;;SUBMISSION;ASH_COATED_OSMIUM;SEASHELLS;10007;14
545900;;SUBMISSION;ASH_COATED_OSMIUM;SEASHELLS;10016;7
548400;;SUBMISSION;ASH_COATED_OSMIUM;SEASHELLS;10015;10
557800;SUBMISSION;;ASH_COATED_OSMIUM;SEASHELLS;10008;6
560300;;SUBMISSION;ASH_COATED_OSMIUM;SEASHELLS;10018;6
578400;SUBMISSION;;ASH_COATED_OSMIUM;SEASHELLS;10005;4
578600;;SUBMISSION;ASH_COATED_OSMIUM;SEASHELLS;10010;4
579000;SUBMISSION;;ASH_COATED_OSMIUM;SEASHELLS;10006;5
580800;SUBMISSION;;ASH_COATED_OSMIUM;SEASHELLS;10005;6
583200;SUBMISSION;;ASH_COATED_OSMIUM;SEASHELLS;10003;9
583400;SUBMISSION;;ASH_COATED_OSMIUM;SEASHELLS;10007;3
583900;;SUBMISSION;ASH_COATED_OSMIUM;SEASHELLS;10013;7
584000;;SUBMISSION;ASH_COATED_OSMIUM;SEASHELLS;10012;8
585100;SUBMISSION;;ASH_COATED_OSMIUM;SEASHELLS;10001;5
589000;SUBMISSION;;ASH_COATED_OSMIUM;SEASHELLS;10002;6
590100;;SUBMISSION;ASH_COATED_OSMIUM;SEASHELLS;10011;3
594800;;SUBMISSION;ASH_COATED_OSMIUM;SEASHELLS;10012;2
604200;SUBMISSION;;ASH_COATED_OSMIUM;SEASHELLS;10002;4
607600;;SUBMISSION;ASH_COATED_OSMIUM;SEASHELLS;10011;5
608800;SUBMISSION;;ASH_COATED_OSMIUM;SEASHELLS;10000;6
609700;SUBMISSION;;ASH_COATED_OSMIUM;SEASHELLS;9998;6
612000;SUBMISSION;;ASH_COATED_OSMIUM;SEASHELLS;10001;2
615600;;SUBMISSION;ASH_COATED_OSMIUM;SEASHELLS;10008;5
618700;SUBMISSION;;ASH_COATED_OSMIUM;SEASHELLS;9999;5
622700;;SUBMISSION;ASH_COATED_OSMIUM;SEASHELLS;10015;4
626000;SUBMISSION;;ASH_COATED_OSMIUM;SEASHELLS;9998;5
628900;;SUBMISSION;ASH_COATED_OSMIUM;SEASHELLS;10007;6
632100;;SUBMISSION;ASH_COATED_OSMIUM;SEASHELLS;10008;5
639100;;SUBMISSION;ASH_COATED_OSMIUM;SEASHELLS;10011;8
639200;SUBMISSION;;ASH_COATED_OSMIUM;SEASHELLS;10001;9
641800;;SUBMISSION;ASH_COATED_OSMIUM;SEASHELLS;10011;5
642700;;SUBMISSION;ASH_COATED_OSMIUM;SEASHELLS;10014;6
647300;;SUBMISSION;ASH_COATED_OSMIUM;SEASHELLS;10013;5
653900;SUBMISSION;;ASH_COATED_OSMIUM;SEASHELLS;9992;6
654800;SUBMISSION;;ASH_COATED_OSMIUM;SEASHELLS;9992;6
655900;SUBMISSION;;ASH_COATED_OSMIUM;SEASHELLS;9992;3
656900;SUBMISSION;;ASH_COATED_OSMIUM;SEASHELLS;9991;10
658000;SUBMISSION;;ASH_COATED_OSMIUM;SEASHELLS;9992;3
658400;;SUBMISSION;ASH_COATED_OSMIUM;SEASHELLS;10005;9
659400;SUBMISSION;;ASH_COATED_OSMIUM;SEASHELLS;9998;5
660200;;SUBMISSION;ASH_COATED_OSMIUM;SEASHELLS;10002;4
662300;SUBMISSION;;ASH_COATED_OSMIUM;SEASHELLS;10001;12
662600;SUBMISSION;;ASH_COATED_OSMIUM;SEASHELLS;10001;10
662800;SUBMISSION;;ASH_COATED_OSMIUM;SEASHELLS;10001;14
662900;SUBMISSION;;ASH_COATED_OSMIUM;SEASHELLS;10001;10
663300;SUBMISSION;;ASH_COATED_OSMIUM;SEASHELLS;10000;10
664800;SUBMISSION;;ASH_COATED_OSMIUM;SEASHELLS;9999;10
666200;SUBMISSION;;ASH_COATED_OSMIUM;SEASHELLS;9997;14
666400;SUBMISSION;;ASH_COATED_OSMIUM;SEASHELLS;9983;4
666800;SUBMISSION;;ASH_COATED_OSMIUM;SEASHELLS;9997;14
666800;SUBMISSION;;ASH_COATED_OSMIUM;SEASHELLS;9982;5
667000;SUBMISSION;;ASH_COATED_OSMIUM;SEASHELLS;9992;5
673600;SUBMISSION;;ASH_COATED_OSMIUM;SEASHELLS;9991;10
676800;SUBMISSION;;ASH_COATED_OSMIUM;SEASHELLS;9988;4
679300;SUBMISSION;;ASH_COATED_OSMIUM;SEASHELLS;9991;6
681900;SUBMISSION;;ASH_COATED_OSMIUM;SEASHELLS;9993;3
689600;SUBMISSION;;ASH_COATED_OSMIUM;SEASHELLS;9991;7
709400;;SUBMISSION;ASH_COATED_OSMIUM;SEASHELLS;9991;6
710300;SUBMISSION;;ASH_COATED_OSMIUM;SEASHELLS;9992;4
711600;SUBMISSION;;ASH_COATED_OSMIUM;SEASHELLS;9987;2
713400;;SUBMISSION;ASH_COATED_OSMIUM;SEASHELLS;9990;10
713700;SUBMISSION;;ASH_COATED_OSMIUM;SEASHELLS;9986;10
716400;;SUBMISSION;ASH_COATED_OSMIUM;SEASHELLS;9988;6
717200;SUBMISSION;;ASH_COATED_OSMIUM;SEASHELLS;9988;2
717800;SUBMISSION;;ASH_COATED_OSMIUM;SEASHELLS;9988;3
719000;SUBMISSION;;ASH_COATED_OSMIUM;SEASHELLS;9988;1
721200;;SUBMISSION;ASH_COATED_OSMIUM;SEASHELLS;9989;8
722800;;SUBMISSION;ASH_COATED_OSMIUM;SEASHELLS;9989;7
723100;SUBMISSION;;ASH_COATED_OSMIUM;SEASHELLS;9980;6
724800;SUBMISSION;;ASH_COATED_OSMIUM;SEASHELLS;9985;8
725700;SUBMISSION;;ASH_COATED_OSMIUM;SEASHELLS;9981;1
731000;;SUBMISSION;ASH_COATED_OSMIUM;SEASHELLS;9992;9
731500;SUBMISSION;;ASH_COATED_OSMIUM;SEASHELLS;9993;2
732200;SUBMISSION;;ASH_COATED_OSMIUM;SEASHELLS;9993;4
732300;SUBMISSION;;ASH_COATED_OSMIUM;SEASHELLS;9993;3
740500;;SUBMISSION;ASH_COATED_OSMIUM;SEASHELLS;9993;8
743500;SUBMISSION;;ASH_COATED_OSMIUM;SEASHELLS;9985;4
745200;SUBMISSION;;ASH_COATED_OSMIUM;SEASHELLS;9986;4
753100;;SUBMISSION;ASH_COATED_OSMIUM;SEASHELLS;9998;9
756200;SUBMISSION;;ASH_COATED_OSMIUM;SEASHELLS;9990;6
756600;SUBMISSION;;ASH_COATED_OSMIUM;SEASHELLS;9991;3
758100;;SUBMISSION;ASH_COATED_OSMIUM;SEASHELLS;9999;5
758300;SUBMISSION;;ASH_COATED_OSMIUM;SEASHELLS;9989;5
771800;;SUBMISSION;ASH_COATED_OSMIUM;SEASHELLS;10002;9
773400;;SUBMISSION;ASH_COATED_OSMIUM;SEASHELLS;10002;8
779700;SUBMISSION;;ASH_COATED_OSMIUM;SEASHELLS;9994;6
789500;SUBMISSION;;ASH_COATED_OSMIUM;SEASHELLS;9990;2
791700;SUBMISSION;;ASH_COATED_OSMIUM;SEASHELLS;9990;5
796300;SUBMISSION;;ASH_COATED_OSMIUM;SEASHELLS;9988;4
815400;;SUBMISSION;ASH_COATED_OSMIUM;SEASHELLS;10009;4
819100;;SUBMISSION;ASH_COATED_OSMIUM;SEASHELLS;10002;5
821100;;SUBMISSION;ASH_COATED_OSMIUM;SEASHELLS;10010;8
823200;;SUBMISSION;ASH_COATED_OSMIUM;SEASHELLS;10003;5
832700;SUBMISSION;;ASH_COATED_OSMIUM;SEASHELLS;9998;5
833900;;SUBMISSION;ASH_COATED_OSMIUM;SEASHELLS;10007;4
835700;;SUBMISSION;ASH_COATED_OSMIUM;SEASHELLS;10015;8
836900;;SUBMISSION;ASH_COATED_OSMIUM;SEASHELLS;10004;4
839500;;SUBMISSION;ASH_COATED_OSMIUM;SEASHELLS;10014;4
839800;;SUBMISSION;ASH_COATED_OSMIUM;SEASHELLS;10007;7
840500;;SUBMISSION;ASH_COATED_OSMIUM;SEASHELLS;10003;5
841500;SUBMISSION;;ASH_COATED_OSMIUM;SEASHELLS;9997;6
842800;;SUBMISSION;ASH_COATED_OSMIUM;SEASHELLS;10012;5
843100;SUBMISSION;;ASH_COATED_OSMIUM;SEASHELLS;9998;5
843200;SUBMISSION;;ASH_COATED_OSMIUM;SEASHELLS;9998;4
845100;;SUBMISSION;ASH_COATED_OSMIUM;SEASHELLS;10012;3
845400;;SUBMISSION;ASH_COATED_OSMIUM;SEASHELLS;10012;3
846100;;SUBMISSION;ASH_COATED_OSMIUM;SEASHELLS;10007;6
847500;;SUBMISSION;ASH_COATED_OSMIUM;SEASHELLS;10013;8
847800;SUBMISSION;;ASH_COATED_OSMIUM;SEASHELLS;9999;7
848300;SUBMISSION;;ASH_COATED_OSMIUM;SEASHELLS;9996;5
850300;;SUBMISSION;ASH_COATED_OSMIUM;SEASHELLS;10008;10
852100;SUBMISSION;;ASH_COATED_OSMIUM;SEASHELLS;10000;3
852300;SUBMISSION;;ASH_COATED_OSMIUM;SEASHELLS;9999;3
852400;;SUBMISSION;ASH_COATED_OSMIUM;SEASHELLS;10004;5
854400;;SUBMISSION;ASH_COATED_OSMIUM;SEASHELLS;10003;4
859500;SUBMISSION;;ASH_COATED_OSMIUM;SEASHELLS;9993;4
861900;;SUBMISSION;ASH_COATED_OSMIUM;SEASHELLS;10002;6
862400;SUBMISSION;;ASH_COATED_OSMIUM;SEASHELLS;9997;5
863600;SUBMISSION;;ASH_COATED_OSMIUM;SEASHELLS;9995;9
865000;SUBMISSION;;ASH_COATED_OSMIUM;SEASHELLS;9991;6
867100;SUBMISSION;;ASH_COATED_OSMIUM;SEASHELLS;9996;6
867600;SUBMISSION;;ASH_COATED_OSMIUM;SEASHELLS;9992;3
868100;;SUBMISSION;ASH_COATED_OSMIUM;SEASHELLS;10001;7
871300;SUBMISSION;;ASH_COATED_OSMIUM;SEASHELLS;9991;2
874000;SUBMISSION;;ASH_COATED_OSMIUM;SEASHELLS;9993;5
875400;SUBMISSION;;ASH_COATED_OSMIUM;SEASHELLS;9991;5
875900;;SUBMISSION;ASH_COATED_OSMIUM;SEASHELLS;9999;7
877500;;SUBMISSION;ASH_COATED_OSMIUM;SEASHELLS;10000;4
877900;SUBMISSION;;ASH_COATED_OSMIUM;SEASHELLS;9992;7
880600;SUBMISSION;;ASH_COATED_OSMIUM;SEASHELLS;9993;4
881400;;SUBMISSION;ASH_COATED_OSMIUM;SEASHELLS;10001;9
886600;SUBMISSION;;ASH_COATED_OSMIUM;SEASHELLS;9994;9
887600;;SUBMISSION;ASH_COATED_OSMIUM;SEASHELLS;9998;9
890500;SUBMISSION;;ASH_COATED_OSMIUM;SEASHELLS;9993;6
893000;SUBMISSION;;ASH_COATED_OSMIUM;SEASHELLS;9988;4
894900;;SUBMISSION;ASH_COATED_OSMIUM;SEASHELLS;10001;5
898200;;SUBMISSION;ASH_COATED_OSMIUM;SEASHELLS;10001;7
901500;;SUBMISSION;ASH_COATED_OSMIUM;SEASHELLS;10002;6
901900;;SUBMISSION;ASH_COATED_OSMIUM;SEASHELLS;10003;7
904500;;SUBMISSION;ASH_COATED_OSMIUM;SEASHELLS;10010;3
904900;SUBMISSION;;ASH_COATED_OSMIUM;SEASHELLS;9993;4
905000;SUBMISSION;;ASH_COATED_OSMIUM;SEASHELLS;9996;10
905700;;SUBMISSION;ASH_COATED_OSMIUM;SEASHELLS;10013;5
908800;;SUBMISSION;ASH_COATED_OSMIUM;SEASHELLS;10001;11
909200;SUBMISSION;;ASH_COATED_OSMIUM;SEASHELLS;9999;4
909400;;SUBMISSION;ASH_COATED_OSMIUM;SEASHELLS;10001;14
909900;;SUBMISSION;ASH_COATED_OSMIUM;SEASHELLS;10015;8
910000;;SUBMISSION;ASH_COATED_OSMIUM;SEASHELLS;10006;5
910100;;SUBMISSION;ASH_COATED_OSMIUM;SEASHELLS;10009;5
910500;;SUBMISSION;ASH_COATED_OSMIUM;SEASHELLS;10005;5
912200;;SUBMISSION;ASH_COATED_OSMIUM;SEASHELLS;10016;3
913100;;SUBMISSION;ASH_COATED_OSMIUM;SEASHELLS;10012;7
915300;SUBMISSION;;ASH_COATED_OSMIUM;SEASHELLS;10009;10
915700;;SUBMISSION;ASH_COATED_OSMIUM;SEASHELLS;10004;12
916000;;SUBMISSION;ASH_COATED_OSMIUM;SEASHELLS;10005;10
917200;;SUBMISSION;ASH_COATED_OSMIUM;SEASHELLS;10008;2
917500;SUBMISSION;;ASH_COATED_OSMIUM;SEASHELLS;10008;8
917900;;SUBMISSION;ASH_COATED_OSMIUM;SEASHELLS;10017;5
918800;SUBMISSION;;ASH_COATED_OSMIUM;SEASHELLS;10007;4
919600;;SUBMISSION;ASH_COATED_OSMIUM;SEASHELLS;10008;4
920400;;SUBMISSION;ASH_COATED_OSMIUM;SEASHELLS;10009;2
920500;;SUBMISSION;ASH_COATED_OSMIUM;SEASHELLS;10018;3
921200;;SUBMISSION;ASH_COATED_OSMIUM;SEASHELLS;10019;10
921600;;SUBMISSION;ASH_COATED_OSMIUM;SEASHELLS;10011;9
923800;;SUBMISSION;ASH_COATED_OSMIUM;SEASHELLS;10011;6
925700;;SUBMISSION;ASH_COATED_OSMIUM;SEASHELLS;10010;10
926100;SUBMISSION;;ASH_COATED_OSMIUM;SEASHELLS;10006;10
929300;;SUBMISSION;ASH_COATED_OSMIUM;SEASHELLS;10013;2
932600;;SUBMISSION;ASH_COATED_OSMIUM;SEASHELLS;10015;10
933900;;SUBMISSION;ASH_COATED_OSMIUM;SEASHELLS;10014;3
934400;;SUBMISSION;ASH_COATED_OSMIUM;SEASHELLS;10009;4
947700;SUBMISSION;;ASH_COATED_OSMIUM;SEASHELLS;10004;6
948400;;SUBMISSION;ASH_COATED_OSMIUM;SEASHELLS;10014;6
949300;SUBMISSION;;ASH_COATED_OSMIUM;SEASHELLS;10006;10
949500;SUBMISSION;;ASH_COATED_OSMIUM;SEASHELLS;10005;10
951100;SUBMISSION;;ASH_COATED_OSMIUM;SEASHELLS;10007;6
953100;SUBMISSION;;ASH_COATED_OSMIUM;SEASHELLS;10007;8
953900;;SUBMISSION;ASH_COATED_OSMIUM;SEASHELLS;10011;7
954300;;SUBMISSION;ASH_COATED_OSMIUM;SEASHELLS;10011;8
956800;;SUBMISSION;ASH_COATED_OSMIUM;SEASHELLS;10013;7
959600;;SUBMISSION;ASH_COATED_OSMIUM;SEASHELLS;10010;2
959700;;SUBMISSION;ASH_COATED_OSMIUM;SEASHELLS;10010;4
961100;;SUBMISSION;ASH_COATED_OSMIUM;SEASHELLS;10015;4
964000;;SUBMISSION;ASH_COATED_OSMIUM;SEASHELLS;10018;2
969000;SUBMISSION;;ASH_COATED_OSMIUM;SEASHELLS;10008;7
969800;SUBMISSION;;ASH_COATED_OSMIUM;SEASHELLS;10008;6
970900;;SUBMISSION;ASH_COATED_OSMIUM;SEASHELLS;10017;5
973800;;SUBMISSION;ASH_COATED_OSMIUM;SEASHELLS;10011;4
974600;;SUBMISSION;ASH_COATED_OSMIUM;SEASHELLS;10016;4
977300;SUBMISSION;;ASH_COATED_OSMIUM;SEASHELLS;10005;9
977500;;SUBMISSION;ASH_COATED_OSMIUM;SEASHELLS;10010;9
984500;SUBMISSION;;ASH_COATED_OSMIUM;SEASHELLS;10007;8
985700;;SUBMISSION;ASH_COATED_OSMIUM;SEASHELLS;10010;5
986200;;SUBMISSION;ASH_COATED_OSMIUM;SEASHELLS;10016;3
988700;SUBMISSION;;ASH_COATED_OSMIUM;SEASHELLS;10004;8
993200;SUBMISSION;;ASH_COATED_OSMIUM;SEASHELLS;10006;10
995200;;SUBMISSION;ASH_COATED_OSMIUM;SEASHELLS;10015;6
