timestamp,buyer,seller,symbol,currency,price,quantity
0,,SUBMISSION,VELVETFRUIT_EXTRACT,XIREC,5265.0,10
100,,SUBMISSION,VELVETFRUIT_EXTRACT,XIREC,5263.0,20
200,,SUBMISSION,VELVETFRUIT_EXTRACT,XIREC,5263.0,28
300,,SUBMISSION,VELVETFRUIT_EXTRACT,XIREC,5264.0,23
300,,SUBMISSION,VELVETFRUIT_EXTRACT,XIREC,5263.0,6
400,,SUBMISSION,VELVETFRUIT_EXTRACT,XIREC,5262.0,27
500,,SUBMISSION,VELVETFRUIT_EXTRACT,XIREC,5261.0,19
500,,SUBMISSION,VELVETFRUIT_EXTRACT,XIREC,5260.0,2
500,,SUBMISSION,VEV_5000,XIREC,263.0,4
600,,SUBMISSION,VEV_4000,XIREC,1261.0,5
600,,SUBMISSION,VEV_4500,XIREC,761.0,5
600,,SUBMISSION,VEV_5000,XIREC,265.0,5
600,,SUBMISSION,VEV_5000,XIREC,262.0,8
600,,SUBMISSION,VEV_5100,XIREC,174.0,5
700,,SUBMISSION,VEV_5000,XIREC,262.0,22
700,,SUBMISSION,VEV_5100,XIREC,173.0,2
800,,SUBMISSION,VEV_5000,XIREC,263.0,9
800,,SUBMISSION,VEV_5000,XIREC,262.0,13
800,,SUBMISSION,VEV_5100,XIREC,173.0,2
900,Mark 67,SUBMISSION,VELVETFRUIT_EXTRACT,XIREC,5261.0,8
900,,SUBMISSION,VEV_5000,XIREC,263.0,6
900,,SUBMISSION,VEV_5000,XIREC,262.0,15
900,,SUBMISSION,VEV_5100,XIREC,173.0,6
1000,,SUBMISSION,VEV_5000,XIREC,263.0,12
1000,,SUBMISSION,VEV_5000,XIREC,262.0,12
1100,,SUBMISSION,VEV_5000,XIREC,264.0,8
1100,,SUBMISSION,VEV_5000,XIREC,263.0,15
1100,,SUBMISSION,VEV_5100,XIREC,174.0,2
1200,,SUBMISSION,VEV_5000,XIREC,262.0,24
1300,SUBMISSION,Mark 38,VEV_4000,XIREC,1252.0,3
1300,,SUBMISSION,VEV_5000,XIREC,262.0,6
1300,,SUBMISSION,VEV_5000,XIREC,261.0,15
1300,,SUBMISSION,VEV_5100,XIREC,172.0,2
1400,,SUBMISSION,VEV_5000,XIREC,264.0,12
1400,,SUBMISSION,VEV_5000,XIREC,263.0,14
1500,,SUBMISSION,VEV_5000,XIREC,265.0,10
1500,,SUBMISSION,VEV_5000,XIREC,264.0,17
1600,,SUBMISSION,VEV_5100,XIREC,174.0,20
1600,,SUBMISSION,VEV_5200,XIREC,101.0,7
1700,,SUBMISSION,VEV_5100,XIREC,176.0,6
1700,,SUBMISSION,VEV_5100,XIREC,175.0,13
1700,,SUBMISSION,VEV_5200,XIREC,102.0,10
1800,,SUBMISSION,VEV_5100,XIREC,175.0,22
1900,,SUBMISSION,VEV_5100,XIREC,176.0,11
2000,,SUBMISSION,VEV_5100,XIREC,177.0,12
2100,,SUBMISSION,VEV_5100,XIREC,178.0,14
2200,,SUBMISSION,VEV_5100,XIREC,177.0,12
2300,,SUBMISSION,VEV_5100,XIREC,178.0,13
2400,,SUBMISSION,VEV_5100,XIREC,179.0,15
2500,,SUBMISSION,VEV_5100,XIREC,181.0,1
2500,,SUBMISSION,VEV_5100,XIREC,181.0,1
2500,,SUBMISSION,VEV_5200,XIREC,106.0,16
2600,,SUBMISSION,VEV_5200,XIREC,106.0,18
2700,,SUBMISSION,VEV_5200,XIREC,106.0,17
2700,Mark 01,Mark 55,VELVETFRUIT_EXTRACT,XIREC,5269.0,8
2800,,SUBMISSION,HYDROGEL_PACK,XIREC,10017.0,1
2800,,SUBMISSION,VEV_5200,XIREC,106.0,8
2800,,SUBMISSION,VEV_5200,XIREC,105.0,10
2900,,SUBMISSION,HYDROGEL_PACK,XIREC,10018.0,2
2900,Mark 55,SUBMISSION,VELVETFRUIT_EXTRACT,XIREC,5271.0,8
2900,,SUBMISSION,VEV_5200,XIREC,104.0,15
3000,,SUBMISSION,HYDROGEL_PACK,XIREC,10019.0,3
3000,,SUBMISSION,VEV_5200,XIREC,105.0,5
3000,,SUBMISSION,VEV_5300,XIREC,53.0,10
3100,,SUBMISSION,HYDROGEL_PACK,XIREC,10019.0,3
3100,,SUBMISSION,VEV_5200,XIREC,106.0,2
3100,,SUBMISSION,VEV_5300,XIREC,54.0,16
3200,,SUBMISSION,HYDROGEL_PACK,XIREC,10022.0,6
3200,,SUBMISSION,VEV_5300,XIREC,54.0,18
3300,,SUBMISSION,HYDROGEL_PACK,XIREC,10021.0,5
3300,,SUBMISSION,VEV_5300,XIREC,55.0,6
3300,,SUBMISSION,VEV_5300,XIREC,54.0,12
3400,,SUBMISSION,HYDROGEL_PACK,XIREC,10023.0,7
3400,,SUBMISSION,VEV_5200,XIREC,108.0,1
3400,,SUBMISSION,VEV_5200,XIREC,108.0,1
3400,,SUBMISSION,VEV_5300,XIREC,55.0,19
3500,,SUBMISSION,HYDROGEL_PACK,XIREC,10021.0,5
3500,,SUBMISSION,VEV_5300,XIREC,54.0,4
3600,,SUBMISSION,HYDROGEL_PACK,XIREC,10022.0,6
3600,,SUBMISSION,VEV_5300,XIREC,55.0,1
3700,,SUBMISSION,HYDROGEL_PACK,XIREC,10021.0,5
3800,,SUBMISSION,HYDROGEL_PACK,XIREC,10020.0,4
4000,,SUBMISSION,HYDROGEL_PACK,XIREC,10018.0,2
4100,,SUBMISSION,HYDROGEL_PACK,XIREC,10020.0,4
4200,,SUBMISSION,HYDROGEL_PACK,XIREC,10022.0,6
4300,,SUBMISSION,HYDROGEL_PACK,XIREC,10019.0,3
4400,,SUBMISSION,HYDROGEL_PACK,XIREC,10020.0,4
4500,,SUBMISSION,HYDROGEL_PACK,XIREC,10017.0,1
4600,,SUBMISSION,HYDROGEL_PACK,XIREC,10017.0,1
4700,,SUBMISSION,HYDROGEL_PACK,XIREC,10017.0,2
4800,,SUBMISSION,HYDROGEL_PACK,XIREC,10017.0,1
4800,Mark 55,SUBMISSION,VELVETFRUIT_EXTRACT,XIREC,5272.0,3
4900,,SUBMISSION,HYDROGEL_PACK,XIREC,10020.0,4
5000,,SUBMISSION,HYDROGEL_PACK,XIREC,10019.0,4
5100,,SUBMISSION,HYDROGEL_PACK,XIREC,10016.0,1
5700,Mark 01,Mark 55,VELVETFRUIT_EXTRACT,XIREC,5273.0,5
5900,SUBMISSION,,VEV_5100,XIREC,188.0,20
6000,,SUBMISSION,VEV_5100,XIREC,184.0,11
6000,,SUBMISSION,VEV_5100,XIREC,183.0,10
6100,SUBMISSION,,VEV_5000,XIREC,281.0,8
6100,SUBMISSION,,VEV_5100,XIREC,188.0,20
6200,,SUBMISSION,VEV_5100,XIREC,184.0,12
6200,,SUBMISSION,VEV_5100,XIREC,183.0,9
6300,SUBMISSION,,VEV_5000,XIREC,280.0,8
6300,SUBMISSION,,VEV_5100,XIREC,188.0,20
6400,,SUBMISSION,VEV_5000,XIREC,273.0,2
6400,,SUBMISSION,VEV_5000,XIREC,273.0,2
6400,,SUBMISSION,VEV_5100,XIREC,182.0,14
6500,,SUBMISSION,VEV_5100,XIREC,182.0,3
6800,,SUBMISSION,HYDROGEL_PACK,XIREC,10016.0,1
7800,,SUBMISSION,VEV_4000,XIREC,1270.0,2
7800,,SUBMISSION,VEV_4500,XIREC,770.0,2
9000,Mark 38,Mark 14,VEV_4000,XIREC,1278.0,1
9400,,SUBMISSION,VEV_5000,XIREC,264.0,3
9400,,SUBMISSION,VEV_5000,XIREC,264.0,3
9400,,SUBMISSION,VEV_5100,XIREC,174.0,3
9400,,SUBMISSION,VEV_5200,XIREC,101.0,1
9400,,SUBMISSION,VEV_5300,XIREC,50.0,1
9900,Mark 22,Mark 55,VELVETFRUIT_EXTRACT,XIREC,5261.0,5
10000,,SUBMISSION,HYDROGEL_PACK,XIREC,10015.0,1
10100,,SUBMISSION,HYDROGEL_PACK,XIREC,10018.0,5
10200,,SUBMISSION,HYDROGEL_PACK,XIREC,10017.0,4
10200,Mark 14,Mark 38,HYDROGEL_PACK,XIREC,10017.0,6
10300,,SUBMISSION,HYDROGEL_PACK,XIREC,10017.0,4
10400,,SUBMISSION,HYDROGEL_PACK,XIREC,10015.0,1
10700,Mark 55,SUBMISSION,VELVETFRUIT_EXTRACT,XIREC,5264.0,4
11100,,SUBMISSION,HYDROGEL_PACK,XIREC,10015.0,2
11200,,SUBMISSION,HYDROGEL_PACK,XIREC,10014.0,1
11200,Mark 38,SUBMISSION,HYDROGEL_PACK,XIREC,10029.0,4
11400,,SUBMISSION,VEV_5100,XIREC,176.0,1
11400,,SUBMISSION,VEV_5200,XIREC,103.0,1
11400,,SUBMISSION,VEV_5200,XIREC,103.0,1
11400,,SUBMISSION,VEV_5300,XIREC,51.0,1
12100,Mark 67,SUBMISSION,VELVETFRUIT_EXTRACT,XIREC,5267.0,5
12600,Mark 01,Mark 55,VELVETFRUIT_EXTRACT,XIREC,5264.0,3
13100,SUBMISSION,,VEV_5000,XIREC,268.0,3
13100,Mark 01,Mark 22,VEV_5400,XIREC,16.0,3
13100,Mark 01,Mark 22,VEV_5500,XIREC,6.0,3
13100,Mark 01,Mark 22,VEV_6000,XIREC,0.0,3
13100,Mark 01,Mark 22,VEV_6500,XIREC,0.0,3
13900,Mark 55,SUBMISSION,VELVETFRUIT_EXTRACT,XIREC,5268.0,4
14600,,SUBMISSION,HYDROGEL_PACK,XIREC,10016.0,2
15200,,SUBMISSION,HYDROGEL_PACK,XIREC,10017.0,2
15400,,SUBMISSION,HYDROGEL_PACK,XIREC,10018.0,1
15500,,SUBMISSION,HYDROGEL_PACK,XIREC,10022.0,1
15700,,SUBMISSION,HYDROGEL_PACK,XIREC,10019.0,1
15700,Mark 38,SUBMISSION,HYDROGEL_PACK,XIREC,10034.0,2
16000,SUBMISSION,,VEV_5100,XIREC,184.0,9
16100,,SUBMISSION,VEV_5100,XIREC,180.0,3
16300,Mark 55,SUBMISSION,VELVETFRUIT_EXTRACT,XIREC,5274.0,5
16300,,SUBMISSION,VEV_5100,XIREC,181.0,1
16300,,SUBMISSION,VEV_5100,XIREC,181.0,1
16400,,SUBMISSION,HYDROGEL_PACK,XIREC,10021.0,1
16500,SUBMISSION,,VEV_5100,XIREC,186.0,20
16600,,SUBMISSION,VEV_5100,XIREC,182.0,10
16600,,SUBMISSION,VEV_5100,XIREC,181.0,7
16700,,SUBMISSION,VEV_5100,XIREC,182.0,2
16700,,SUBMISSION,VEV_5100,XIREC,182.0,2
17400,SUBMISSION,,VEV_5100,XIREC,189.0,11
17400,Mark 14,Mark 55,VELVETFRUIT_EXTRACT,XIREC,5274.0,3
17500,,SUBMISSION,VEV_5100,XIREC,184.0,11
17500,SUBMISSION,,VEV_5100,XIREC,189.0,12
17600,,SUBMISSION,VEV_5100,XIREC,183.0,11
17600,SUBMISSION,,VEV_5100,XIREC,188.0,10
17700,,SUBMISSION,VEV_5100,XIREC,182.0,9
18000,,SUBMISSION,VEV_5100,XIREC,183.0,1
18000,SUBMISSION,,VEV_5100,XIREC,188.0,8
18100,,SUBMISSION,VEV_5100,XIREC,183.0,8
18100,,SUBMISSION,VEV_5100,XIREC,183.0,3
18100,,SUBMISSION,VEV_5100,XIREC,182.0,5
18900,SUBMISSION,,VEV_5000,XIREC,277.0,10
18900,SUBMISSION,,VEV_5100,XIREC,184.0,10
19100,Mark 38,SUBMISSION,HYDROGEL_PACK,XIREC,10019.0,6
19100,,SUBMISSION,VEV_4000,XIREC,1269.0,2
19100,,SUBMISSION,VEV_4500,XIREC,769.0,2
19700,,SUBMISSION,VELVETFRUIT_EXTRACT,XIREC,5265.0,7
20200,,SUBMISSION,VEV_5000,XIREC,269.0,1
20200,,SUBMISSION,VEV_5000,XIREC,269.0,1
20200,SUBMISSION,,VEV_5000,XIREC,275.0,7
20200,SUBMISSION,,VEV_5100,XIREC,183.0,20
20300,,SUBMISSION,VEV_5000,XIREC,268.0,4
20300,,SUBMISSION,VEV_5000,XIREC,268.0,4
20300,,SUBMISSION,VEV_5100,XIREC,178.0,1
20400,,SUBMISSION,VEV_5100,XIREC,178.0,11
20500,,SUBMISSION,VEV_5100,XIREC,178.0,6
20500,,SUBMISSION,VEV_5100,XIREC,178.0,3
20900,SUBMISSION,,VEV_5000,XIREC,273.0,5
20900,SUBMISSION,,VEV_5100,XIREC,181.0,5
20900,Mark 01,Mark 22,VEV_5300,XIREC,53.0,5
20900,Mark 01,Mark 22,VEV_5400,XIREC,17.0,5
20900,Mark 01,Mark 22,VEV_5500,XIREC,7.0,5
20900,Mark 01,Mark 22,VEV_6000,XIREC,0.0,5
20900,Mark 01,Mark 22,VEV_6500,XIREC,0.0,5
21000,,SUBMISSION,VEV_5000,XIREC,270.0,3
21000,,SUBMISSION,VEV_5100,XIREC,179.0,3
21500,,SUBMISSION,VEV_5100,XIREC,180.0,1
21900,,SUBMISSION,VEV_5000,XIREC,272.0,1
21900,,SUBMISSION,VEV_5000,XIREC,272.0,1
22300,SUBMISSION,,VEV_5000,XIREC,276.0,9
22300,SUBMISSION,,VEV_5100,XIREC,184.0,20
22400,,SUBMISSION,VEV_5000,XIREC,269.0,5
22400,,SUBMISSION,VEV_5100,XIREC,179.0,5
22500,,SUBMISSION,VEV_5100,XIREC,178.0,10
22600,,SUBMISSION,VEV_5100,XIREC,178.0,3
23100,,SUBMISSION,VEV_5000,XIREC,267.0,11
23100,,SUBMISSION,VEV_5000,XIREC,266.0,13
23100,,SUBMISSION,VEV_5100,XIREC,176.0,4
23100,Mark 01,Mark 55,VELVETFRUIT_EXTRACT,XIREC,5264.0,4
23200,,SUBMISSION,VEV_5100,XIREC,176.0,4
23200,,SUBMISSION,VEV_5100,XIREC,176.0,4
23500,SUBMISSION,,VEV_5000,XIREC,267.0,2
23500,Mark 01,Mark 22,VEV_5400,XIREC,16.0,2
23500,Mark 01,Mark 22,VEV_5500,XIREC,6.0,2
23500,Mark 01,Mark 22,VEV_6000,XIREC,0.0,2
23500,Mark 01,Mark 22,VEV_6500,XIREC,0.0,2
24300,SUBMISSION,,VEV_5000,XIREC,271.0,6
24600,,SUBMISSION,VEV_4000,XIREC,1265.0,4
24600,,SUBMISSION,VEV_4500,XIREC,765.0,4
25500,SUBMISSION,,HYDROGEL_PACK,XIREC,9994.0,1
25500,Mark 14,Mark 55,VELVETFRUIT_EXTRACT,XIREC,5264.0,6
25600,SUBMISSION,,HYDROGEL_PACK,XIREC,9994.0,1
25700,SUBMISSION,,HYDROGEL_PACK,XIREC,9992.0,4
25800,SUBMISSION,,HYDROGEL_PACK,XIREC,9992.0,4
25900,SUBMISSION,,HYDROGEL_PACK,XIREC,9994.0,1
26000,SUBMISSION,,HYDROGEL_PACK,XIREC,9994.0,1
26500,Mark 55,SUBMISSION,VELVETFRUIT_EXTRACT,XIREC,5268.0,6
26700,SUBMISSION,,HYDROGEL_PACK,XIREC,9993.0,3
26800,SUBMISSION,,HYDROGEL_PACK,XIREC,9987.0,5
29200,SUBMISSION,Mark 38,HYDROGEL_PACK,XIREC,9994.0,4
29500,SUBMISSION,,VEV_5000,XIREC,269.0,2
29500,Mark 01,Mark 22,VEV_5400,XIREC,16.0,2
29500,Mark 01,Mark 22,VEV_5500,XIREC,6.0,2
29500,Mark 01,Mark 22,VEV_6000,XIREC,0.0,2
29500,Mark 01,Mark 22,VEV_6500,XIREC,0.0,2
30300,,SUBMISSION,VEV_4000,XIREC,1262.0,4
30300,,SUBMISSION,VEV_4500,XIREC,762.0,4
30900,SUBMISSION,,HYDROGEL_PACK,XIREC,9996.0,1
31000,SUBMISSION,,HYDROGEL_PACK,XIREC,9996.0,1
32500,Mark 55,SUBMISSION,VELVETFRUIT_EXTRACT,XIREC,5265.0,4
33300,Mark 55,SUBMISSION,VELVETFRUIT_EXTRACT,XIREC,5270.0,3
33300,Mark 55,Mark 01,VELVETFRUIT_EXTRACT,XIREC,5271.0,4
34100,Mark 38,Mark 14,VEV_4000,XIREC,1282.0,1
35200,,SUBMISSION,VEV_4000,XIREC,1266.0,2
35200,,SUBMISSION,VEV_4500,XIREC,766.0,2
35700,Mark 55,SUBMISSION,VELVETFRUIT_EXTRACT,XIREC,5269.0,2
35700,Mark 55,Mark 14,VELVETFRUIT_EXTRACT,XIREC,5270.0,1
35800,Mark 14,Mark 55,VELVETFRUIT_EXTRACT,XIREC,5264.0,7
35900,SUBMISSION,,HYDROGEL_PACK,XIREC,9996.0,3
36100,SUBMISSION,,HYDROGEL_PACK,XIREC,9997.0,2
36100,Mark 55,SUBMISSION,VELVETFRUIT_EXTRACT,XIREC,5270.0,2
36100,Mark 55,Mark 01,VELVETFRUIT_EXTRACT,XIREC,5271.0,2
37100,SUBMISSION,,HYDROGEL_PACK,XIREC,9997.0,2
37200,SUBMISSION,,HYDROGEL_PACK,XIREC,9996.0,4
37300,SUBMISSION,,HYDROGEL_PACK,XIREC,9996.0,4
37400,SUBMISSION,,HYDROGEL_PACK,XIREC,9993.0,9
37500,SUBMISSION,,HYDROGEL_PACK,XIREC,9993.0,9
37600,SUBMISSION,,HYDROGEL_PACK,XIREC,9992.0,11
37700,SUBMISSION,,HYDROGEL_PACK,XIREC,9992.0,11
37700,SUBMISSION,,VEV_5000,XIREC,274.0,10
37800,SUBMISSION,,HYDROGEL_PACK,XIREC,9994.0,1
37900,SUBMISSION,,HYDROGEL_PACK,XIREC,9992.0,11
38000,SUBMISSION,,HYDROGEL_PACK,XIREC,9994.0,7
38100,SUBMISSION,,HYDROGEL_PACK,XIREC,9992.0,11
38200,SUBMISSION,,HYDROGEL_PACK,XIREC,9992.0,11
38300,SUBMISSION,,HYDROGEL_PACK,XIREC,9995.0,5
38400,SUBMISSION,,HYDROGEL_PACK,XIREC,9993.0,9
38400,Mark 14,Mark 55,VELVETFRUIT_EXTRACT,XIREC,5265.0,8
38500,SUBMISSION,,HYDROGEL_PACK,XIREC,9991.0,13
38600,SUBMISSION,,HYDROGEL_PACK,XIREC,9993.0,9
38700,SUBMISSION,,HYDROGEL_PACK,XIREC,9995.0,5
38800,SUBMISSION,,HYDROGEL_PACK,XIREC,9994.0,7
38900,SUBMISSION,,HYDROGEL_PACK,XIREC,9993.0,9
38900,SUBMISSION,,VEV_5000,XIREC,273.0,7
39000,SUBMISSION,,HYDROGEL_PACK,XIREC,9995.0,6
39000,,SUBMISSION,VEV_5000,XIREC,267.0,4
39000,,SUBMISSION,VEV_5000,XIREC,267.0,4
39100,SUBMISSION,,HYDROGEL_PACK,XIREC,9996.0,4
39200,SUBMISSION,,HYDROGEL_PACK,XIREC,9995.0,6
39300,SUBMISSION,,HYDROGEL_PACK,XIREC,9996.0,4
39300,,SUBMISSION,VEV_4000,XIREC,1264.0,3
39300,,SUBMISSION,VEV_4500,XIREC,764.0,3
39500,SUBMISSION,Mark 38,VEV_4000,XIREC,1255.0,2
39500,,SUBMISSION,VEV_5000,XIREC,264.0,8
39500,,SUBMISSION,VEV_5000,XIREC,264.0,1
39500,,SUBMISSION,VEV_5000,XIREC,263.0,7
40300,SUBMISSION,,HYDROGEL_PACK,XIREC,9997.0,2
40400,SUBMISSION,,HYDROGEL_PACK,XIREC,9996.0,4
40500,SUBMISSION,,HYDROGEL_PACK,XIREC,9995.0,6
40600,SUBMISSION,,HYDROGEL_PACK,XIREC,9996.0,4
40700,SUBMISSION,,HYDROGEL_PACK,XIREC,9997.0,2
40800,SUBMISSION,,HYDROGEL_PACK,XIREC,9997.0,2
40900,SUBMISSION,,HYDROGEL_PACK,XIREC,9996.0,4
41000,SUBMISSION,,HYDROGEL_PACK,XIREC,9995.0,3
41100,Mark 38,Mark 14,HYDROGEL_PACK,XIREC,9998.0,6
41700,Mark 55,SUBMISSION,VELVETFRUIT_EXTRACT,XIREC,5253.0,1
41700,Mark 55,Mark 01,VELVETFRUIT_EXTRACT,XIREC,5254.0,4
41900,Mark 01,Mark 22,VEV_5400,XIREC,13.0,2
41900,Mark 01,Mark 22,VEV_5500,XIREC,5.0,2
41900,Mark 01,Mark 22,VEV_6000,XIREC,0.0,2
41900,Mark 01,Mark 22,VEV_6500,XIREC,0.0,2
42000,SUBMISSION,Mark 55,VELVETFRUIT_EXTRACT,XIREC,5248.0,8
42600,SUBMISSION,,HYDROGEL_PACK,XIREC,9994.0,3
42900,SUBMISSION,,HYDROGEL_PACK,XIREC,9993.0,3
42900,SUBMISSION,,VEV_5000,XIREC,256.0,4
42900,Mark 01,Mark 22,VEV_5400,XIREC,14.0,4
42900,Mark 01,Mark 22,VEV_5500,XIREC,5.0,4
42900,Mark 01,Mark 22,VEV_6000,XIREC,0.0,4
42900,Mark 01,Mark 22,VEV_6500,XIREC,0.0,4
43000,Mark 01,Mark 55,VELVETFRUIT_EXTRACT,XIREC,5250.0,8
43900,SUBMISSION,,HYDROGEL_PACK,XIREC,9992.0,2
44000,SUBMISSION,Mark 38,HYDROGEL_PACK,XIREC,9979.0,4
44200,SUBMISSION,,HYDROGEL_PACK,XIREC,9984.0,6
44700,Mark 14,Mark 55,VELVETFRUIT_EXTRACT,XIREC,5255.0,8
44800,SUBMISSION,,HYDROGEL_PACK,XIREC,9983.0,2
44900,,SUBMISSION,VELVETFRUIT_EXTRACT,XIREC,5256.0,2
44900,Mark 67,Mark 49,VELVETFRUIT_EXTRACT,XIREC,5257.0,14
45100,SUBMISSION,,VEV_5000,XIREC,261.0,5
45100,Mark 38,Mark 14,HYDROGEL_PACK,XIREC,9991.0,3
45100,Mark 14,Mark 22,VEV_5400,XIREC,15.0,5
45100,Mark 01,Mark 22,VEV_5500,XIREC,5.0,5
45100,Mark 01,Mark 22,VEV_6000,XIREC,0.0,5
45100,Mark 01,Mark 22,VEV_6500,XIREC,0.0,5
45200,SUBMISSION,,HYDROGEL_PACK,XIREC,9981.0,3
46800,Mark 14,Mark 55,VELVETFRUIT_EXTRACT,XIREC,5256.0,8
47000,SUBMISSION,,HYDROGEL_PACK,XIREC,9982.0,6
47100,SUBMISSION,,HYDROGEL_PACK,XIREC,9981.0,2
47200,SUBMISSION,,HYDROGEL_PACK,XIREC,9979.0,4
47200,SUBMISSION,,VEV_5000,XIREC,266.0,25
47500,SUBMISSION,,HYDROGEL_PACK,XIREC,9973.0,8
47600,,SUBMISSION,VEV_5000,XIREC,260.0,3
48100,Mark 55,SUBMISSION,VELVETFRUIT_EXTRACT,XIREC,5260.0,2
48100,Mark 55,Mark 01,VELVETFRUIT_EXTRACT,XIREC,5261.0,5
48400,Mark 67,SUBMISSION,VELVETFRUIT_EXTRACT,XIREC,5257.0,2
48400,Mark 67,Mark 22,VELVETFRUIT_EXTRACT,XIREC,5258.0,3
49400,SUBMISSION,Mark 38,HYDROGEL_PACK,XIREC,9959.0,4
49800,Mark 38,Mark 14,HYDROGEL_PACK,XIREC,9960.0,3
49900,,SUBMISSION,VEV_5000,XIREC,261.0,2
50000,,SUBMISSION,VEV_5000,XIREC,261.0,2
50200,SUBMISSION,Mark 38,VEV_4000,XIREC,1250.0,3
50600,,SUBMISSION,VEV_5000,XIREC,261.0,2
50800,,SUBMISSION,VEV_5000,XIREC,264.0,3
50800,,SUBMISSION,VEV_5000,XIREC,264.0,3
52600,Mark 55,SUBMISSION,VELVETFRUIT_EXTRACT,XIREC,5262.0,1
52600,Mark 55,Mark 01,VELVETFRUIT_EXTRACT,XIREC,5263.0,7
52900,SUBMISSION,,VEV_5000,XIREC,262.0,5
52900,SUBMISSION,,VEV_5100,XIREC,172.0,5
52900,Mark 01,Mark 22,VEV_5500,XIREC,6.0,5
52900,Mark 01,Mark 22,VEV_6000,XIREC,0.0,5
52900,Mark 01,Mark 22,VEV_6500,XIREC,0.0,5
53200,Mark 55,SUBMISSION,VELVETFRUIT_EXTRACT,XIREC,5263.0,1
53200,Mark 55,Mark 01,VELVETFRUIT_EXTRACT,XIREC,5264.0,4
53600,Mark 01,Mark 55,VELVETFRUIT_EXTRACT,XIREC,5257.0,5
55800,,SUBMISSION,VELVETFRUIT_EXTRACT,XIREC,5253.0,1
56600,SUBMISSION,,VELVETFRUIT_EXTRACT,XIREC,5251.0,8
56800,SUBMISSION,,VEV_5000,XIREC,259.0,25
58300,Mark 38,Mark 14,HYDROGEL_PACK,XIREC,9963.0,6
59200,Mark 55,Mark 01,VELVETFRUIT_EXTRACT,XIREC,5244.0,8
60700,Mark 38,Mark 14,HYDROGEL_PACK,XIREC,9973.0,5
63200,SUBMISSION,,VEV_5000,XIREC,258.0,6
63800,Mark 38,Mark 14,VEV_4000,XIREC,1262.0,3
64300,Mark 01,Mark 55,VELVETFRUIT_EXTRACT,XIREC,5249.0,3
67500,,SUBMISSION,VEV_5000,XIREC,258.0,3
67600,Mark 55,SUBMISSION,VELVETFRUIT_EXTRACT,XIREC,5261.0,2
67600,,SUBMISSION,VEV_5000,XIREC,259.0,8
67600,Mark 55,Mark 01,VELVETFRUIT_EXTRACT,XIREC,5262.0,2
67700,,SUBMISSION,VEV_5000,XIREC,260.0,7
67800,,SUBMISSION,VEV_5000,XIREC,259.0,7
67900,,SUBMISSION,VEV_5000,XIREC,259.0,7
70000,Mark 01,Mark 55,VELVETFRUIT_EXTRACT,XIREC,5255.0,6
70400,Mark 55,SUBMISSION,VELVETFRUIT_EXTRACT,XIREC,5259.0,2
70400,Mark 55,Mark 14,VELVETFRUIT_EXTRACT,XIREC,5260.0,3
70900,Mark 38,Mark 14,HYDROGEL_PACK,XIREC,9994.0,2
71500,Mark 22,Mark 55,VELVETFRUIT_EXTRACT,XIREC,5251.0,4
71800,SUBMISSION,Mark 38,HYDROGEL_PACK,XIREC,9976.0,5
72500,,SUBMISSION,VEV_5000,XIREC,259.0,1
72500,,SUBMISSION,VEV_5000,XIREC,259.0,1
72700,Mark 38,Mark 14,HYDROGEL_PACK,XIREC,9988.0,3
73100,Mark 01,Mark 55,VELVETFRUIT_EXTRACT,XIREC,5256.0,7
73200,Mark 01,Mark 55,VELVETFRUIT_EXTRACT,XIREC,5254.0,5
75200,SUBMISSION,,VEV_5000,XIREC,258.0,4
75200,Mark 01,Mark 22,VEV_5300,XIREC,46.0,4
75200,Mark 01,Mark 22,VEV_5400,XIREC,14.0,4
75200,Mark 01,Mark 22,VEV_5500,XIREC,5.0,4
75200,Mark 01,Mark 22,VEV_6000,XIREC,0.0,4
75200,Mark 01,Mark 22,VEV_6500,XIREC,0.0,4
76200,SUBMISSION,,VEV_5000,XIREC,260.0,8
76700,Mark 55,SUBMISSION,VELVETFRUIT_EXTRACT,XIREC,5257.0,1
76700,Mark 55,Mark 01,VELVETFRUIT_EXTRACT,XIREC,5258.0,3
77300,SUBMISSION,,VEV_5000,XIREC,258.0,6
78100,,SUBMISSION,VEV_5000,XIREC,257.0,3
78300,SUBMISSION,,VEV_5000,XIREC,261.0,12
78700,SUBMISSION,Mark 38,HYDROGEL_PACK,XIREC,9940.0,3
78900,,SUBMISSION,VEV_5000,XIREC,256.0,1
79000,,SUBMISSION,VEV_5000,XIREC,256.0,1
79200,,SUBMISSION,VEV_5000,XIREC,257.0,3
79300,,SUBMISSION,VEV_5000,XIREC,258.0,6
79300,SUBMISSION,,VEV_5000,XIREC,261.0,5
79300,Mark 14,Mark 22,VEV_5300,XIREC,47.0,5
79300,Mark 01,Mark 22,VEV_5400,XIREC,14.0,5
79300,Mark 01,Mark 22,VEV_5500,XIREC,5.0,5
79300,Mark 01,Mark 22,VEV_6000,XIREC,0.0,5
79300,Mark 01,Mark 22,VEV_6500,XIREC,0.0,5
79400,,SUBMISSION,VEV_5000,XIREC,258.0,6
79500,,SUBMISSION,VEV_5000,XIREC,257.0,4
79600,,SUBMISSION,VEV_5000,XIREC,259.0,9
80000,,SUBMISSION,VEV_5000,XIREC,260.0,3
80000,,SUBMISSION,VEV_5000,XIREC,260.0,3
80100,,SUBMISSION,VEV_5000,XIREC,262.0,1
80100,,SUBMISSION,VEV_5000,XIREC,262.0,1
80400,,SUBMISSION,VEV_5000,XIREC,262.0,1
80800,,SUBMISSION,VEV_5000,XIREC,264.0,2
80800,,SUBMISSION,VEV_5000,XIREC,264.0,2
80800,Mark 38,Mark 14,VEV_4000,XIREC,1274.0,1
81200,,SUBMISSION,VEV_5000,XIREC,265.0,1
81200,,SUBMISSION,VEV_5000,XIREC,265.0,1
81500,,SUBMISSION,VEV_5100,XIREC,176.0,1
81500,,SUBMISSION,VEV_5100,XIREC,176.0,1
81700,,SUBMISSION,VEV_5000,XIREC,265.0,1
81700,SUBMISSION,,VEV_5000,XIREC,272.0,25
81700,SUBMISSION,,VEV_5100,XIREC,180.0,20
81800,,SUBMISSION,VEV_5000,XIREC,266.0,7
81800,,SUBMISSION,VEV_5000,XIREC,265.0,13
81800,,SUBMISSION,VEV_5100,XIREC,175.0,6
81900,,SUBMISSION,VEV_5000,XIREC,267.0,6
81900,,SUBMISSION,VEV_5000,XIREC,267.0,5
81900,,SUBMISSION,VEV_5000,XIREC,266.0,1
81900,,SUBMISSION,VEV_5100,XIREC,177.0,11
81900,,SUBMISSION,VEV_5100,XIREC,176.0,8
81900,SUBMISSION,,VEV_5100,XIREC,181.0,11
82000,SUBMISSION,,VEV_5000,XIREC,275.0,6
82000,,SUBMISSION,VEV_5100,XIREC,178.0,8
82000,SUBMISSION,,VEV_5100,XIREC,183.0,20
82000,,SUBMISSION,VEV_5200,XIREC,104.0,2
82000,,SUBMISSION,VEV_5300,XIREC,51.0,2
82100,Mark 55,SUBMISSION,VELVETFRUIT_EXTRACT,XIREC,5269.0,2
82100,,SUBMISSION,VEV_5000,XIREC,270.0,3
82100,,SUBMISSION,VEV_5100,XIREC,179.0,20
82100,Mark 55,Mark 22,VELVETFRUIT_EXTRACT,XIREC,5270.0,3
82200,SUBMISSION,,VEV_5100,XIREC,185.0,12
82300,,SUBMISSION,VEV_5100,XIREC,181.0,6
82300,,SUBMISSION,VEV_5100,XIREC,180.0,12
82300,SUBMISSION,,VEV_5100,XIREC,185.0,6
82400,SUBMISSION,,VEV_5000,XIREC,278.0,12
82400,SUBMISSION,,VEV_5100,XIREC,185.0,12
82500,,SUBMISSION,VEV_5000,XIREC,270.0,12
82500,,SUBMISSION,VEV_5100,XIREC,179.0,12
82500,SUBMISSION,,VEV_5100,XIREC,184.0,10
82600,,SUBMISSION,VEV_5100,XIREC,180.0,10
82600,SUBMISSION,,VEV_5100,XIREC,185.0,8
82700,,SUBMISSION,VEV_5100,XIREC,180.0,8
82700,,SUBMISSION,VEV_5100,XIREC,180.0,4
82700,,SUBMISSION,VEV_5100,XIREC,179.0,4
82800,SUBMISSION,,VEV_5100,XIREC,183.0,7
83000,Mark 55,SUBMISSION,VELVETFRUIT_EXTRACT,XIREC,5270.0,1
83000,Mark 55,Mark 01,VELVETFRUIT_EXTRACT,XIREC,5271.0,5
83200,SUBMISSION,,VEV_5000,XIREC,272.0,11
83300,,SUBMISSION,VEV_5000,XIREC,266.0,1
83300,,SUBMISSION,VEV_5000,XIREC,266.0,1
83400,,SUBMISSION,VEV_5000,XIREC,267.0,3
83400,,SUBMISSION,VEV_5000,XIREC,267.0,3
83400,SUBMISSION,,VEV_5000,XIREC,273.0,9
83500,,SUBMISSION,VEV_5000,XIREC,268.0,7
83500,,SUBMISSION,VEV_5000,XIREC,268.0,2
83500,,SUBMISSION,VEV_5000,XIREC,267.0,5
83500,SUBMISSION,,VEV_5000,XIREC,274.0,9
83500,SUBMISSION,,VEV_5100,XIREC,182.0,9
83600,,SUBMISSION,VEV_5100,XIREC,177.0,4
83800,,SUBMISSION,VEV_5000,XIREC,268.0,4
83800,,SUBMISSION,VEV_5000,XIREC,268.0,2
83800,,SUBMISSION,VEV_5000,XIREC,267.0,2
83800,SUBMISSION,,VEV_5000,XIREC,275.0,25
83800,,SUBMISSION,VEV_5100,XIREC,178.0,2
83800,,SUBMISSION,VEV_5100,XIREC,178.0,2
83800,SUBMISSION,,VEV_5100,XIREC,182.0,6
83900,,SUBMISSION,VEV_5000,XIREC,268.0,19
83900,,SUBMISSION,VEV_5100,XIREC,178.0,3
83900,,SUBMISSION,VEV_5100,XIREC,178.0,3
84000,SUBMISSION,,VEV_5100,XIREC,182.0,20
84100,Mark 55,SUBMISSION,VELVETFRUIT_EXTRACT,XIREC,5271.0,1
84100,,SUBMISSION,VEV_5100,XIREC,178.0,17
84100,Mark 55,Mark 01,VELVETFRUIT_EXTRACT,XIREC,5272.0,7
84200,,SUBMISSION,VEV_5000,XIREC,269.0,3
84200,,SUBMISSION,VEV_5000,XIREC,269.0,3
84200,SUBMISSION,,VEV_5000,XIREC,275.0,7
84200,,SUBMISSION,VEV_5100,XIREC,178.0,2
84200,SUBMISSION,,VEV_5100,XIREC,183.0,20
84300,,SUBMISSION,VEV_5000,XIREC,269.0,3
84300,,SUBMISSION,VEV_5000,XIREC,269.0,3
84300,SUBMISSION,,VEV_5000,XIREC,275.0,9
84300,,SUBMISSION,VEV_5100,XIREC,178.0,19
84300,SUBMISSION,,VEV_5100,XIREC,183.0,20
84400,,SUBMISSION,VEV_5000,XIREC,271.0,6
84400,,SUBMISSION,VEV_5000,XIREC,271.0,2
84400,,SUBMISSION,VEV_5000,XIREC,270.0,4
84400,,SUBMISSION,VEV_5100,XIREC,180.0,8
84400,,SUBMISSION,VEV_5100,XIREC,179.0,11
84400,Mark 55,Mark 14,VELVETFRUIT_EXTRACT,XIREC,5273.0,5
84500,,SUBMISSION,VEV_5100,XIREC,181.0,3
84500,SUBMISSION,,VEV_5100,XIREC,186.0,8
84600,,SUBMISSION,VEV_5100,XIREC,182.0,7
84700,,SUBMISSION,VEV_5100,XIREC,184.0,1
84700,,SUBMISSION,VEV_5100,XIREC,184.0,1
84700,SUBMISSION,,VEV_5100,XIREC,188.0,10
84800,,SUBMISSION,VEV_5100,XIREC,182.0,9
84800,SUBMISSION,,VEV_5100,XIREC,187.0,20
84800,Mark 55,Mark 14,VELVETFRUIT_EXTRACT,XIREC,5276.0,5
84900,,SUBMISSION,VEV_5100,XIREC,180.0,8
84900,,SUBMISSION,VEV_5100,XIREC,179.0,12
84900,SUBMISSION,,VEV_5100,XIREC,184.0,8
85000,,SUBMISSION,VEV_5100,XIREC,178.0,4
85000,SUBMISSION,,VEV_5100,XIREC,183.0,10
85100,,SUBMISSION,VEV_5100,XIREC,177.0,9
85100,SUBMISSION,,VEV_5100,XIREC,182.0,7
85200,,SUBMISSION,VEV_5100,XIREC,178.0,7
85200,,SUBMISSION,VEV_5100,XIREC,178.0,3
85200,,SUBMISSION,VEV_5100,XIREC,177.0,4
85400,SUBMISSION,,VEV_5100,XIREC,182.0,12
85500,,SUBMISSION,VEV_5100,XIREC,179.0,7
85500,SUBMISSION,,VEV_5100,XIREC,184.0,19
85500,Mark 38,Mark 14,HYDROGEL_PACK,XIREC,9954.0,2
85500,Mark 55,Mark 01,VELVETFRUIT_EXTRACT,XIREC,5273.0,8
85600,,SUBMISSION,VEV_5100,XIREC,179.0,19
85600,SUBMISSION,,VEV_5100,XIREC,184.0,20
85700,,SUBMISSION,VEV_5100,XIREC,180.0,20
85700,SUBMISSION,,VEV_5100,XIREC,185.0,20
85800,,SUBMISSION,VEV_5100,XIREC,178.0,19
86500,SUBMISSION,,VEV_5000,XIREC,276.0,8
86500,,SUBMISSION,VEV_5100,XIREC,179.0,1
86500,SUBMISSION,,VEV_5100,XIREC,184.0,20
86600,,SUBMISSION,VEV_5100,XIREC,178.0,18
87300,,SUBMISSION,VEV_5100,XIREC,180.0,1
87300,,SUBMISSION,VEV_5100,XIREC,180.0,1
87900,SUBMISSION,,VEV_5000,XIREC,277.0,11
87900,SUBMISSION,,VEV_5100,XIREC,184.0,11
88000,,SUBMISSION,VEV_5000,XIREC,270.0,7
88000,,SUBMISSION,VEV_5000,XIREC,269.0,8
88000,,SUBMISSION,VEV_5100,XIREC,179.0,9
89000,SUBMISSION,,VEV_5000,XIREC,275.0,8
89000,SUBMISSION,,VEV_5100,XIREC,183.0,20
89100,,SUBMISSION,VEV_5100,XIREC,178.0,10
89100,,SUBMISSION,VEV_5100,XIREC,177.0,8
89200,,SUBMISSION,VEV_5100,XIREC,179.0,1
89200,,SUBMISSION,VEV_5100,XIREC,179.0,1
90100,SUBMISSION,,VEV_5000,XIREC,275.0,25
90100,SUBMISSION,,VEV_5100,XIREC,182.0,20
90100,Mark 38,Mark 14,HYDROGEL_PACK,XIREC,9931.0,3
90200,,SUBMISSION,VEV_5000,XIREC,268.0,12
90200,,SUBMISSION,VEV_5000,XIREC,267.0,6
90300,,SUBMISSION,VEV_5000,XIREC,268.0,3
90300,,SUBMISSION,VEV_5000,XIREC,268.0,3
90300,,SUBMISSION,VEV_5100,XIREC,177.0,11
90400,,SUBMISSION,VEV_5100,XIREC,178.0,7
91700,Mark 38,Mark 14,HYDROGEL_PACK,XIREC,9929.0,2
91700,Mark 14,Mark 55,VELVETFRUIT_EXTRACT,XIREC,5264.0,8
92600,Mark 55,Mark 01,VELVETFRUIT_EXTRACT,XIREC,5271.0,4
93100,,SUBMISSION,VEV_5100,XIREC,180.0,1
93100,,SUBMISSION,VEV_5100,XIREC,180.0,1
95100,Mark 01,Mark 55,VELVETFRUIT_EXTRACT,XIREC,5262.0,8
95200,,SUBMISSION,VEV_5000,XIREC,262.0,4
95200,,SUBMISSION,VEV_5000,XIREC,262.0,4
95200,,SUBMISSION,VEV_5100,XIREC,172.0,1
95500,,SUBMISSION,VEV_5100,XIREC,172.0,1
96300,,SUBMISSION,VEV_5100,XIREC,174.0,1
96400,,SUBMISSION,VEV_5100,XIREC,175.0,1
97200,Mark 55,Mark 14,VELVETFRUIT_EXTRACT,XIREC,5265.0,7
97400,Mark 01,Mark 55,VELVETFRUIT_EXTRACT,XIREC,5258.0,5
97600,SUBMISSION,Mark 38,HYDROGEL_PACK,XIREC,9938.0,2
98600,SUBMISSION,Mark 38,VEV_4000,XIREC,1256.0,1
101800,Mark 38,Mark 14,HYDROGEL_PACK,XIREC,9984.0,3
102400,Mark 38,Mark 14,HYDROGEL_PACK,XIREC,9984.0,3
102600,SUBMISSION,,VEV_5000,XIREC,268.0,2
102600,SUBMISSION,,VEV_5100,XIREC,176.0,2
102600,Mark 14,Mark 22,VEV_5400,XIREC,16.0,2
102600,Mark 01,Mark 22,VEV_5500,XIREC,6.0,2
102600,Mark 01,Mark 22,VEV_6000,XIREC,0.0,2
102600,Mark 01,Mark 22,VEV_6500,XIREC,0.0,2
103300,SUBMISSION,Mark 38,VEV_4000,XIREC,1255.0,1
103500,Mark 01,Mark 55,VELVETFRUIT_EXTRACT,XIREC,5263.0,8
103700,SUBMISSION,Mark 38,VEV_4000,XIREC,1255.0,3
103900,SUBMISSION,,VEV_5000,XIREC,268.0,25
104100,,SUBMISSION,VEV_5000,XIREC,261.0,9
104100,,SUBMISSION,VEV_5000,XIREC,260.0,15
104500,Mark 38,Mark 14,HYDROGEL_PACK,XIREC,9984.0,2
105500,SUBMISSION,,VEV_5000,XIREC,262.0,5
105500,Mark 01,Mark 22,VEV_5300,XIREC,47.0,5
105500,Mark 01,Mark 22,VEV_5500,XIREC,5.0,5
105500,Mark 01,Mark 22,VEV_6000,XIREC,0.0,5
105500,Mark 01,Mark 22,VEV_6500,XIREC,0.0,5
105600,,SUBMISSION,VEV_5000,XIREC,259.0,1
105800,,SUBMISSION,VEV_5000,XIREC,260.0,1
106000,,SUBMISSION,VEV_5000,XIREC,261.0,2
106300,Mark 55,Mark 14,VELVETFRUIT_EXTRACT,XIREC,5262.0,7
108800,Mark 55,Mark 14,VELVETFRUIT_EXTRACT,XIREC,5263.0,3
109100,SUBMISSION,Mark 38,VEV_4000,XIREC,1255.0,1
109400,Mark 55,Mark 01,VELVETFRUIT_EXTRACT,XIREC,5266.0,6
109600,Mark 38,Mark 14,HYDROGEL_PACK,XIREC,9990.0,6
109800,Mark 55,Mark 14,VELVETFRUIT_EXTRACT,XIREC,5267.0,3
110500,Mark 55,Mark 14,VELVETFRUIT_EXTRACT,XIREC,5262.0,8
111300,Mark 55,Mark 01,VELVETFRUIT_EXTRACT,XIREC,5263.0,7
111900,SUBMISSION,Mark 38,VEV_4000,XIREC,1253.0,2
112600,Mark 67,Mark 49,VELVETFRUIT_EXTRACT,XIREC,5257.0,10
114500,Mark 38,Mark 14,HYDROGEL_PACK,XIREC,9994.0,5
114700,Mark 38,Mark 14,VEV_4000,XIREC,1269.0,2
116800,Mark 38,Mark 14,VEV_4000,XIREC,1268.0,2
117500,SUBMISSION,,VEV_5000,XIREC,266.0,9
118000,SUBMISSION,,VEV_5000,XIREC,265.0,7
118000,SUBMISSION,,VEV_5100,XIREC,174.0,19
118100,Mark 55,Mark 01,VELVETFRUIT_EXTRACT,XIREC,5260.0,3
119400,SUBMISSION,,VELVETFRUIT_EXTRACT,XIREC,5251.0,24
120700,SUBMISSION,,VEV_5000,XIREC,263.0,25
121200,,SUBMISSION,VEV_5000,XIREC,257.0,1
121200,SUBMISSION,,VEV_5000,XIREC,263.0,9
121400,,SUBMISSION,VEV_5000,XIREC,258.0,2
121600,,SUBMISSION,VEV_5000,XIREC,259.0,5
121600,SUBMISSION,,VEV_5000,XIREC,265.0,10
121700,,SUBMISSION,VEV_5000,XIREC,259.0,5
121700,SUBMISSION,,VEV_5000,XIREC,265.0,9
121800,,SUBMISSION,VEV_5000,XIREC,259.0,5
121900,,SUBMISSION,VEV_5000,XIREC,260.0,5
122000,,SUBMISSION,VEV_5000,XIREC,261.0,7
122100,,SUBMISSION,VEV_5000,XIREC,261.0,8
122200,,SUBMISSION,VEV_5000,XIREC,260.0,7
122200,SUBMISSION,,VEV_5000,XIREC,266.0,11
122300,,SUBMISSION,VEV_5000,XIREC,260.0,6
122400,,SUBMISSION,VEV_5000,XIREC,260.0,7
122400,SUBMISSION,,VEV_5000,XIREC,266.0,7
122500,,SUBMISSION,VEV_5000,XIREC,260.0,5
122600,,SUBMISSION,VEV_5000,XIREC,261.0,9
122700,,SUBMISSION,VEV_5000,XIREC,262.0,4
122700,,SUBMISSION,VEV_5000,XIREC,262.0,4
122700,,SUBMISSION,VEV_5100,XIREC,172.0,3
122800,,SUBMISSION,VEV_5100,XIREC,172.0,8
122800,,SUBMISSION,VEV_5100,XIREC,172.0,1
122900,Mark 01,Mark 55,VELVETFRUIT_EXTRACT,XIREC,5258.0,8
123100,,SUBMISSION,VEV_5100,XIREC,173.0,1
123100,,SUBMISSION,VEV_5100,XIREC,173.0,1
123500,,SUBMISSION,VEV_4000,XIREC,1264.0,5
123500,,SUBMISSION,VEV_4500,XIREC,764.0,5
124900,Mark 38,SUBMISSION,HYDROGEL_PACK,XIREC,10021.0,3
125900,,SUBMISSION,VEV_5000,XIREC,264.0,2
125900,SUBMISSION,,VEV_5000,XIREC,271.0,25
125900,,SUBMISSION,VEV_5100,XIREC,174.0,1
125900,,SUBMISSION,VEV_5100,XIREC,174.0,1
125900,SUBMISSION,,VEV_5100,XIREC,178.0,10
126000,,SUBMISSION,VEV_5000,XIREC,264.0,10
126000,,SUBMISSION,VEV_5000,XIREC,263.0,5
126100,,SUBMISSION,VEV_5000,XIREC,263.0,6
126100,,SUBMISSION,VEV_5000,XIREC,263.0,5
126100,,SUBMISSION,VEV_5000,XIREC,262.0,1
126100,,SUBMISSION,VEV_5100,XIREC,173.0,2
126200,,SUBMISSION,VEV_5100,XIREC,172.0,4
126800,Mark 38,SUBMISSION,HYDROGEL_PACK,XIREC,10014.0,2
127500,SUBMISSION,,VEV_5000,XIREC,264.0,25
128300,,SUBMISSION,VEV_5000,XIREC,257.0,1
128400,,SUBMISSION,VEV_5000,XIREC,257.0,22
128500,,SUBMISSION,VEV_5000,XIREC,258.0,2
128500,,SUBMISSION,VEV_5000,XIREC,258.0,2
128500,,SUBMISSION,VEV_5100,XIREC,168.0,5
128600,,SUBMISSION,VEV_5100,XIREC,169.0,1
128600,,SUBMISSION,VEV_5100,XIREC,169.0,1
129300,Mark 22,SUBMISSION,VELVETFRUIT_EXTRACT,XIREC,5254.0,6
129300,Mark 22,Mark 49,VELVETFRUIT_EXTRACT,XIREC,5255.0,2
129300,Mark 67,Mark 49,VELVETFRUIT_EXTRACT,XIREC,5255.0,5
129400,Mark 38,SUBMISSION,HYDROGEL_PACK,XIREC,10008.0,4
129600,Mark 14,Mark 55,VELVETFRUIT_EXTRACT,XIREC,5255.0,6
129700,Mark 01,Mark 22,VEV_5300,XIREC,46.0,4
129700,Mark 01,Mark 22,VEV_5400,XIREC,14.0,4
129700,Mark 01,Mark 22,VEV_5500,XIREC,5.0,4
129700,Mark 01,Mark 22,VEV_6000,XIREC,0.0,4
129700,Mark 01,Mark 22,VEV_6500,XIREC,0.0,4
130100,Mark 55,SUBMISSION,VELVETFRUIT_EXTRACT,XIREC,5255.0,4
130100,Mark 55,Mark 14,VELVETFRUIT_EXTRACT,XIREC,5256.0,1
130300,Mark 14,Mark 55,VELVETFRUIT_EXTRACT,XIREC,5252.0,6
130500,SUBMISSION,,VEV_5000,XIREC,259.0,11
130900,,SUBMISSION,VEV_5000,XIREC,258.0,7
130900,,SUBMISSION,VEV_5000,XIREC,258.0,1
130900,,SUBMISSION,VEV_5000,XIREC,257.0,6
131900,SUBMISSION,,VEV_5000,XIREC,263.0,25
132100,,SUBMISSION,VEV_5000,XIREC,258.0,3
133000,Mark 55,SUBMISSION,VELVETFRUIT_EXTRACT,XIREC,5259.0,4
133000,,SUBMISSION,VEV_5000,XIREC,257.0,5
133000,Mark 55,Mark 01,VELVETFRUIT_EXTRACT,XIREC,5260.0,3
134300,,SUBMISSION,VELVETFRUIT_EXTRACT,XIREC,5254.0,2
134300,Mark 67,Mark 49,VELVETFRUIT_EXTRACT,XIREC,5255.0,9
135500,Mark 55,SUBMISSION,VELVETFRUIT_EXTRACT,XIREC,5258.0,2
135500,Mark 55,Mark 01,VELVETFRUIT_EXTRACT,XIREC,5259.0,5
137000,Mark 14,Mark 38,HYDROGEL_PACK,XIREC,10007.0,3
137200,,SUBMISSION,VEV_5000,XIREC,260.0,1
137200,,SUBMISSION,VEV_5000,XIREC,260.0,1
137300,,SUBMISSION,HYDROGEL_PACK,XIREC,10012.0,1
137300,,SUBMISSION,VEV_5000,XIREC,260.0,1
137400,,SUBMISSION,HYDROGEL_PACK,XIREC,10013.0,2
137400,,SUBMISSION,VEV_5000,XIREC,262.0,5
137400,,SUBMISSION,VEV_5000,XIREC,262.0,2
137400,,SUBMISSION,VEV_5000,XIREC,261.0,3
137400,SUBMISSION,,VEV_5000,XIREC,268.0,7
137400,SUBMISSION,,VEV_5100,XIREC,176.0,7
137500,,SUBMISSION,HYDROGEL_PACK,XIREC,10012.0,1
137600,,SUBMISSION,HYDROGEL_PACK,XIREC,10015.0,5
137700,,SUBMISSION,HYDROGEL_PACK,XIREC,10013.0,2
137800,,SUBMISSION,HYDROGEL_PACK,XIREC,10012.0,1
138000,,SUBMISSION,HYDROGEL_PACK,XIREC,10014.0,3
138100,,SUBMISSION,HYDROGEL_PACK,XIREC,10014.0,3
138200,,SUBMISSION,HYDROGEL_PACK,XIREC,10016.0,6
138300,,SUBMISSION,HYDROGEL_PACK,XIREC,10014.0,4
138400,,SUBMISSION,VELVETFRUIT_EXTRACT,XIREC,5255.0,2
138600,,SUBMISSION,HYDROGEL_PACK,XIREC,10013.0,2
138700,,SUBMISSION,HYDROGEL_PACK,XIREC,10013.0,2
138700,Mark 55,SUBMISSION,VELVETFRUIT_EXTRACT,XIREC,5261.0,1
138700,Mark 55,Mark 01,VELVETFRUIT_EXTRACT,XIREC,5262.0,2
138800,,SUBMISSION,HYDROGEL_PACK,XIREC,10015.0,5
138900,,SUBMISSION,HYDROGEL_PACK,XIREC,10015.0,5
139000,,SUBMISSION,HYDROGEL_PACK,XIREC,10017.0,7
139100,,SUBMISSION,HYDROGEL_PACK,XIREC,10014.0,4
139200,,SUBMISSION,HYDROGEL_PACK,XIREC,10013.0,2
139300,,SUBMISSION,HYDROGEL_PACK,XIREC,10013.0,2
139700,,SUBMISSION,VEV_5000,XIREC,257.0,7
139700,,SUBMISSION,VEV_5000,XIREC,257.0,2
139700,,SUBMISSION,VEV_5000,XIREC,256.0,5
139700,,SUBMISSION,VEV_5100,XIREC,167.0,5
140400,,SUBMISSION,HYDROGEL_PACK,XIREC,10012.0,2
140500,Mark 55,SUBMISSION,VELVETFRUIT_EXTRACT,XIREC,5256.0,1
140500,Mark 55,Mark 22,VELVETFRUIT_EXTRACT,XIREC,5257.0,5
140700,,SUBMISSION,HYDROGEL_PACK,XIREC,10013.0,3
140900,,SUBMISSION,HYDROGEL_PACK,XIREC,10013.0,3
140900,SUBMISSION,Mark 38,VEV_4000,XIREC,1247.0,1
141000,,SUBMISSION,HYDROGEL_PACK,XIREC,10013.0,3
141100,,SUBMISSION,HYDROGEL_PACK,XIREC,10014.0,4
141200,,SUBMISSION,HYDROGEL_PACK,XIREC,10015.0,6
141300,,SUBMISSION,HYDROGEL_PACK,XIREC,10016.0,7
141400,,SUBMISSION,HYDROGEL_PACK,XIREC,10016.0,7
141500,,SUBMISSION,HYDROGEL_PACK,XIREC,10020.0,12
141600,,SUBMISSION,HYDROGEL_PACK,XIREC,10020.0,12
141700,,SUBMISSION,HYDROGEL_PACK,XIREC,10021.0,13
141800,,SUBMISSION,HYDROGEL_PACK,XIREC,10017.0,8
141900,,SUBMISSION,HYDROGEL_PACK,XIREC,10015.0,6
142000,,SUBMISSION,HYDROGEL_PACK,XIREC,10014.0,4
142100,,SUBMISSION,HYDROGEL_PACK,XIREC,10011.0,1
142200,,SUBMISSION,HYDROGEL_PACK,XIREC,10011.0,1
142300,,SUBMISSION,HYDROGEL_PACK,XIREC,10011.0,1
142300,Mark 55,SUBMISSION,VELVETFRUIT_EXTRACT,XIREC,5258.0,1
142300,Mark 55,Mark 14,VELVETFRUIT_EXTRACT,XIREC,5259.0,5
142400,,SUBMISSION,HYDROGEL_PACK,XIREC,10013.0,3
142500,,SUBMISSION,HYDROGEL_PACK,XIREC,10013.0,4
143100,,SUBMISSION,HYDROGEL_PACK,XIREC,10011.0,1
143100,Mark 55,Mark 01,VELVETFRUIT_EXTRACT,XIREC,5261.0,7
143200,SUBMISSION,,VEV_5000,XIREC,265.0,21
143200,SUBMISSION,,VEV_5100,XIREC,173.0,7
143300,,SUBMISSION,VEV_5000,XIREC,260.0,3
143300,,SUBMISSION,VEV_5000,XIREC,260.0,3
143300,,SUBMISSION,VEV_5100,XIREC,170.0,1
143400,,SUBMISSION,VEV_5100,XIREC,171.0,1
143400,,SUBMISSION,VEV_5100,XIREC,171.0,1
143500,,SUBMISSION,VEV_5000,XIREC,261.0,1
143500,,SUBMISSION,VEV_5000,XIREC,261.0,1
143800,SUBMISSION,Mark 38,HYDROGEL_PACK,XIREC,9997.0,5
143800,,SUBMISSION,VEV_4000,XIREC,1262.0,3
143800,,SUBMISSION,VEV_4500,XIREC,762.0,3
143800,,SUBMISSION,VEV_5000,XIREC,265.0,1
143800,,SUBMISSION,VEV_5000,XIREC,265.0,1
143800,,SUBMISSION,VEV_5100,XIREC,174.0,1
143800,,SUBMISSION,VEV_5100,XIREC,174.0,1
144000,,SUBMISSION,VEV_5000,XIREC,263.0,1
144000,,SUBMISSION,VEV_5000,XIREC,263.0,1
144100,SUBMISSION,,VEV_5100,XIREC,177.0,10
144200,,SUBMISSION,VEV_5100,XIREC,172.0,8
144300,Mark 55,SUBMISSION,VELVETFRUIT_EXTRACT,XIREC,5265.0,1
144300,,SUBMISSION,VEV_4000,XIREC,1262.0,3
144300,,SUBMISSION,VEV_4500,XIREC,762.0,3
144300,,SUBMISSION,VEV_5100,XIREC,175.0,1
144300,,SUBMISSION,VEV_5100,XIREC,175.0,1
144300,,SUBMISSION,VEV_5100,XIREC,175.0,1
144300,Mark 55,Mark 01,VELVETFRUIT_EXTRACT,XIREC,5266.0,5
144400,SUBMISSION,Mark 38,VEV_4000,XIREC,1254.0,1
144700,,SUBMISSION,VEV_5000,XIREC,265.0,2
144700,,SUBMISSION,VEV_5000,XIREC,265.0,2
144700,,SUBMISSION,VEV_5100,XIREC,175.0,1
144700,,SUBMISSION,VEV_5100,XIREC,175.0,1
144700,SUBMISSION,,VEV_5100,XIREC,179.0,12
144800,,SUBMISSION,VEV_5100,XIREC,175.0,11
144900,SUBMISSION,,VEV_5000,XIREC,272.0,11
144900,,SUBMISSION,VEV_5100,XIREC,175.0,2
144900,SUBMISSION,,VEV_5100,XIREC,180.0,20
145000,,SUBMISSION,VEV_5000,XIREC,267.0,8
145000,,SUBMISSION,VEV_5000,XIREC,266.0,11
145000,,SUBMISSION,VEV_5100,XIREC,176.0,8
145100,Mark 38,SUBMISSION,HYDROGEL_PACK,XIREC,10011.0,5
145100,SUBMISSION,,VEV_5000,XIREC,274.0,11
145100,,SUBMISSION,VEV_5100,XIREC,177.0,13
145100,SUBMISSION,,VEV_5100,XIREC,182.0,20
145200,,SUBMISSION,VEV_5000,XIREC,269.0,8
145200,,SUBMISSION,VEV_5100,XIREC,179.0,7
145200,,SUBMISSION,VEV_5100,XIREC,178.0,15
145200,SUBMISSION,,VEV_5100,XIREC,183.0,7
145300,SUBMISSION,,VEV_5000,XIREC,275.0,20
145300,,SUBMISSION,VEV_5100,XIREC,178.0,6
145300,SUBMISSION,,VEV_5100,XIREC,183.0,20
145400,SUBMISSION,Mark 38,HYDROGEL_PACK,XIREC,9996.0,2
145400,,SUBMISSION,VEV_5000,XIREC,269.0,12
145400,,SUBMISSION,VEV_5000,XIREC,268.0,16
145500,,SUBMISSION,VEV_5100,XIREC,177.0,18
145500,SUBMISSION,,VEV_5100,XIREC,182.0,7
145600,,SUBMISSION,VEV_5100,XIREC,177.0,7
145800,SUBMISSION,Mark 38,VEV_4000,XIREC,1258.0,1
146000,SUBMISSION,,VEV_5100,XIREC,182.0,20
146100,,SUBMISSION,VEV_5100,XIREC,177.0,10
146100,,SUBMISSION,VEV_5100,XIREC,176.0,15
147200,Mark 01,Mark 55,VELVETFRUIT_EXTRACT,XIREC,5259.0,8
148100,,SUBMISSION,HYDROGEL_PACK,XIREC,10010.0,2
148100,SUBMISSION,,VEV_5000,XIREC,271.0,8
148100,SUBMISSION,,VEV_5100,XIREC,179.0,8
148300,,SUBMISSION,VEV_5100,XIREC,176.0,1
148300,,SUBMISSION,VEV_5100,XIREC,176.0,1
148700,,SUBMISSION,HYDROGEL_PACK,XIREC,10011.0,4
148800,,SUBMISSION,HYDROGEL_PACK,XIREC,10012.0,5
148800,SUBMISSION,,VEV_5000,XIREC,270.0,11
148800,SUBMISSION,,VEV_5100,XIREC,179.0,20
148900,,SUBMISSION,HYDROGEL_PACK,XIREC,10012.0,6
148900,,SUBMISSION,VEV_5100,XIREC,174.0,17
149000,,SUBMISSION,HYDROGEL_PACK,XIREC,10012.0,5
149000,,SUBMISSION,VEV_5000,XIREC,265.0,1
149000,,SUBMISSION,VEV_5000,XIREC,265.0,1
149200,,SUBMISSION,HYDROGEL_PACK,XIREC,10013.0,7
149300,,SUBMISSION,HYDROGEL_PACK,XIREC,10012.0,5
149300,,SUBMISSION,VEV_4000,XIREC,1266.0,5
149300,,SUBMISSION,VEV_4500,XIREC,766.0,5
149300,,SUBMISSION,VEV_5000,XIREC,269.0,1
149300,,SUBMISSION,VEV_5000,XIREC,269.0,1
149300,,SUBMISSION,VEV_5100,XIREC,178.0,2
149300,,SUBMISSION,VEV_5100,XIREC,178.0,2
149400,,SUBMISSION,HYDROGEL_PACK,XIREC,10009.0,1
149400,SUBMISSION,,VEV_5100,XIREC,181.0,20
149500,,SUBMISSION,HYDROGEL_PACK,XIREC,10009.0,1
149500,,SUBMISSION,VEV_5000,XIREC,268.0,2
149500,,SUBMISSION,VEV_5000,XIREC,268.0,2
149500,,SUBMISSION,VEV_5100,XIREC,177.0,19
149500,SUBMISSION,,VEV_5100,XIREC,182.0,11
149600,,SUBMISSION,HYDROGEL_PACK,XIREC,10009.0,1
149600,SUBMISSION,,VEV_5000,XIREC,275.0,6
149600,,SUBMISSION,VEV_5100,XIREC,178.0,12
149600,SUBMISSION,,VEV_5100,XIREC,183.0,20
149700,,SUBMISSION,HYDROGEL_PACK,XIREC,10010.0,2
149700,,SUBMISSION,VEV_5000,XIREC,269.0,6
149700,,SUBMISSION,VEV_5100,XIREC,179.0,6
149700,,SUBMISSION,VEV_5100,XIREC,178.0,15
149700,SUBMISSION,,VEV_5100,XIREC,183.0,6
149800,,SUBMISSION,HYDROGEL_PACK,XIREC,10009.0,1
149800,,SUBMISSION,VEV_5100,XIREC,178.0,4
149800,,SUBMISSION,VEV_5100,XIREC,178.0,2
149800,,SUBMISSION,VEV_5100,XIREC,177.0,2
149900,SUBMISSION,,VEV_5100,XIREC,183.0,20
149900,Mark 14,Mark 38,HYDROGEL_PACK,XIREC,10007.0,3
150000,,SUBMISSION,VEV_5100,XIREC,177.0,15
150200,,SUBMISSION,HYDROGEL_PACK,XIREC,10010.0,3
150300,,SUBMISSION,HYDROGEL_PACK,XIREC,10013.0,7
150400,,SUBMISSION,HYDROGEL_PACK,XIREC,10016.0,12
150400,Mark 38,Mark 14,VEV_4000,XIREC,1278.0,1
150500,,SUBMISSION,HYDROGEL_PACK,XIREC,10012.0,6
150600,,SUBMISSION,HYDROGEL_PACK,XIREC,10012.0,6
150600,Mark 38,SUBMISSION,HYDROGEL_PACK,XIREC,10027.0,4
150700,,SUBMISSION,HYDROGEL_PACK,XIREC,10011.0,4
150700,,SUBMISSION,VEV_5100,XIREC,178.0,1
150700,SUBMISSION,,VEV_5100,XIREC,183.0,10
150800,,SUBMISSION,HYDROGEL_PACK,XIREC,10010.0,3
150800,,SUBMISSION,VEV_5100,XIREC,179.0,11
150800,SUBMISSION,,VEV_5100,XIREC,184.0,20
150900,,SUBMISSION,HYDROGEL_PACK,XIREC,10014.0,9
150900,,SUBMISSION,VEV_5100,XIREC,180.0,21
150900,SUBMISSION,,VEV_5100,XIREC,185.0,20
151000,,SUBMISSION,HYDROGEL_PACK,XIREC,10016.0,11
151000,,SUBMISSION,HYDROGEL_PACK,XIREC,10013.0,1
151000,,SUBMISSION,VEV_5000,XIREC,271.0,2
151000,,SUBMISSION,VEV_5000,XIREC,271.0,2
151000,SUBMISSION,,VEV_5000,XIREC,278.0,25
151000,,SUBMISSION,VEV_5100,XIREC,180.0,21
151000,SUBMISSION,,VEV_5100,XIREC,185.0,8
151100,,SUBMISSION,HYDROGEL_PACK,XIREC,10014.0,3
151100,,SUBMISSION,VEV_5000,XIREC,272.0,12
151100,,SUBMISSION,VEV_5000,XIREC,271.0,12
151100,,SUBMISSION,VEV_5100,XIREC,181.0,8
151100,SUBMISSION,,VEV_5100,XIREC,186.0,20
151200,,SUBMISSION,VEV_5100,XIREC,182.0,20
151200,SUBMISSION,,VEV_5100,XIREC,187.0,20
151300,,SUBMISSION,VEV_5100,XIREC,181.0,12
151300,,SUBMISSION,VEV_5100,XIREC,180.0,19
151300,SUBMISSION,,VEV_5100,XIREC,185.0,12
151400,SUBMISSION,,VEV_5100,XIREC,185.0,8
151400,Mark 14,Mark 38,HYDROGEL_PACK,XIREC,10014.0,3
151500,,SUBMISSION,VEV_5100,XIREC,180.0,8
151500,SUBMISSION,,VEV_5100,XIREC,185.0,7
151600,,SUBMISSION,VEV_5100,XIREC,182.0,8
151600,Mark 14,Mark 38,HYDROGEL_PACK,XIREC,10014.0,6
151900,,SUBMISSION,HYDROGEL_PACK,XIREC,10015.0,2
151900,SUBMISSION,,VEV_5100,XIREC,186.0,8
152000,,SUBMISSION,VEV_5100,XIREC,181.0,7
152200,SUBMISSION,,VEV_5000,XIREC,279.0,12
152200,SUBMISSION,,VEV_5100,XIREC,186.0,12
152300,,SUBMISSION,VEV_5000,XIREC,273.0,9
152300,,SUBMISSION,VEV_5000,XIREC,272.0,10
152300,,SUBMISSION,VEV_5100,XIREC,182.0,12
152300,SUBMISSION,,VEV_5100,XIREC,187.0,20
152400,,SUBMISSION,VEV_5100,XIREC,182.0,20
152500,SUBMISSION,,VEV_5000,XIREC,280.0,9
152500,,SUBMISSION,VEV_5100,XIREC,182.0,1
152500,SUBMISSION,,VEV_5100,XIREC,187.0,9
152600,,SUBMISSION,VEV_5000,XIREC,273.0,1
152600,SUBMISSION,,VEV_5000,XIREC,280.0,8
152600,,SUBMISSION,VEV_5100,XIREC,182.0,9
152600,SUBMISSION,,VEV_5100,XIREC,187.0,8
152700,,SUBMISSION,VEV_5000,XIREC,274.0,6
152700,,SUBMISSION,VEV_5000,XIREC,273.0,8
152700,,SUBMISSION,VEV_5100,XIREC,183.0,8
152700,SUBMISSION,,VEV_5100,XIREC,188.0,20
152800,,SUBMISSION,VEV_5100,XIREC,182.0,8
152800,,SUBMISSION,VEV_5100,XIREC,181.0,14
152800,SUBMISSION,,VEV_5100,XIREC,186.0,8
152900,SUBMISSION,,VEV_5000,XIREC,280.0,23
152900,,SUBMISSION,VEV_5100,XIREC,182.0,5
152900,SUBMISSION,,VEV_5100,XIREC,187.0,20
153000,,SUBMISSION,VEV_5000,XIREC,272.0,14
153000,SUBMISSION,,VEV_5000,XIREC,279.0,10
153000,,SUBMISSION,VEV_5100,XIREC,182.0,10
153000,,SUBMISSION,VEV_5100,XIREC,181.0,5
153000,SUBMISSION,,VEV_5100,XIREC,186.0,10
153100,,SUBMISSION,VEV_5000,XIREC,272.0,10
153100,,SUBMISSION,VEV_5000,XIREC,272.0,1
153100,,SUBMISSION,VEV_5000,XIREC,271.0,9
153100,,SUBMISSION,VEV_5100,XIREC,181.0,7
153100,SUBMISSION,,VEV_5100,XIREC,186.0,20
153100,Mark 38,Mark 14,VEV_4000,XIREC,1284.0,3
153200,,SUBMISSION,VEV_5100,XIREC,181.0,24
153200,SUBMISSION,,VEV_5100,XIREC,186.0,7
153200,Mark 14,Mark 38,HYDROGEL_PACK,XIREC,10008.0,5
153300,,SUBMISSION,VEV_5100,XIREC,181.0,9
153300,,SUBMISSION,VEV_5100,XIREC,181.0,1
153300,,SUBMISSION,VEV_5100,XIREC,180.0,8
153500,SUBMISSION,,VEV_5000,XIREC,277.0,7
154300,Mark 55,Mark 01,VELVETFRUIT_EXTRACT,XIREC,5275.0,6
154700,SUBMISSION,,VEV_5100,XIREC,186.0,20
154800,,SUBMISSION,VEV_5100,XIREC,182.0,11
154800,SUBMISSION,,VEV_5100,XIREC,187.0,20
154900,,SUBMISSION,VEV_5100,XIREC,181.0,19
154900,SUBMISSION,,VEV_5100,XIREC,186.0,20
155000,,SUBMISSION,VEV_5100,XIREC,182.0,11
155000,,SUBMISSION,VEV_5100,XIREC,181.0,13
155100,SUBMISSION,,VEV_5100,XIREC,187.0,20
155100,Mark 55,Mark 01,VELVETFRUIT_EXTRACT,XIREC,5277.0,8
155200,SUBMISSION,,VEV_5000,XIREC,281.0,25
155200,,SUBMISSION,VEV_5100,XIREC,183.0,18
155200,SUBMISSION,,VEV_5100,XIREC,188.0,20
155300,,SUBMISSION,VEV_5000,XIREC,274.0,7
155300,,SUBMISSION,VEV_5000,XIREC,273.0,18
155300,Mark 55,Mark 14,VELVETFRUIT_EXTRACT,XIREC,5277.0,3
155400,,SUBMISSION,VEV_5100,XIREC,183.0,19
155400,SUBMISSION,,VEV_5100,XIREC,188.0,20
155500,,SUBMISSION,VEV_5100,XIREC,183.0,10
155500,,SUBMISSION,VEV_5100,XIREC,182.0,14
155500,SUBMISSION,,VEV_5100,XIREC,187.0,10
155600,,SUBMISSION,VEV_5100,XIREC,182.0,5
155700,,SUBMISSION,VEV_5100,XIREC,183.0,1
155700,,SUBMISSION,VEV_5100,XIREC,183.0,1
155700,Mark 55,Mark 14,VELVETFRUIT_EXTRACT,XIREC,5277.0,4
155800,SUBMISSION,,VEV_5000,XIREC,282.0,10
155800,SUBMISSION,,VEV_5100,XIREC,189.0,20
155800,Mark 14,Mark 55,VELVETFRUIT_EXTRACT,XIREC,5274.0,7
155900,,SUBMISSION,VEV_5000,XIREC,273.0,5
155900,,SUBMISSION,VEV_5000,XIREC,273.0,1
155900,,SUBMISSION,VEV_5000,XIREC,272.0,4
155900,,SUBMISSION,VEV_5100,XIREC,182.0,16
155900,Mark 38,Mark 14,VEV_4000,XIREC,1285.0,2
156000,SUBMISSION,,VEV_5000,XIREC,281.0,7
156000,,SUBMISSION,VEV_5100,XIREC,183.0,4
156000,SUBMISSION,,VEV_5100,XIREC,188.0,7
156100,,SUBMISSION,VEV_5000,XIREC,273.0,3
156100,SUBMISSION,,VEV_5000,XIREC,280.0,8
156100,,SUBMISSION,VEV_5100,XIREC,183.0,6
156100,,SUBMISSION,VEV_5100,XIREC,183.0,2
156100,,SUBMISSION,VEV_5100,XIREC,182.0,4
156200,,SUBMISSION,VEV_5000,XIREC,276.0,6
156200,,SUBMISSION,VEV_5000,XIREC,275.0,8
156200,Mark 67,Mark 49,VELVETFRUIT_EXTRACT,XIREC,5275.0,14
156400,,SUBMISSION,HYDROGEL_PACK,XIREC,10014.0,1
156400,SUBMISSION,,VEV_5100,XIREC,189.0,7
156500,,SUBMISSION,VEV_5100,XIREC,185.0,2
156500,,SUBMISSION,VEV_5100,XIREC,185.0,2
156700,SUBMISSION,,VEV_5000,XIREC,282.0,25
156700,SUBMISSION,,VEV_5100,XIREC,189.0,20
156800,,SUBMISSION,VEV_5000,XIREC,274.0,7
156800,,SUBMISSION,VEV_5000,XIREC,273.0,16
156900,,SUBMISSION,VEV_5100,XIREC,182.0,15
157000,Mark 38,SUBMISSION,HYDROGEL_PACK,XIREC,10023.0,4
157400,Mark 67,Mark 49,VELVETFRUIT_EXTRACT,XIREC,5272.0,13
157700,,SUBMISSION,VEV_5100,XIREC,183.0,1
157700,SUBMISSION,,VEV_5100,XIREC,188.0,6
157800,,SUBMISSION,VEV_5100,XIREC,184.0,7
157800,SUBMISSION,,VEV_5100,XIREC,189.0,9
157900,,SUBMISSION,VEV_5100,XIREC,184.0,7
158000,,SUBMISSION,VEV_5100,XIREC,183.0,1
158000,SUBMISSION,,VEV_5100,XIREC,188.0,10
158100,,SUBMISSION,VEV_5100,XIREC,184.0,8
158100,,SUBMISSION,VEV_5100,XIREC,183.0,10
158200,SUBMISSION,,VEV_5100,XIREC,188.0,20
158300,,SUBMISSION,VEV_5100,XIREC,183.0,12
158300,SUBMISSION,,VEV_5100,XIREC,188.0,9
158400,,SUBMISSION,VEV_5100,XIREC,183.0,9
158400,SUBMISSION,,VEV_5100,XIREC,188.0,8
158500,,SUBMISSION,VEV_5100,XIREC,182.0,7
158500,SUBMISSION,,VEV_5100,XIREC,187.0,10
158600,,SUBMISSION,VEV_5100,XIREC,183.0,8
158600,,SUBMISSION,VEV_5100,XIREC,182.0,10
158700,SUBMISSION,,VEV_5100,XIREC,188.0,20
158800,,SUBMISSION,VEV_5100,XIREC,183.0,12
158800,SUBMISSION,,VEV_5100,XIREC,188.0,20
158900,,SUBMISSION,VEV_5100,XIREC,184.0,12
158900,,SUBMISSION,VEV_5100,XIREC,183.0,10
159100,SUBMISSION,,VEV_5100,XIREC,188.0,11
159200,,SUBMISSION,VEV_5100,XIREC,183.0,9
159200,SUBMISSION,,VEV_5100,XIREC,188.0,10
159300,,SUBMISSION,VEV_5100,XIREC,182.0,9
159300,,SUBMISSION,VEV_5100,XIREC,182.0,3
159300,,SUBMISSION,VEV_5100,XIREC,181.0,6
160000,,SUBMISSION,HYDROGEL_PACK,XIREC,10019.0,8
160200,SUBMISSION,,VEV_5100,XIREC,187.0,8
160400,,SUBMISSION,HYDROGEL_PACK,XIREC,10021.0,4
160400,,SUBMISSION,VEV_4000,XIREC,1273.0,3
160400,,SUBMISSION,VEV_4500,XIREC,773.0,3
160500,,SUBMISSION,HYDROGEL_PACK,XIREC,10022.0,2
161100,Mark 38,SUBMISSION,HYDROGEL_PACK,XIREC,10027.0,4
161100,SUBMISSION,,VEV_5100,XIREC,186.0,12
161200,,SUBMISSION,VEV_5100,XIREC,181.0,8
161200,,SUBMISSION,VEV_5100,XIREC,180.0,5
161400,SUBMISSION,,VEV_5000,XIREC,277.0,7
161400,SUBMISSION,,VEV_5100,XIREC,185.0,20
161500,,SUBMISSION,VEV_5100,XIREC,179.0,12
161600,,SUBMISSION,VEV_5100,XIREC,178.0,3
162100,,SUBMISSION,VEV_5000,XIREC,266.0,4
162100,,SUBMISSION,VEV_5000,XIREC,266.0,3
162100,,SUBMISSION,VEV_5000,XIREC,265.0,1
162100,,SUBMISSION,VEV_5100,XIREC,176.0,7
162100,,SUBMISSION,VEV_5100,XIREC,175.0,7
163100,,SUBMISSION,VEV_5000,XIREC,271.0,1
163100,,SUBMISSION,VEV_5000,XIREC,271.0,1
163300,SUBMISSION,,VEV_5100,XIREC,189.0,20
163400,SUBMISSION,,VEV_5000,XIREC,283.0,8
163400,,SUBMISSION,VEV_5100,XIREC,185.0,11
163400,SUBMISSION,,VEV_5100,XIREC,190.0,8
163500,,SUBMISSION,VEV_5100,XIREC,184.0,7
163900,SUBMISSION,,VEV_5000,XIREC,283.0,12
163900,,SUBMISSION,VEV_5100,XIREC,185.0,1
163900,SUBMISSION,,VEV_5100,XIREC,190.0,12
164000,,SUBMISSION,VEV_5000,XIREC,279.0,8
164000,,SUBMISSION,VEV_5000,XIREC,278.0,12
164000,,SUBMISSION,VEV_5100,XIREC,187.0,5
164000,SUBMISSION,,VEV_5100,XIREC,192.0,8
164100,,SUBMISSION,VEV_5100,XIREC,187.0,15
164100,Mark 55,Mark 14,VELVETFRUIT_EXTRACT,XIREC,5282.0,5
164200,,SUBMISSION,VEV_5100,XIREC,188.0,1
164200,,SUBMISSION,VEV_5100,XIREC,188.0,1
164200,SUBMISSION,,VEV_5100,XIREC,192.0,12
164200,Mark 14,Mark 55,VELVETFRUIT_EXTRACT,XIREC,5278.0,7
164300,,SUBMISSION,VEV_5100,XIREC,189.0,7
164300,,SUBMISSION,VEV_5100,XIREC,188.0,12
164500,SUBMISSION,,VEV_5100,XIREC,193.0,10
164600,,SUBMISSION,VEV_5100,XIREC,189.0,3
164600,SUBMISSION,,VEV_5100,XIREC,194.0,20
164600,Mark 14,Mark 38,HYDROGEL_PACK,XIREC,10023.0,6
164700,,SUBMISSION,VEV_5100,XIREC,188.0,11
164700,,SUBMISSION,VEV_5100,XIREC,187.0,16
164700,SUBMISSION,,VEV_5100,XIREC,192.0,11
164800,,SUBMISSION,VEV_5100,XIREC,188.0,3
164800,,SUBMISSION,VEV_5100,XIREC,188.0,3
164800,SUBMISSION,,VEV_5100,XIREC,192.0,7
164900,,SUBMISSION,VEV_5100,XIREC,188.0,4
164900,,SUBMISSION,VEV_5100,XIREC,188.0,4
165000,SUBMISSION,,VEV_5100,XIREC,191.0,10
165100,,SUBMISSION,VEV_5100,XIREC,185.0,4
165300,,SUBMISSION,VEV_5100,XIREC,186.0,1
165300,,SUBMISSION,VEV_5100,XIREC,186.0,1
165700,Mark 67,Mark 22,VELVETFRUIT_EXTRACT,XIREC,5273.0,10
166700,Mark 38,Mark 14,VEV_4000,XIREC,1283.0,3
167600,,SUBMISSION,VEV_5100,XIREC,178.0,1
167600,,SUBMISSION,VEV_5100,XIREC,178.0,1
169000,,SUBMISSION,HYDROGEL_PACK,XIREC,10012.0,3
169000,Mark 38,SUBMISSION,HYDROGEL_PACK,XIREC,10027.0,2
169000,SUBMISSION,,VEV_5000,XIREC,273.0,3
169000,,SUBMISSION,VEV_5100,XIREC,180.0,1
169000,,SUBMISSION,VEV_5100,XIREC,180.0,1
169000,SUBMISSION,,VEV_5100,XIREC,182.0,3
169000,Mark 01,Mark 22,VEV_5300,XIREC,52.0,3
169000,Mark 01,Mark 22,VEV_5400,XIREC,16.0,3
169000,Mark 01,Mark 22,VEV_5500,XIREC,6.0,3
169000,Mark 01,Mark 22,VEV_6000,XIREC,0.0,3
169000,Mark 01,Mark 22,VEV_6500,XIREC,0.0,3
169100,,SUBMISSION,VEV_5100,XIREC,180.0,2
169200,Mark 38,SUBMISSION,HYDROGEL_PACK,XIREC,10024.0,5
169200,SUBMISSION,Mark 38,VEV_4000,XIREC,1262.0,3
169900,Mark 14,Mark 55,VELVETFRUIT_EXTRACT,XIREC,5267.0,3
170100,Mark 38,SUBMISSION,HYDROGEL_PACK,XIREC,10019.0,4
170500,Mark 55,Mark 14,VELVETFRUIT_EXTRACT,XIREC,5272.0,7
171500,Mark 14,Mark 55,VELVETFRUIT_EXTRACT,XIREC,5271.0,7
171800,SUBMISSION,,VEV_5000,XIREC,275.0,5
171800,SUBMISSION,,VEV_5100,XIREC,183.0,5
171800,Mark 01,Mark 22,VEV_5400,XIREC,17.0,5
171800,Mark 01,Mark 22,VEV_5500,XIREC,7.0,5
171800,Mark 01,Mark 22,VEV_6000,XIREC,0.0,5
171800,Mark 01,Mark 22,VEV_6500,XIREC,0.0,5
172400,SUBMISSION,,VEV_5000,XIREC,277.0,10
172400,SUBMISSION,,VEV_5100,XIREC,185.0,20
172500,,SUBMISSION,VEV_5000,XIREC,271.0,1
172500,,SUBMISSION,VEV_5000,XIREC,271.0,1
172500,,SUBMISSION,VEV_5100,XIREC,180.0,11
172600,,SUBMISSION,VEV_5000,XIREC,272.0,1
172600,,SUBMISSION,VEV_5100,XIREC,181.0,7
172600,Mark 55,Mark 01,VELVETFRUIT_EXTRACT,XIREC,5276.0,8
173000,,SUBMISSION,VEV_5000,XIREC,276.0,1
173000,,SUBMISSION,VEV_5000,XIREC,276.0,1
173400,SUBMISSION,,VEV_5000,XIREC,280.0,12
173400,SUBMISSION,,VEV_5100,XIREC,187.0,12
173500,,SUBMISSION,VEV_5000,XIREC,273.0,9
173500,,SUBMISSION,VEV_5100,XIREC,182.0,5
173600,,SUBMISSION,VEV_5100,XIREC,182.0,5
173600,,SUBMISSION,VEV_5100,XIREC,182.0,1
173600,,SUBMISSION,VEV_5100,XIREC,181.0,4
173800,,SUBMISSION,VEV_5000,XIREC,274.0,1
174000,Mark 55,Mark 14,VELVETFRUIT_EXTRACT,XIREC,5278.0,6
174200,,SUBMISSION,VEV_5000,XIREC,276.0,1
174200,,SUBMISSION,VEV_5000,XIREC,276.0,1
174400,SUBMISSION,,VEV_5100,XIREC,190.0,9
174500,,SUBMISSION,VEV_5100,XIREC,186.0,7
174800,SUBMISSION,,VEV_5100,XIREC,191.0,8
174900,,SUBMISSION,VEV_5100,XIREC,186.0,7
174900,,SUBMISSION,VEV_5100,XIREC,186.0,5
174900,,SUBMISSION,VEV_5100,XIREC,185.0,2
175000,Mark 55,Mark 01,VELVETFRUIT_EXTRACT,XIREC,5279.0,4
176600,,SUBMISSION,VEV_5000,XIREC,279.0,1
176600,,SUBMISSION,VEV_5000,XIREC,279.0,1
177100,Mark 14,Mark 38,HYDROGEL_PACK,XIREC,10011.0,3
178100,Mark 14,Mark 38,HYDROGEL_PACK,XIREC,10007.0,3
178200,Mark 01,Mark 55,VELVETFRUIT_EXTRACT,XIREC,5272.0,3
179100,Mark 55,Mark 01,VELVETFRUIT_EXTRACT,XIREC,5275.0,8
179400,,SUBMISSION,VEV_5000,XIREC,270.0,5
179400,,SUBMISSION,VEV_5000,XIREC,270.0,3
179400,,SUBMISSION,VEV_5000,XIREC,269.0,2
179500,SUBMISSION,,VEV_5000,XIREC,275.0,8
179600,,SUBMISSION,VEV_5000,XIREC,270.0,3
179600,,SUBMISSION,VEV_5000,XIREC,270.0,3
181600,SUBMISSION,Mark 38,HYDROGEL_PACK,XIREC,9997.0,5
185500,Mark 55,Mark 14,VELVETFRUIT_EXTRACT,XIREC,5262.0,5
185700,SUBMISSION,,VEV_5000,XIREC,267.0,8
186700,SUBMISSION,,VEV_5000,XIREC,262.0,12
188200,Mark 01,Mark 55,VELVETFRUIT_EXTRACT,XIREC,5255.0,3
188500,SUBMISSION,,HYDROGEL_PACK,XIREC,9999.0,2
188600,SUBMISSION,,HYDROGEL_PACK,XIREC,9994.0,13
188700,SUBMISSION,,HYDROGEL_PACK,XIREC,9992.0,14
188700,SUBMISSION,,HYDROGEL_PACK,XIREC,9995.0,3
188800,SUBMISSION,,HYDROGEL_PACK,XIREC,9990.0,11
188800,SUBMISSION,,HYDROGEL_PACK,XIREC,9992.0,11
188900,SUBMISSION,,HYDROGEL_PACK,XIREC,9988.0,10
188900,SUBMISSION,,HYDROGEL_PACK,XIREC,9991.0,16
189000,SUBMISSION,,HYDROGEL_PACK,XIREC,9990.0,10
189000,SUBMISSION,,HYDROGEL_PACK,XIREC,9993.0,11
189100,SUBMISSION,,HYDROGEL_PACK,XIREC,9989.0,13
189100,SUBMISSION,,HYDROGEL_PACK,XIREC,9992.0,10
189100,SUBMISSION,,VEV_5000,XIREC,262.0,4
189100,Mark 01,Mark 22,VEV_5300,XIREC,47.0,4
189100,Mark 01,Mark 22,VEV_5400,XIREC,14.0,4
189100,Mark 01,Mark 22,VEV_5500,XIREC,6.0,4
189100,Mark 01,Mark 22,VEV_6000,XIREC,0.0,4
189100,Mark 01,Mark 22,VEV_6500,XIREC,0.0,4
189200,SUBMISSION,,HYDROGEL_PACK,XIREC,9991.0,11
189200,SUBMISSION,,HYDROGEL_PACK,XIREC,9994.0,8
189300,SUBMISSION,,HYDROGEL_PACK,XIREC,9991.0,11
189300,SUBMISSION,,HYDROGEL_PACK,XIREC,9994.0,8
189400,SUBMISSION,,HYDROGEL_PACK,XIREC,9990.0,10
189400,SUBMISSION,,HYDROGEL_PACK,XIREC,9992.0,11
189500,SUBMISSION,,HYDROGEL_PACK,XIREC,9988.0,15
189500,SUBMISSION,,HYDROGEL_PACK,XIREC,9990.0,10
189600,SUBMISSION,,HYDROGEL_PACK,XIREC,9987.0,12
189600,SUBMISSION,,HYDROGEL_PACK,XIREC,9989.0,15
189700,SUBMISSION,,HYDROGEL_PACK,XIREC,9976.0,5
189700,SUBMISSION,,HYDROGEL_PACK,XIREC,9984.0,12
189700,SUBMISSION,,HYDROGEL_PACK,XIREC,9987.0,23
189700,Mark 01,Mark 55,VELVETFRUIT_EXTRACT,XIREC,5257.0,6
189800,SUBMISSION,,HYDROGEL_PACK,XIREC,9984.0,9
190000,SUBMISSION,,HYDROGEL_PACK,XIREC,9982.0,5
190100,SUBMISSION,,HYDROGEL_PACK,XIREC,9981.0,1
190300,SUBMISSION,,HYDROGEL_PACK,XIREC,9979.0,4
190900,Mark 38,Mark 14,VEV_4000,XIREC,1270.0,1
192100,SUBMISSION,,VEV_5000,XIREC,266.0,10
192500,,SUBMISSION,VEV_5000,XIREC,264.0,4
192600,,SUBMISSION,VEV_5000,XIREC,263.0,2
192700,SUBMISSION,Mark 38,VEV_4000,XIREC,1254.0,2
192700,,SUBMISSION,VEV_5000,XIREC,264.0,4
192800,,SUBMISSION,VEV_5000,XIREC,264.0,4
193400,Mark 38,Mark 14,HYDROGEL_PACK,XIREC,9993.0,4
193900,,SUBMISSION,VEV_5000,XIREC,265.0,1
193900,,SUBMISSION,VEV_5000,XIREC,265.0,1
194700,Mark 67,Mark 22,VELVETFRUIT_EXTRACT,XIREC,5262.0,10
194900,Mark 01,Mark 55,VELVETFRUIT_EXTRACT,XIREC,5257.0,6
195200,Mark 38,Mark 14,VEV_4000,XIREC,1270.0,2
195500,Mark 55,Mark 14,VELVETFRUIT_EXTRACT,XIREC,5264.0,6
195600,SUBMISSION,Mark 38,HYDROGEL_PACK,XIREC,9973.0,5
195600,,SUBMISSION,VEV_5000,XIREC,262.0,3
195600,,SUBMISSION,VEV_5000,XIREC,262.0,3
196200,SUBMISSION,,VEV_5000,XIREC,271.0,9
196700,Mark 14,Mark 55,VELVETFRUIT_EXTRACT,XIREC,5261.0,6
196800,SUBMISSION,Mark 38,VEV_4000,XIREC,1254.0,2
196800,,SUBMISSION,VEV_5000,XIREC,263.0,1
197500,,SUBMISSION,VEV_5000,XIREC,263.0,1
197500,,SUBMISSION,VEV_5000,XIREC,263.0,1
198200,,SUBMISSION,VEV_5000,XIREC,265.0,1
198200,,SUBMISSION,VEV_5000,XIREC,265.0,1
199400,Mark 67,Mark 49,VELVETFRUIT_EXTRACT,XIREC,5262.0,8
200400,SUBMISSION,Mark 38,VEV_4000,XIREC,1253.0,1
201300,Mark 22,Mark 55,VELVETFRUIT_EXTRACT,XIREC,5259.0,6
201500,SUBMISSION,Mark 38,VEV_4000,XIREC,1249.0,1
202300,SUBMISSION,Mark 38,VEV_4000,XIREC,1250.0,1
202600,,SUBMISSION,VEV_5000,XIREC,261.0,5
202600,,SUBMISSION,VEV_5000,XIREC,261.0,5
203400,SUBMISSION,,VEV_5000,XIREC,266.0,10
203500,Mark 55,Mark 01,VELVETFRUIT_EXTRACT,XIREC,5263.0,4
204400,SUBMISSION,,VEV_5000,XIREC,263.0,5
204400,Mark 01,Mark 22,VEV_5300,XIREC,47.0,5
204400,Mark 01,Mark 22,VEV_5400,XIREC,14.0,5
204400,Mark 01,Mark 22,VEV_5500,XIREC,6.0,5
204400,Mark 01,Mark 22,VEV_6000,XIREC,0.0,5
204400,Mark 01,Mark 22,VEV_6500,XIREC,0.0,5
204700,,SUBMISSION,VEV_5000,XIREC,262.0,1
204800,,SUBMISSION,VEV_4000,XIREC,1262.0,3
205000,,SUBMISSION,VEV_5000,XIREC,263.0,2
205000,SUBMISSION,,VEV_5000,XIREC,270.0,21
205000,Mark 49,Mark 22,VELVETFRUIT_EXTRACT,XIREC,5263.0,5
205100,,SUBMISSION,VEV_5000,XIREC,264.0,6
205200,,SUBMISSION,VEV_5000,XIREC,264.0,6
205200,,SUBMISSION,VEV_5000,XIREC,263.0,1
205300,,SUBMISSION,VEV_5000,XIREC,264.0,7
205400,,SUBMISSION,VEV_5000,XIREC,264.0,1
206000,,SUBMISSION,VEV_5000,XIREC,265.0,2
206000,,SUBMISSION,VEV_5000,XIREC,265.0,2
206000,Mark 55,Mark 01,VELVETFRUIT_EXTRACT,XIREC,5268.0,6
206200,Mark 38,Mark 14,HYDROGEL_PACK,XIREC,9992.0,3
206600,SUBMISSION,Mark 38,HYDROGEL_PACK,XIREC,9977.0,3
206700,SUBMISSION,Mark 38,HYDROGEL_PACK,XIREC,9982.0,5
206800,,SUBMISSION,VEV_5000,XIREC,269.0,1
206800,,SUBMISSION,VEV_5000,XIREC,269.0,1
207000,Mark 67,Mark 49,VELVETFRUIT_EXTRACT,XIREC,5268.0,15
207100,,SUBMISSION,VEV_5000,XIREC,269.0,1
207100,,SUBMISSION,VEV_5000,XIREC,269.0,1
207100,SUBMISSION,,VEV_5000,XIREC,275.0,10
207100,SUBMISSION,,VEV_5100,XIREC,182.0,10
207200,,SUBMISSION,VEV_5000,XIREC,270.0,9
207200,,SUBMISSION,VEV_5000,XIREC,269.0,7
207300,,SUBMISSION,VEV_5100,XIREC,179.0,3
207300,,SUBMISSION,VEV_5100,XIREC,179.0,3
208100,,SUBMISSION,VEV_4000,XIREC,1269.0,2
208100,,SUBMISSION,VEV_4500,XIREC,769.0,2
209300,SUBMISSION,,VEV_5000,XIREC,274.0,9
209300,SUBMISSION,,VEV_5100,XIREC,181.0,9
209400,,SUBMISSION,VEV_5100,XIREC,177.0,4
209400,,SUBMISSION,VEV_5100,XIREC,177.0,4
209400,Mark 01,Mark 55,VELVETFRUIT_EXTRACT,XIREC,5265.0,4
211300,,SUBMISSION,VEV_4000,XIREC,1267.0,3
211300,,SUBMISSION,VEV_4500,XIREC,767.0,3
211400,Mark 01,Mark 55,VELVETFRUIT_EXTRACT,XIREC,5264.0,7
212100,SUBMISSION,Mark 38,VEV_4000,XIREC,1258.0,2
212100,Mark 55,Mark 01,VELVETFRUIT_EXTRACT,XIREC,5271.0,4
212200,,SUBMISSION,VEV_4000,XIREC,1267.0,2
212200,,SUBMISSION,VEV_4500,XIREC,767.0,2
212200,Mark 55,Mark 22,VELVETFRUIT_EXTRACT,XIREC,5267.0,5
212900,Mark 14,Mark 55,VELVETFRUIT_EXTRACT,XIREC,5266.0,5
217000,,SUBMISSION,VEV_5000,XIREC,264.0,9
217000,,SUBMISSION,VEV_5000,XIREC,263.0,10
217000,,SUBMISSION,VEV_5100,XIREC,174.0,3
217000,,SUBMISSION,VEV_5100,XIREC,174.0,3
217200,Mark 14,Mark 55,VELVETFRUIT_EXTRACT,XIREC,5262.0,4
217800,Mark 01,Mark 55,VELVETFRUIT_EXTRACT,XIREC,5260.0,6
219200,SUBMISSION,Mark 38,HYDROGEL_PACK,XIREC,9955.0,4
220600,Mark 14,Mark 55,VELVETFRUIT_EXTRACT,XIREC,5260.0,4
220800,Mark 55,Mark 14,VELVETFRUIT_EXTRACT,XIREC,5265.0,6
221100,SUBMISSION,,VEV_5000,XIREC,268.0,9
221200,Mark 38,Mark 14,HYDROGEL_PACK,XIREC,9963.0,6
224300,Mark 38,Mark 14,HYDROGEL_PACK,XIREC,9942.0,4
225500,SUBMISSION,,VEV_5000,XIREC,270.0,5
225500,SUBMISSION,,VEV_5100,XIREC,178.0,5
225500,Mark 14,Mark 22,VEV_5300,XIREC,50.0,5
225500,Mark 01,Mark 22,VEV_5400,XIREC,16.0,5
225500,Mark 01,Mark 22,VEV_5500,XIREC,6.0,5
225500,Mark 01,Mark 22,VEV_6000,XIREC,0.0,5
225500,Mark 01,Mark 22,VEV_6500,XIREC,0.0,5
226700,SUBMISSION,,VEV_5000,XIREC,270.0,8
226700,SUBMISSION,,VEV_5100,XIREC,178.0,20
226800,,SUBMISSION,VEV_5100,XIREC,174.0,9
226900,,SUBMISSION,VEV_5100,XIREC,174.0,5
228600,,SUBMISSION,VEV_5000,XIREC,260.0,8
228600,,SUBMISSION,VEV_5000,XIREC,259.0,9
228600,,SUBMISSION,VEV_5100,XIREC,170.0,5
228700,,SUBMISSION,VEV_5100,XIREC,172.0,2
228700,,SUBMISSION,VEV_5100,XIREC,172.0,2
229400,Mark 14,Mark 55,VELVETFRUIT_EXTRACT,XIREC,5260.0,7
230800,SUBMISSION,,VEV_5100,XIREC,180.0,7
230900,,SUBMISSION,VEV_5100,XIREC,176.0,1
231600,Mark 14,Mark 55,VELVETFRUIT_EXTRACT,XIREC,5262.0,5
231900,Mark 38,Mark 14,VEV_4000,XIREC,1275.0,2
232000,Mark 55,Mark 01,VELVETFRUIT_EXTRACT,XIREC,5267.0,8
233000,Mark 38,Mark 14,HYDROGEL_PACK,XIREC,9927.0,3
234100,SUBMISSION,,VEV_5000,XIREC,271.0,10
234100,SUBMISSION,,VEV_5100,XIREC,179.0,20
234200,,SUBMISSION,VEV_5100,XIREC,174.0,8
234300,,SUBMISSION,VEV_5100,XIREC,175.0,9
234300,,SUBMISSION,VEV_5100,XIREC,175.0,1
234500,,SUBMISSION,VEV_5100,XIREC,176.0,1
234700,,SUBMISSION,VEV_5100,XIREC,177.0,1
234700,SUBMISSION,,VEV_5100,XIREC,182.0,20
234800,SUBMISSION,,VEV_5000,XIREC,276.0,10
234800,,SUBMISSION,VEV_5100,XIREC,178.0,18
234800,SUBMISSION,,VEV_5100,XIREC,183.0,20
234900,,SUBMISSION,VEV_5000,XIREC,270.0,10
234900,,SUBMISSION,VEV_5100,XIREC,179.0,9
234900,SUBMISSION,,VEV_5100,XIREC,184.0,20
235000,SUBMISSION,,VEV_5000,XIREC,275.0,8
235000,,SUBMISSION,VEV_5100,XIREC,178.0,18
235000,SUBMISSION,,VEV_5100,XIREC,183.0,20
235100,,SUBMISSION,VEV_5000,XIREC,270.0,8
235100,SUBMISSION,,VEV_5000,XIREC,277.0,6
235100,,SUBMISSION,VEV_5100,XIREC,179.0,12
235100,SUBMISSION,,VEV_5100,XIREC,184.0,20
235200,,SUBMISSION,VEV_5000,XIREC,270.0,6
235200,,SUBMISSION,VEV_5100,XIREC,179.0,14
235200,SUBMISSION,,VEV_5100,XIREC,184.0,20
235300,,SUBMISSION,VEV_5100,XIREC,180.0,9
235300,,SUBMISSION,VEV_5100,XIREC,179.0,11
235400,,SUBMISSION,VEV_5000,XIREC,271.0,1
235400,,SUBMISSION,VEV_5100,XIREC,180.0,20
235400,SUBMISSION,,VEV_5100,XIREC,185.0,20
235500,,SUBMISSION,VEV_5100,XIREC,181.0,10
235500,,SUBMISSION,VEV_5100,XIREC,180.0,12
235500,SUBMISSION,,VEV_5100,XIREC,185.0,10
235600,,SUBMISSION,VEV_5000,XIREC,273.0,1
235600,,SUBMISSION,VEV_5000,XIREC,273.0,1
235600,,SUBMISSION,VEV_5100,XIREC,181.0,20
235600,SUBMISSION,,VEV_5100,XIREC,186.0,20
235700,SUBMISSION,Mark 38,HYDROGEL_PACK,XIREC,9907.0,6
235700,,SUBMISSION,VEV_5100,XIREC,181.0,6
235700,,SUBMISSION,VEV_5100,XIREC,180.0,15
235700,SUBMISSION,,VEV_5100,XIREC,185.0,6
235800,,SUBMISSION,VEV_5100,XIREC,181.0,4
235800,SUBMISSION,,VEV_5100,XIREC,186.0,20
235900,,SUBMISSION,VEV_5100,XIREC,182.0,21
235900,SUBMISSION,,VEV_5100,XIREC,187.0,20
236000,,SUBMISSION,VEV_5100,XIREC,180.0,18
236300,SUBMISSION,,VEV_5100,XIREC,184.0,20
236400,,SUBMISSION,VEV_5100,XIREC,177.0,13
236500,,SUBMISSION,VEV_5100,XIREC,176.0,4
236700,,SUBMISSION,VEV_5100,XIREC,177.0,1
237100,SUBMISSION,,VEV_5000,XIREC,274.0,9
237100,,SUBMISSION,VEV_5100,XIREC,177.0,1
237100,,SUBMISSION,VEV_5100,XIREC,177.0,1
237100,SUBMISSION,,VEV_5100,XIREC,182.0,20
237200,,SUBMISSION,VEV_5000,XIREC,269.0,2
237200,,SUBMISSION,VEV_5000,XIREC,269.0,2
237200,,SUBMISSION,VEV_5100,XIREC,178.0,11
237300,,SUBMISSION,VEV_5000,XIREC,270.0,1
237300,,SUBMISSION,VEV_5100,XIREC,179.0,9
237300,SUBMISSION,,VEV_5100,XIREC,184.0,20
237400,,SUBMISSION,VEV_5100,XIREC,178.0,16
237400,SUBMISSION,,VEV_5100,XIREC,183.0,20
237400,Mark 55,Mark 01,VELVETFRUIT_EXTRACT,XIREC,5273.0,6
237500,,SUBMISSION,VEV_5100,XIREC,179.0,10
237500,,SUBMISSION,VEV_5100,XIREC,178.0,6
237600,,SUBMISSION,VEV_5100,XIREC,180.0,7
237600,,SUBMISSION,VEV_5100,XIREC,180.0,1
237600,,SUBMISSION,VEV_5100,XIREC,179.0,6
237600,Mark 67,Mark 49,VELVETFRUIT_EXTRACT,XIREC,5271.0,8
237700,Mark 55,Mark 14,VELVETFRUIT_EXTRACT,XIREC,5273.0,8
238900,SUBMISSION,Mark 38,HYDROGEL_PACK,XIREC,9911.0,4
239300,SUBMISSION,Mark 38,HYDROGEL_PACK,XIREC,9910.0,2
239400,SUBMISSION,Mark 38,HYDROGEL_PACK,XIREC,9911.0,4
239400,,SUBMISSION,VEV_5000,XIREC,261.0,3
239400,SUBMISSION,,VEV_5000,XIREC,264.0,2
239400,Mark 01,Mark 22,VEV_5400,XIREC,15.0,2
239400,Mark 01,Mark 22,VEV_5500,XIREC,6.0,2
239400,Mark 01,Mark 22,VEV_6000,XIREC,0.0,2
239400,Mark 01,Mark 22,VEV_6500,XIREC,0.0,2
239500,,SUBMISSION,VEV_5000,XIREC,263.0,4
239500,,SUBMISSION,VEV_5000,XIREC,263.0,3
239500,,SUBMISSION,VEV_5000,XIREC,262.0,1
239600,SUBMISSION,,VEV_5000,XIREC,269.0,12
239600,SUBMISSION,,VEV_5100,XIREC,177.0,20
239700,,SUBMISSION,VEV_5000,XIREC,263.0,10
239700,,SUBMISSION,VEV_5100,XIREC,173.0,12
239700,,SUBMISSION,VEV_5100,XIREC,172.0,5
239800,,SUBMISSION,VEV_5100,XIREC,173.0,1
239800,Mark 38,Mark 14,HYDROGEL_PACK,XIREC,9925.0,5
240100,,SUBMISSION,VEV_5000,XIREC,265.0,1
240700,SUBMISSION,,VEV_5000,XIREC,275.0,12
240700,SUBMISSION,,VEV_5100,XIREC,182.0,20
240800,,SUBMISSION,VEV_5000,XIREC,270.0,2
240800,,SUBMISSION,VEV_5000,XIREC,270.0,2
240800,,SUBMISSION,VEV_5100,XIREC,179.0,11
240800,,SUBMISSION,VEV_5100,XIREC,178.0,1
240900,,SUBMISSION,VEV_5100,XIREC,178.0,3
240900,SUBMISSION,,VEV_5100,XIREC,183.0,19
241000,,SUBMISSION,VEV_5100,XIREC,178.0,16
241000,SUBMISSION,,VEV_5100,XIREC,183.0,12
241100,,SUBMISSION,VEV_5100,XIREC,178.0,14
241200,,SUBMISSION,VEV_5100,XIREC,179.0,1
241200,SUBMISSION,,VEV_5100,XIREC,184.0,20
241300,,SUBMISSION,VEV_5100,XIREC,180.0,8
241300,,SUBMISSION,VEV_5100,XIREC,179.0,9
241400,,SUBMISSION,VEV_5100,XIREC,181.0,4
241400,,SUBMISSION,VEV_5100,XIREC,181.0,3
241400,,SUBMISSION,VEV_5100,XIREC,180.0,1
241500,,SUBMISSION,VEV_5000,XIREC,273.0,1
241500,,SUBMISSION,VEV_5000,XIREC,273.0,1
241600,,SUBMISSION,VEV_5000,XIREC,275.0,3
241600,,SUBMISSION,VEV_5000,XIREC,275.0,3
241600,SUBMISSION,,VEV_5100,XIREC,188.0,12
241700,,SUBMISSION,VEV_5100,XIREC,183.0,10
241700,SUBMISSION,,VEV_5100,XIREC,188.0,7
241800,,SUBMISSION,VEV_5100,XIREC,183.0,6
241800,,SUBMISSION,VEV_5100,XIREC,183.0,1
241800,,SUBMISSION,VEV_5100,XIREC,182.0,5
241900,SUBMISSION,,VEV_5100,XIREC,187.0,12
242000,,SUBMISSION,VEV_5100,XIREC,182.0,5
242000,,SUBMISSION,VEV_5100,XIREC,182.0,2
242000,,SUBMISSION,VEV_5100,XIREC,181.0,3
242100,Mark 55,Mark 14,VELVETFRUIT_EXTRACT,XIREC,5276.0,8
242200,SUBMISSION,,VEV_5100,XIREC,186.0,20
242300,,SUBMISSION,VEV_5100,XIREC,181.0,15
242300,SUBMISSION,,VEV_5100,XIREC,186.0,20
242400,,SUBMISSION,VEV_5100,XIREC,181.0,19
242400,SUBMISSION,,VEV_5100,XIREC,186.0,20
242500,,SUBMISSION,VEV_5100,XIREC,181.0,19
242500,SUBMISSION,,VEV_5100,XIREC,186.0,20
242600,SUBMISSION,,VEV_5000,XIREC,280.0,23
242600,,SUBMISSION,VEV_5100,XIREC,182.0,6
242600,,SUBMISSION,VEV_5100,XIREC,181.0,16
242600,SUBMISSION,,VEV_5100,XIREC,186.0,6
242700,,SUBMISSION,VEV_5000,XIREC,273.0,12
242700,,SUBMISSION,VEV_5000,XIREC,272.0,8
242700,SUBMISSION,,VEV_5000,XIREC,279.0,12
242700,SUBMISSION,,VEV_5100,XIREC,186.0,12
242800,,SUBMISSION,VEV_5000,XIREC,273.0,8
242800,,SUBMISSION,VEV_5100,XIREC,182.0,10
242800,,SUBMISSION,VEV_5100,XIREC,181.0,2
242900,,SUBMISSION,VEV_5100,XIREC,181.0,6
242900,,SUBMISSION,VEV_5100,XIREC,181.0,5
242900,,SUBMISSION,VEV_5100,XIREC,180.0,1
243500,Mark 55,Mark 14,VELVETFRUIT_EXTRACT,XIREC,5274.0,4
243800,SUBMISSION,Mark 38,HYDROGEL_PACK,XIREC,9920.0,4
244000,,SUBMISSION,VEV_5000,XIREC,274.0,1
244000,SUBMISSION,,VEV_5100,XIREC,187.0,7
244100,,SUBMISSION,VEV_5100,XIREC,183.0,2
244600,SUBMISSION,,VEV_5000,XIREC,279.0,23
244600,SUBMISSION,,VEV_5100,XIREC,185.0,11
244700,,SUBMISSION,VEV_5000,XIREC,272.0,12
244700,,SUBMISSION,VEV_5000,XIREC,271.0,4
244800,,SUBMISSION,VEV_5000,XIREC,272.0,3
244800,,SUBMISSION,VEV_5000,XIREC,272.0,3
244800,,SUBMISSION,VEV_5100,XIREC,181.0,8
244800,,SUBMISSION,VEV_5100,XIREC,180.0,2
244900,Mark 55,Mark 14,VELVETFRUIT_EXTRACT,XIREC,5276.0,4
246400,,SUBMISSION,VEV_5000,XIREC,277.0,3
246400,,SUBMISSION,VEV_5000,XIREC,277.0,3
246400,,SUBMISSION,VEV_5100,XIREC,185.0,2
246400,SUBMISSION,,VEV_5100,XIREC,190.0,11
246500,,SUBMISSION,VEV_5100,XIREC,185.0,10
246500,,SUBMISSION,VEV_5100,XIREC,185.0,2
246500,,SUBMISSION,VEV_5100,XIREC,184.0,8
246700,SUBMISSION,,VEV_5100,XIREC,190.0,20
246800,,SUBMISSION,VEV_5100,XIREC,185.0,10
246800,SUBMISSION,,VEV_5100,XIREC,190.0,20
246900,SUBMISSION,,VEV_5000,XIREC,284.0,8
246900,,SUBMISSION,VEV_5100,XIREC,186.0,8
246900,,SUBMISSION,VEV_5100,XIREC,185.0,16
246900,SUBMISSION,,VEV_5100,XIREC,191.0,20
247000,,SUBMISSION,VEV_5000,XIREC,277.0,3
247000,,SUBMISSION,VEV_5000,XIREC,277.0,3
247000,,SUBMISSION,VEV_5100,XIREC,185.0,15
247100,,SUBMISSION,VEV_5100,XIREC,185.0,1
247100,,SUBMISSION,VEV_5100,XIREC,185.0,1
247300,,SUBMISSION,VEV_4000,XIREC,1276.0,4
247300,,SUBMISSION,VEV_4500,XIREC,776.0,4
247400,SUBMISSION,,VEV_5100,XIREC,189.0,12
247500,,SUBMISSION,VEV_5100,XIREC,185.0,11
247500,SUBMISSION,,VEV_5100,XIREC,190.0,8
247600,,SUBMISSION,VEV_5100,XIREC,184.0,7
247600,,SUBMISSION,VEV_5100,XIREC,184.0,1
247600,,SUBMISSION,VEV_5100,XIREC,183.0,6
247900,SUBMISSION,,VEV_5100,XIREC,190.0,9
248000,SUBMISSION,,VEV_5000,XIREC,284.0,6
248000,,SUBMISSION,VEV_5100,XIREC,185.0,4
248000,SUBMISSION,,VEV_5100,XIREC,190.0,6
248100,,SUBMISSION,VEV_5000,XIREC,276.0,2
248100,,SUBMISSION,VEV_5000,XIREC,276.0,2
248100,,SUBMISSION,VEV_5100,XIREC,184.0,4
248600,,SUBMISSION,VEV_4000,XIREC,1272.0,5
248600,,SUBMISSION,VEV_4500,XIREC,772.0,5
249400,SUBMISSION,,VEV_5000,XIREC,281.0,10
249400,SUBMISSION,,VEV_5100,XIREC,188.0,20
249400,Mark 38,Mark 14,VEV_4000,XIREC,1286.0,3
249500,,SUBMISSION,VEV_5000,XIREC,277.0,8
249500,,SUBMISSION,VEV_5000,XIREC,277.0,4
249500,,SUBMISSION,VEV_5000,XIREC,276.0,4
249500,,SUBMISSION,VEV_5100,XIREC,185.0,3
249600,,SUBMISSION,VEV_5100,XIREC,184.0,16
249800,SUBMISSION,Mark 38,VEV_4000,XIREC,1268.0,2
249800,,SUBMISSION,VEV_5100,XIREC,185.0,2
249800,SUBMISSION,,VEV_5100,XIREC,190.0,10
249900,,SUBMISSION,VEV_5100,XIREC,186.0,6
249900,,SUBMISSION,VEV_5100,XIREC,185.0,10
250000,SUBMISSION,,VEV_5100,XIREC,189.0,12
250100,,SUBMISSION,VEV_5100,XIREC,186.0,5
250100,,SUBMISSION,VEV_5100,XIREC,186.0,3
250100,,SUBMISSION,VEV_5100,XIREC,185.0,2
250700,,SUBMISSION,VEV_4000,XIREC,1275.0,5
250700,,SUBMISSION,VEV_4500,XIREC,775.0,5
251300,SUBMISSION,,VEV_5000,XIREC,279.0,12
252700,,SUBMISSION,VEV_5000,XIREC,268.0,9
252700,,SUBMISSION,VEV_5000,XIREC,268.0,1
252700,,SUBMISSION,VEV_5000,XIREC,267.0,8
253000,SUBMISSION,,VEV_5000,XIREC,270.0,3
253000,Mark 01,Mark 22,VEV_5400,XIREC,16.0,3
253000,Mark 01,Mark 22,VEV_5500,XIREC,6.0,3
253000,Mark 01,Mark 22,VEV_6000,XIREC,0.0,3
253000,Mark 01,Mark 22,VEV_6500,XIREC,0.0,3
253900,,SUBMISSION,VEV_4000,XIREC,1265.0,3
253900,,SUBMISSION,VEV_4500,XIREC,765.0,3
254300,Mark 38,Mark 14,HYDROGEL_PACK,XIREC,9951.0,2
256200,SUBMISSION,Mark 38,HYDROGEL_PACK,XIREC,9928.0,4
256200,Mark 14,Mark 38,HYDROGEL_PACK,XIREC,9927.0,1
258000,Mark 67,Mark 49,VELVETFRUIT_EXTRACT,XIREC,5271.0,15
258900,Mark 38,Mark 14,HYDROGEL_PACK,XIREC,9928.0,2
259500,Mark 01,Mark 55,VELVETFRUIT_EXTRACT,XIREC,5273.0,4
260400,SUBMISSION,,VEV_5100,XIREC,189.0,6
260500,,SUBMISSION,VEV_5100,XIREC,185.0,1
260500,SUBMISSION,,VEV_5100,XIREC,190.0,20
260600,,SUBMISSION,VEV_5100,XIREC,185.0,18
260700,,SUBMISSION,VEV_5100,XIREC,185.0,2
261100,SUBMISSION,,VEV_5100,XIREC,190.0,10
261200,,SUBMISSION,VEV_5100,XIREC,187.0,8
261200,,SUBMISSION,VEV_5100,XIREC,186.0,10
261600,SUBMISSION,,VEV_5100,XIREC,192.0,9
261700,,SUBMISSION,VEV_5100,XIREC,187.0,2
261700,SUBMISSION,,VEV_5100,XIREC,192.0,20
261800,,SUBMISSION,VEV_5100,XIREC,187.0,9
261800,,SUBMISSION,VEV_5100,XIREC,186.0,10
262000,,SUBMISSION,VEV_5100,XIREC,189.0,1
262100,,SUBMISSION,VEV_5100,XIREC,189.0,1
262100,SUBMISSION,,VEV_5100,XIREC,194.0,20
262200,,SUBMISSION,VEV_5100,XIREC,189.0,9
262200,,SUBMISSION,VEV_5100,XIREC,188.0,13
262300,SUBMISSION,,VEV_5100,XIREC,195.0,20
262400,,SUBMISSION,VEV_5100,XIREC,189.0,12
262400,,SUBMISSION,VEV_5100,XIREC,188.0,10
262400,SUBMISSION,,VEV_5100,XIREC,194.0,20
262500,,SUBMISSION,VEV_5100,XIREC,188.0,6
262500,,SUBMISSION,VEV_5100,XIREC,187.0,14
262800,SUBMISSION,,VEV_5100,XIREC,191.0,12
262900,,SUBMISSION,VEV_5100,XIREC,186.0,6
262900,SUBMISSION,,VEV_5100,XIREC,191.0,20
263000,,SUBMISSION,VEV_5100,XIREC,187.0,8
263000,,SUBMISSION,VEV_5100,XIREC,186.0,10
263100,,SUBMISSION,VEV_5100,XIREC,186.0,2
263100,SUBMISSION,,VEV_5100,XIREC,191.0,6
263200,,SUBMISSION,VEV_5100,XIREC,187.0,6
263200,,SUBMISSION,VEV_5100,XIREC,187.0,2
263200,,SUBMISSION,VEV_5100,XIREC,186.0,4
263300,SUBMISSION,,VEV_5100,XIREC,193.0,20
263400,,SUBMISSION,VEV_5100,XIREC,188.0,15
263400,SUBMISSION,,VEV_5100,XIREC,193.0,20
263500,SUBMISSION,,VEV_5000,XIREC,287.0,24
263500,,SUBMISSION,VEV_5100,XIREC,188.0,6
263500,,SUBMISSION,VEV_5100,XIREC,187.0,15
263500,SUBMISSION,,VEV_5100,XIREC,193.0,20
263600,,SUBMISSION,VEV_5000,XIREC,280.0,7
263600,,SUBMISSION,VEV_5000,XIREC,279.0,12
263700,,SUBMISSION,VEV_5100,XIREC,188.0,18
263700,SUBMISSION,,VEV_5100,XIREC,193.0,20
263800,,SUBMISSION,VEV_5100,XIREC,189.0,21
263800,SUBMISSION,,VEV_5100,XIREC,194.0,12
263900,,SUBMISSION,VEV_5100,XIREC,190.0,7
263900,,SUBMISSION,VEV_5100,XIREC,189.0,12
263900,SUBMISSION,,VEV_5100,XIREC,195.0,20
263900,Mark 14,Mark 55,VELVETFRUIT_EXTRACT,XIREC,5281.0,4
264000,,SUBMISSION,VEV_5100,XIREC,190.0,6
264000,,SUBMISSION,VEV_5100,XIREC,189.0,13
264000,SUBMISSION,,VEV_5100,XIREC,194.0,6
264100,,SUBMISSION,VEV_5100,XIREC,191.0,1
264100,,SUBMISSION,VEV_5100,XIREC,191.0,1
264100,SUBMISSION,,VEV_5100,XIREC,195.0,9
264200,,SUBMISSION,VEV_5100,XIREC,192.0,9
264200,SUBMISSION,,VEV_5100,XIREC,197.0,8
264200,Mark 38,Mark 14,HYDROGEL_PACK,XIREC,9927.0,6
264300,SUBMISSION,,VEV_5000,XIREC,291.0,7
264300,,SUBMISSION,VEV_5100,XIREC,192.0,8
264300,SUBMISSION,,VEV_5100,XIREC,197.0,20
264400,,SUBMISSION,VEV_5000,XIREC,285.0,5
264400,,SUBMISSION,VEV_5000,XIREC,285.0,5
264400,,SUBMISSION,VEV_5100,XIREC,192.0,15
264400,SUBMISSION,,VEV_5100,XIREC,197.0,10
264500,,SUBMISSION,VEV_5100,XIREC,192.0,10
264500,,SUBMISSION,VEV_5100,XIREC,191.0,14
264500,SUBMISSION,,VEV_5100,XIREC,196.0,10
264700,SUBMISSION,Mark 38,HYDROGEL_PACK,XIREC,9908.0,2
264900,SUBMISSION,,VEV_5100,XIREC,197.0,10
265000,,SUBMISSION,VEV_5100,XIREC,193.0,6
265000,,SUBMISSION,VEV_5100,XIREC,192.0,10
265100,SUBMISSION,,VEV_5100,XIREC,198.0,8
265100,Mark 01,Mark 55,VELVETFRUIT_EXTRACT,XIREC,5285.0,6
265200,SUBMISSION,Mark 38,HYDROGEL_PACK,XIREC,9910.0,2
265200,,SUBMISSION,VEV_5100,XIREC,193.0,3
265200,SUBMISSION,,VEV_5100,XIREC,198.0,11
265200,Mark 14,Mark 38,HYDROGEL_PACK,XIREC,9909.0,3
265300,,SUBMISSION,VEV_5100,XIREC,193.0,11
265300,SUBMISSION,,VEV_5100,XIREC,198.0,7
265400,,SUBMISSION,VEV_5100,XIREC,193.0,7
265400,SUBMISSION,,VEV_5100,XIREC,198.0,12
265500,,SUBMISSION,VEV_4000,XIREC,1287.0,3
265500,,SUBMISSION,VEV_4500,XIREC,787.0,3
265500,,SUBMISSION,VEV_5100,XIREC,195.0,3
265500,,SUBMISSION,VEV_5100,XIREC,194.0,8
265500,,SUBMISSION,VEV_5100,XIREC,193.0,7
265500,Mark 14,Mark 55,VELVETFRUIT_EXTRACT,XIREC,5285.0,6
265600,SUBMISSION,,VEV_5000,XIREC,292.0,9
265600,SUBMISSION,,VEV_5100,XIREC,198.0,20
265700,,SUBMISSION,VEV_4000,XIREC,1286.0,4
265700,,SUBMISSION,VEV_4500,XIREC,786.0,4
265700,,SUBMISSION,VEV_5000,XIREC,288.0,4
265700,,SUBMISSION,VEV_5000,XIREC,286.0,4
265700,,SUBMISSION,VEV_5000,XIREC,286.0,4
265700,,SUBMISSION,VEV_5100,XIREC,195.0,4
265700,,SUBMISSION,VEV_5100,XIREC,193.0,1
265800,,SUBMISSION,VEV_5100,XIREC,193.0,9
265800,SUBMISSION,,VEV_5100,XIREC,198.0,7
265900,SUBMISSION,,VEV_5000,XIREC,294.0,25
265900,,SUBMISSION,VEV_5100,XIREC,194.0,8
265900,SUBMISSION,,VEV_5100,XIREC,199.0,20
266000,,SUBMISSION,VEV_5000,XIREC,287.0,7
266000,,SUBMISSION,VEV_5000,XIREC,286.0,17
266000,,SUBMISSION,VEV_5100,XIREC,194.0,2
266000,SUBMISSION,,VEV_5100,XIREC,199.0,7
266100,,SUBMISSION,VEV_5100,XIREC,194.0,6
266100,,SUBMISSION,VEV_5100,XIREC,193.0,19
266100,SUBMISSION,,VEV_5100,XIREC,199.0,20
266200,,SUBMISSION,VEV_5100,XIREC,194.0,19
266200,SUBMISSION,,VEV_5100,XIREC,199.0,10
266300,,SUBMISSION,VEV_5100,XIREC,195.0,7
266300,,SUBMISSION,VEV_5100,XIREC,194.0,10
266300,SUBMISSION,,VEV_5100,XIREC,200.0,20
266400,SUBMISSION,,VEV_5000,XIREC,295.0,9
266400,,SUBMISSION,VEV_5100,XIREC,196.0,9
266400,,SUBMISSION,VEV_5100,XIREC,195.0,13
266400,SUBMISSION,,VEV_5100,XIREC,201.0,20
266500,,SUBMISSION,VEV_5000,XIREC,287.0,2
266500,SUBMISSION,,VEV_5000,XIREC,294.0,6
266500,,SUBMISSION,VEV_5100,XIREC,195.0,6
266500,,SUBMISSION,VEV_5100,XIREC,194.0,11
266500,SUBMISSION,,VEV_5100,XIREC,200.0,18
266600,,SUBMISSION,VEV_5000,XIREC,286.0,5
266600,,SUBMISSION,VEV_5100,XIREC,194.0,10
266600,,SUBMISSION,VEV_5100,XIREC,193.0,9
266700,,SUBMISSION,VEV_4000,XIREC,1286.0,2
266700,,SUBMISSION,VEV_4500,XIREC,786.0,2
266800,SUBMISSION,Mark 38,VEV_4000,XIREC,1276.0,1
267000,Mark 55,Mark 14,VELVETFRUIT_EXTRACT,XIREC,5289.0,6
267100,SUBMISSION,,VEV_5100,XIREC,196.0,7
267400,SUBMISSION,,VEV_5100,XIREC,196.0,7
267400,Mark 14,Mark 55,VELVETFRUIT_EXTRACT,XIREC,5283.0,4
267500,,SUBMISSION,VEV_5100,XIREC,190.0,4
267600,,SUBMISSION,VEV_5100,XIREC,192.0,1
267600,,SUBMISSION,VEV_5100,XIREC,192.0,1
267900,Mark 38,Mark 22,HYDROGEL_PACK,XIREC,9926.0,6
268200,Mark 14,Mark 55,VELVETFRUIT_EXTRACT,XIREC,5280.0,7
268600,Mark 01,Mark 55,VELVETFRUIT_EXTRACT,XIREC,5281.0,5
268900,SUBMISSION,,VEV_5000,XIREC,282.0,4
268900,SUBMISSION,,VEV_5100,XIREC,189.0,4
268900,Mark 01,Mark 22,VEV_5400,XIREC,19.0,4
268900,Mark 01,Mark 22,VEV_5500,XIREC,8.0,4
268900,Mark 01,Mark 22,VEV_6000,XIREC,0.0,4
268900,Mark 01,Mark 22,VEV_6500,XIREC,0.0,4
269700,Mark 38,Mark 14,VEV_4000,XIREC,1288.0,1
270500,Mark 38,Mark 14,VEV_4000,XIREC,1291.0,1
270700,,SUBMISSION,VEV_5000,XIREC,278.0,8
270700,,SUBMISSION,VEV_5000,XIREC,277.0,10
270700,,SUBMISSION,VEV_5100,XIREC,186.0,8
270700,,SUBMISSION,VEV_5100,XIREC,185.0,6
271100,Mark 14,Mark 55,VELVETFRUIT_EXTRACT,XIREC,5276.0,3
272000,SUBMISSION,,VEV_5000,XIREC,281.0,3
272000,Mark 01,Mark 22,VEV_5500,XIREC,8.0,3
272000,Mark 01,Mark 22,VEV_6000,XIREC,0.0,3
272000,Mark 01,Mark 22,VEV_6500,XIREC,0.0,3
272700,Mark 01,Mark 55,VELVETFRUIT_EXTRACT,XIREC,5277.0,3
272900,Mark 38,Mark 14,HYDROGEL_PACK,XIREC,9924.0,5
272900,Mark 38,Mark 14,VEV_4000,XIREC,1290.0,3
273400,Mark 38,Mark 14,HYDROGEL_PACK,XIREC,9922.0,3
273500,Mark 38,Mark 14,HYDROGEL_PACK,XIREC,9921.0,6
274100,SUBMISSION,,VEV_5000,XIREC,285.0,11
274100,Mark 22,Mark 55,VELVETFRUIT_EXTRACT,XIREC,5279.0,6
274300,,SUBMISSION,VEV_5000,XIREC,277.0,1
274300,,SUBMISSION,VEV_5000,XIREC,277.0,1
274300,Mark 55,Mark 14,VELVETFRUIT_EXTRACT,XIREC,5280.0,8
274400,SUBMISSION,Mark 38,HYDROGEL_PACK,XIREC,9908.0,2
274400,Mark 14,Mark 38,HYDROGEL_PACK,XIREC,9907.0,1
274500,,SUBMISSION,VEV_5000,XIREC,276.0,2
274500,,SUBMISSION,VEV_5000,XIREC,276.0,2
274600,Mark 14,Mark 55,VELVETFRUIT_EXTRACT,XIREC,5274.0,3
275200,SUBMISSION,,VEV_5000,XIREC,278.0,5
275200,Mark 01,Mark 22,VEV_5400,XIREC,18.0,5
275200,Mark 01,Mark 22,VEV_5500,XIREC,7.0,5
275200,Mark 01,Mark 22,VEV_6000,XIREC,0.0,5
275200,Mark 01,Mark 22,VEV_6500,XIREC,0.0,5
275300,,SUBMISSION,VEV_5000,XIREC,274.0,3
275800,Mark 38,Mark 14,HYDROGEL_PACK,XIREC,9912.0,6
277000,Mark 38,Mark 14,HYDROGEL_PACK,XIREC,9911.0,6
277300,Mark 38,Mark 14,HYDROGEL_PACK,XIREC,9910.0,3
277900,SUBMISSION,Mark 38,VEV_4000,XIREC,1260.0,3
278700,Mark 55,Mark 01,VELVETFRUIT_EXTRACT,XIREC,5274.0,6
278800,SUBMISSION,Mark 38,HYDROGEL_PACK,XIREC,9891.0,1
278800,Mark 14,Mark 38,HYDROGEL_PACK,XIREC,9890.0,1
278800,Mark 55,Mark 14,VELVETFRUIT_EXTRACT,XIREC,5276.0,4
279300,,SUBMISSION,VEV_4000,XIREC,1272.0,5
279300,,SUBMISSION,VEV_4500,XIREC,772.0,1
279900,SUBMISSION,Mark 38,HYDROGEL_PACK,XIREC,9891.0,1
279900,Mark 14,Mark 38,HYDROGEL_PACK,XIREC,9890.0,5
280700,Mark 14,Mark 55,VELVETFRUIT_EXTRACT,XIREC,5268.0,6
281100,Mark 38,Mark 14,VEV_4000,XIREC,1278.0,1
282200,Mark 14,Mark 38,HYDROGEL_PACK,XIREC,9891.0,4
282600,SUBMISSION,,VEV_5000,XIREC,275.0,9
282600,Mark 49,Mark 22,VELVETFRUIT_EXTRACT,XIREC,5269.0,10
282600,Mark 55,Mark 01,VELVETFRUIT_EXTRACT,XIREC,5272.0,6
283300,Mark 14,Mark 55,VELVETFRUIT_EXTRACT,XIREC,5270.0,5
283700,Mark 38,Mark 14,HYDROGEL_PACK,XIREC,9922.0,5
284300,Mark 38,Mark 14,HYDROGEL_PACK,XIREC,9923.0,6
285600,Mark 55,Mark 01,VELVETFRUIT_EXTRACT,XIREC,5278.0,4
285800,Mark 67,Mark 22,VELVETFRUIT_EXTRACT,XIREC,5276.0,6
286100,SUBMISSION,,VEV_5000,XIREC,284.0,19
286100,SUBMISSION,,VEV_5100,XIREC,190.0,19
286100,Mark 22,Mark 55,VELVETFRUIT_EXTRACT,XIREC,5278.0,5
286200,,SUBMISSION,VEV_5000,XIREC,277.0,10
286200,,SUBMISSION,VEV_5000,XIREC,276.0,5
286300,,SUBMISSION,VEV_5000,XIREC,276.0,1
286300,,SUBMISSION,VEV_5000,XIREC,276.0,1
286300,,SUBMISSION,VEV_5100,XIREC,184.0,4
286500,SUBMISSION,,VEV_5000,XIREC,282.0,22
286500,,SUBMISSION,VEV_5100,XIREC,183.0,1
286500,SUBMISSION,,VEV_5100,XIREC,188.0,6
286600,,SUBMISSION,VEV_5000,XIREC,274.0,12
286700,,SUBMISSION,VEV_5000,XIREC,276.0,10
286700,,SUBMISSION,VEV_5000,XIREC,276.0,1
286700,,SUBMISSION,VEV_5000,XIREC,275.0,3
286800,,SUBMISSION,VEV_5100,XIREC,185.0,6
286800,,SUBMISSION,VEV_5100,XIREC,185.0,2
286800,,SUBMISSION,VEV_5100,XIREC,184.0,4
286900,SUBMISSION,Mark 38,VEV_4000,XIREC,1267.0,3
287100,SUBMISSION,,VEV_5000,XIREC,279.0,2
287100,SUBMISSION,,VEV_5100,XIREC,186.0,2
287100,Mark 01,Mark 22,VEV_5400,XIREC,18.0,2
287100,Mark 01,Mark 22,VEV_5500,XIREC,7.0,2
287100,Mark 01,Mark 22,VEV_6000,XIREC,0.0,2
287100,Mark 01,Mark 22,VEV_6500,XIREC,0.0,2
287600,SUBMISSION,,VEV_5000,XIREC,279.0,2
287600,SUBMISSION,,VEV_5100,XIREC,186.0,2
287600,Mark 01,Mark 22,VEV_5400,XIREC,18.0,2
287600,Mark 01,Mark 22,VEV_5500,XIREC,7.0,2
287600,Mark 01,Mark 22,VEV_6000,XIREC,0.0,2
287600,Mark 01,Mark 22,VEV_6500,XIREC,0.0,2
288000,Mark 38,Mark 14,HYDROGEL_PACK,XIREC,9936.0,5
288000,Mark 01,Mark 55,VELVETFRUIT_EXTRACT,XIREC,5274.0,8
289100,SUBMISSION,,VEV_5000,XIREC,278.0,12
289200,,SUBMISSION,VEV_5000,XIREC,272.0,9
289200,SUBMISSION,,VEV_5000,XIREC,279.0,24
289300,,SUBMISSION,VEV_5000,XIREC,272.0,8
289300,SUBMISSION,,VEV_5000,XIREC,275.0,2
289300,Mark 14,Mark 22,VEV_5300,XIREC,52.0,2
289300,Mark 01,Mark 22,VEV_5400,XIREC,17.0,2
289300,Mark 01,Mark 22,VEV_5500,XIREC,7.0,2
289300,Mark 01,Mark 22,VEV_6000,XIREC,0.0,2
289300,Mark 01,Mark 22,VEV_6500,XIREC,0.0,2
289400,,SUBMISSION,VEV_5000,XIREC,273.0,9
289500,,SUBMISSION,VEV_5000,XIREC,274.0,9
289600,,SUBMISSION,VEV_5000,XIREC,275.0,1
289600,,SUBMISSION,VEV_5000,XIREC,275.0,1
290700,,SUBMISSION,VEV_5000,XIREC,270.0,9
290700,,SUBMISSION,VEV_5000,XIREC,269.0,10
290700,,SUBMISSION,VEV_5100,XIREC,179.0,3
290700,,SUBMISSION,VEV_5100,XIREC,179.0,3
291000,Mark 14,Mark 38,HYDROGEL_PACK,XIREC,9905.0,3
291800,Mark 14,Mark 55,VELVETFRUIT_EXTRACT,XIREC,5267.0,4
292800,Mark 38,Mark 14,HYDROGEL_PACK,XIREC,9921.0,6
293100,Mark 55,Mark 14,VELVETFRUIT_EXTRACT,XIREC,5274.0,5
293200,,SUBMISSION,VEV_4000,XIREC,1270.0,2
293200,,SUBMISSION,VEV_4500,XIREC,770.0,2
293400,Mark 55,Mark 14,VELVETFRUIT_EXTRACT,XIREC,5273.0,5
293600,SUBMISSION,Mark 38,VEV_4000,XIREC,1261.0,2
293700,Mark 01,Mark 55,VELVETFRUIT_EXTRACT,XIREC,5267.0,8
294600,SUBMISSION,,VEV_5000,XIREC,270.0,2
294600,Mark 01,Mark 22,VEV_5400,XIREC,16.0,2
294600,Mark 14,Mark 22,VEV_5500,XIREC,7.0,2
294600,Mark 01,Mark 22,VEV_6000,XIREC,0.0,2
294600,Mark 01,Mark 22,VEV_6500,XIREC,0.0,2
296800,Mark 01,Mark 55,VELVETFRUIT_EXTRACT,XIREC,5268.0,8
298300,SUBMISSION,,VEV_5000,XIREC,278.0,10
298500,SUBMISSION,,VEV_5000,XIREC,279.0,10
298800,,SUBMISSION,VEV_5000,XIREC,273.0,1
298800,,SUBMISSION,VEV_5000,XIREC,273.0,1
299100,Mark 38,Mark 14,HYDROGEL_PACK,XIREC,9963.0,3
300100,,SUBMISSION,VEV_5000,XIREC,269.0,5
300200,,SUBMISSION,VEV_5000,XIREC,269.0,5
300400,,SUBMISSION,VEV_5000,XIREC,270.0,1
300400,,SUBMISSION,VEV_5000,XIREC,270.0,1
300800,SUBMISSION,,VEV_5000,XIREC,275.0,7
300800,Mark 14,Mark 38,HYDROGEL_PACK,XIREC,9946.0,4
300900,,SUBMISSION,VEV_5000,XIREC,269.0,6
300900,,SUBMISSION,VEV_5000,XIREC,269.0,5
300900,,SUBMISSION,VEV_5000,XIREC,268.0,1
301000,Mark 01,Mark 55,VELVETFRUIT_EXTRACT,XIREC,5267.0,8
301700,SUBMISSION,Mark 38,VEV_4000,XIREC,1257.0,2
303000,SUBMISSION,,VEV_5000,XIREC,271.0,8
303100,SUBMISSION,Mark 38,VEV_4000,XIREC,1257.0,1
303200,,SUBMISSION,VEV_5000,XIREC,268.0,1
303200,,SUBMISSION,VEV_5000,XIREC,268.0,1
303400,SUBMISSION,,VEV_5000,XIREC,273.0,7
303800,Mark 14,Mark 38,HYDROGEL_PACK,XIREC,9935.0,2
304200,,SUBMISSION,VEV_4000,XIREC,1271.0,5
304200,,SUBMISSION,VEV_4500,XIREC,771.0,4
304600,SUBMISSION,,VEV_5000,XIREC,274.0,6
304900,,SUBMISSION,VEV_5000,XIREC,265.0,5
304900,,SUBMISSION,VEV_5000,XIREC,265.0,4
304900,,SUBMISSION,VEV_5000,XIREC,264.0,1
305400,,SUBMISSION,VEV_5000,XIREC,266.0,1
305400,,SUBMISSION,VEV_5000,XIREC,266.0,1
305600,Mark 01,Mark 55,VELVETFRUIT_EXTRACT,XIREC,5267.0,3
305700,Mark 38,Mark 14,HYDROGEL_PACK,XIREC,9951.0,6
306000,Mark 55,Mark 14,VELVETFRUIT_EXTRACT,XIREC,5274.0,5
306100,Mark 38,Mark 14,HYDROGEL_PACK,XIREC,9952.0,5
307600,Mark 38,Mark 14,VEV_4000,XIREC,1281.0,2
307900,Mark 01,Mark 55,VELVETFRUIT_EXTRACT,XIREC,5268.0,8
308400,Mark 01,Mark 55,VELVETFRUIT_EXTRACT,XIREC,5270.0,3
309200,SUBMISSION,,VEV_5000,XIREC,279.0,6
309200,SUBMISSION,,VEV_5100,XIREC,186.0,20
309300,,SUBMISSION,VEV_5100,XIREC,181.0,10
309700,,SUBMISSION,VEV_5100,XIREC,181.0,1
310100,Mark 38,Mark 14,HYDROGEL_PACK,XIREC,9942.0,4
310200,SUBMISSION,,VEV_5000,XIREC,280.0,25
310200,SUBMISSION,,VEV_5100,XIREC,186.0,7
310300,,SUBMISSION,VEV_5000,XIREC,273.0,11
310300,SUBMISSION,,VEV_5000,XIREC,279.0,11
310400,,SUBMISSION,VEV_5000,XIREC,271.0,8
310500,,SUBMISSION,VEV_5000,XIREC,269.0,6
310600,,SUBMISSION,VEV_5000,XIREC,270.0,4
310600,,SUBMISSION,VEV_5000,XIREC,270.0,3
310700,,SUBMISSION,VEV_5100,XIREC,178.0,5
311200,Mark 14,Mark 55,VELVETFRUIT_EXTRACT,XIREC,5265.0,8
311700,SUBMISSION,,VEV_5000,XIREC,276.0,8
311700,,SUBMISSION,VEV_5100,XIREC,178.0,1
311700,,SUBMISSION,VEV_5100,XIREC,178.0,1
311700,Mark 55,Mark 01,VELVETFRUIT_EXTRACT,XIREC,5273.0,6
311800,,SUBMISSION,VEV_5000,XIREC,268.0,3
311800,,SUBMISSION,VEV_5000,XIREC,268.0,1
311800,Mark 38,Mark 14,HYDROGEL_PACK,XIREC,9945.0,2
312000,,SUBMISSION,VEV_5000,XIREC,266.0,12
312000,,SUBMISSION,VEV_5100,XIREC,175.0,5
312100,,SUBMISSION,VEV_5000,XIREC,268.0,1
312100,,SUBMISSION,VEV_5000,XIREC,268.0,1
312200,,SUBMISSION,VEV_5100,XIREC,177.0,1
312200,,SUBMISSION,VEV_5100,XIREC,177.0,1
312400,,SUBMISSION,VEV_5000,XIREC,270.0,2
313400,SUBMISSION,,VEV_5000,XIREC,275.0,8
313800,,SUBMISSION,VEV_5000,XIREC,267.0,6
314200,,SUBMISSION,VEV_5000,XIREC,269.0,1
314200,,SUBMISSION,VEV_5000,XIREC,269.0,1
314800,Mark 38,Mark 14,HYDROGEL_PACK,XIREC,9953.0,3
315400,Mark 38,Mark 14,HYDROGEL_PACK,XIREC,9956.0,4
316700,SUBMISSION,,VEV_5000,XIREC,278.0,3
316700,SUBMISSION,,VEV_5100,XIREC,185.0,3
316700,Mark 01,Mark 22,VEV_5400,XIREC,17.0,3
316700,Mark 01,Mark 22,VEV_5500,XIREC,7.0,3
316700,Mark 01,Mark 22,VEV_6000,XIREC,0.0,3
316700,Mark 01,Mark 22,VEV_6500,XIREC,0.0,3
316800,Mark 67,Mark 22,VELVETFRUIT_EXTRACT,XIREC,5275.0,7
316900,Mark 38,Mark 14,HYDROGEL_PACK,XIREC,9954.0,2
317500,SUBMISSION,,VEV_5000,XIREC,277.0,3
317500,SUBMISSION,,VEV_5100,XIREC,184.0,3
317500,Mark 01,Mark 22,VEV_5400,XIREC,17.0,3
317500,Mark 01,Mark 22,VEV_5500,XIREC,7.0,3
317500,Mark 01,Mark 22,VEV_6000,XIREC,0.0,3
317500,Mark 01,Mark 22,VEV_6500,XIREC,0.0,3
318100,Mark 38,Mark 14,VEV_4000,XIREC,1284.0,1
319800,,SUBMISSION,VEV_5100,XIREC,185.0,1
319900,SUBMISSION,,VEV_5000,XIREC,286.0,6
319900,,SUBMISSION,VEV_5100,XIREC,187.0,1
319900,SUBMISSION,,VEV_5100,XIREC,192.0,20
320000,,SUBMISSION,VEV_5000,XIREC,279.0,4
320000,,SUBMISSION,VEV_5000,XIREC,279.0,4
320000,,SUBMISSION,VEV_5100,XIREC,186.0,9
320000,SUBMISSION,,VEV_5100,XIREC,191.0,8
320100,,SUBMISSION,VEV_5100,XIREC,185.0,12
320100,,SUBMISSION,VEV_5100,XIREC,184.0,3
320200,,SUBMISSION,VEV_5100,XIREC,184.0,2
320800,SUBMISSION,,VEV_5000,XIREC,276.0,5
320800,SUBMISSION,,VEV_5100,XIREC,184.0,5
320800,Mark 01,Mark 22,VEV_5300,XIREC,52.0,5
320800,Mark 01,Mark 22,VEV_5400,XIREC,17.0,5
320800,Mark 01,Mark 22,VEV_5500,XIREC,7.0,5
320800,Mark 01,Mark 22,VEV_6000,XIREC,0.0,5
320800,Mark 01,Mark 22,VEV_6500,XIREC,0.0,5
320900,,SUBMISSION,VEV_5100,XIREC,181.0,3
321000,SUBMISSION,,VEV_5000,XIREC,279.0,25
321000,SUBMISSION,,VEV_5100,XIREC,185.0,20
321100,,SUBMISSION,VEV_5000,XIREC,272.0,9
321200,,SUBMISSION,VEV_5000,XIREC,271.0,7
321300,,SUBMISSION,VEV_5000,XIREC,271.0,5
321300,SUBMISSION,,VEV_5000,XIREC,278.0,8
321300,,SUBMISSION,VEV_5100,XIREC,180.0,4
321300,SUBMISSION,,VEV_5100,XIREC,184.0,8
321400,,SUBMISSION,VEV_5000,XIREC,272.0,7
321400,,SUBMISSION,VEV_5000,XIREC,271.0,1
321500,,SUBMISSION,VEV_5100,XIREC,179.0,7
321600,SUBMISSION,,VEV_5000,XIREC,272.0,4
321600,,SUBMISSION,VEV_5100,XIREC,178.0,6
321600,SUBMISSION,,VEV_5100,XIREC,180.0,4
321600,Mark 01,Mark 22,VEV_5300,XIREC,50.0,4
321600,Mark 01,Mark 22,VEV_5400,XIREC,16.0,4
321600,Mark 01,Mark 22,VEV_5500,XIREC,7.0,4
321600,Mark 01,Mark 22,VEV_6000,XIREC,0.0,4
321600,Mark 01,Mark 22,VEV_6500,XIREC,0.0,4
321700,,SUBMISSION,VEV_5100,XIREC,178.0,5
321800,,SUBMISSION,VEV_5100,XIREC,177.0,4
321900,,SUBMISSION,VEV_5000,XIREC,270.0,2
321900,,SUBMISSION,VEV_5100,XIREC,179.0,5
322300,,SUBMISSION,VEV_5000,XIREC,271.0,1
322300,,SUBMISSION,VEV_5000,XIREC,271.0,1
322300,Mark 38,Mark 14,VEV_4000,XIREC,1282.0,2
322500,,SUBMISSION,VEV_5100,XIREC,181.0,1
322600,,SUBMISSION,VEV_5000,XIREC,274.0,1
322600,,SUBMISSION,VEV_5000,XIREC,274.0,1
322600,,SUBMISSION,VEV_5100,XIREC,182.0,1
323200,Mark 55,Mark 14,VELVETFRUIT_EXTRACT,XIREC,5276.0,5
323500,Mark 67,Mark 49,VELVETFRUIT_EXTRACT,XIREC,5269.0,14
323600,,SUBMISSION,VEV_5000,XIREC,269.0,10
323600,,SUBMISSION,VEV_5100,XIREC,178.0,6
323600,,SUBMISSION,VEV_5100,XIREC,177.0,6
324700,,SUBMISSION,VEV_5000,XIREC,271.0,1
324700,,SUBMISSION,VEV_5000,XIREC,271.0,1
327600,Mark 55,Mark 14,VELVETFRUIT_EXTRACT,XIREC,5266.0,5
328500,Mark 55,Mark 14,VELVETFRUIT_EXTRACT,XIREC,5269.0,7
328700,SUBMISSION,Mark 38,VEV_4000,XIREC,1256.0,3
328700,Mark 55,Mark 14,VELVETFRUIT_EXTRACT,XIREC,5268.0,5
328900,Mark 38,Mark 14,HYDROGEL_PACK,XIREC,9958.0,2
330400,Mark 14,Mark 55,VELVETFRUIT_EXTRACT,XIREC,5261.0,8
330500,SUBMISSION,,VEV_5000,XIREC,268.0,7
330600,,SUBMISSION,VEV_5000,XIREC,263.0,3
330600,,SUBMISSION,VEV_5000,XIREC,263.0,3
330600,SUBMISSION,,VEV_5000,XIREC,269.0,8
331000,SUBMISSION,,VEV_5000,XIREC,273.0,7
331600,,SUBMISSION,VEV_5000,XIREC,268.0,1
331900,,SUBMISSION,VEV_5000,XIREC,269.0,1
331900,,SUBMISSION,VEV_5000,XIREC,269.0,1
332600,Mark 55,Mark 01,VELVETFRUIT_EXTRACT,XIREC,5274.0,8
332800,Mark 14,Mark 38,HYDROGEL_PACK,XIREC,9947.0,3
333200,Mark 67,Mark 22,VELVETFRUIT_EXTRACT,XIREC,5269.0,7
333900,Mark 55,Mark 01,VELVETFRUIT_EXTRACT,XIREC,5273.0,7
335400,Mark 55,Mark 14,VELVETFRUIT_EXTRACT,XIREC,5271.0,6
336800,Mark 01,Mark 55,VELVETFRUIT_EXTRACT,XIREC,5268.0,5
337000,Mark 67,Mark 22,VELVETFRUIT_EXTRACT,XIREC,5271.0,6
337700,,SUBMISSION,VEV_4000,XIREC,1271.0,2
337700,,SUBMISSION,VEV_4500,XIREC,771.0,2
338400,Mark 14,Mark 38,HYDROGEL_PACK,XIREC,9948.0,4
339400,SUBMISSION,,VEV_5000,XIREC,274.0,25
339400,SUBMISSION,,VEV_5100,XIREC,180.0,6
339500,,SUBMISSION,VEV_5000,XIREC,268.0,6
339600,,SUBMISSION,VEV_5000,XIREC,268.0,6
339700,,SUBMISSION,VEV_5000,XIREC,268.0,6
339800,,SUBMISSION,VEV_5000,XIREC,267.0,4
339800,,SUBMISSION,VEV_5000,XIREC,267.0,2
339800,SUBMISSION,,VEV_5000,XIREC,274.0,25
339800,SUBMISSION,,VEV_5100,XIREC,180.0,12
339900,,SUBMISSION,VEV_5000,XIREC,267.0,4
340000,,SUBMISSION,VEV_5000,XIREC,267.0,6
340000,,SUBMISSION,VEV_5000,XIREC,266.0,16
340000,,SUBMISSION,VEV_5100,XIREC,175.0,3
340100,,SUBMISSION,VEV_5000,XIREC,265.0,8
340100,,SUBMISSION,VEV_5000,XIREC,265.0,1
340100,,SUBMISSION,VEV_5000,XIREC,264.0,7
340100,,SUBMISSION,VEV_5100,XIREC,174.0,7
340200,Mark 14,Mark 38,HYDROGEL_PACK,XIREC,9951.0,2
340300,,SUBMISSION,VEV_5100,XIREC,174.0,1
340400,,SUBMISSION,VEV_5100,XIREC,176.0,1
340400,,SUBMISSION,VEV_5100,XIREC,176.0,1
340500,SUBMISSION,Mark 38,VEV_4000,XIREC,1258.0,3
341400,SUBMISSION,,VEV_5000,XIREC,273.0,4
341400,SUBMISSION,,VEV_5100,XIREC,180.0,4
341400,Mark 01,Mark 22,VEV_5400,XIREC,16.0,4
341400,Mark 14,Mark 22,VEV_5500,XIREC,7.0,4
341400,Mark 01,Mark 22,VEV_6000,XIREC,0.0,4
341400,Mark 01,Mark 22,VEV_6500,XIREC,0.0,4
342200,SUBMISSION,,VEV_5100,XIREC,184.0,7
342300,,SUBMISSION,VEV_5100,XIREC,180.0,4
342300,Mark 38,Mark 14,HYDROGEL_PACK,XIREC,9966.0,2
344000,Mark 01,Mark 55,VELVETFRUIT_EXTRACT,XIREC,5269.0,3
344100,Mark 14,Mark 38,HYDROGEL_PACK,XIREC,9942.0,3
344500,Mark 14,Mark 38,HYDROGEL_PACK,XIREC,9942.0,3
344600,Mark 38,Mark 14,HYDROGEL_PACK,XIREC,9958.0,6
344600,Mark 01,Mark 55,VELVETFRUIT_EXTRACT,XIREC,5265.0,7
344900,Mark 01,Mark 55,VELVETFRUIT_EXTRACT,XIREC,5265.0,6
345200,,SUBMISSION,VEV_5100,XIREC,175.0,6
346100,Mark 38,Mark 14,HYDROGEL_PACK,XIREC,9947.0,2
347000,,SUBMISSION,VEV_5100,XIREC,175.0,1
347400,Mark 38,Mark 14,HYDROGEL_PACK,XIREC,9947.0,4
347800,SUBMISSION,,VEV_5000,XIREC,267.0,4
347800,SUBMISSION,,VEV_5100,XIREC,175.0,4
347800,Mark 01,Mark 22,VEV_5400,XIREC,15.0,4
347800,Mark 01,Mark 22,VEV_5500,XIREC,6.0,4
347800,Mark 01,Mark 22,VEV_6000,XIREC,0.0,4
347800,Mark 01,Mark 22,VEV_6500,XIREC,0.0,4
347900,,SUBMISSION,VEV_5000,XIREC,266.0,1
347900,,SUBMISSION,VEV_5000,XIREC,266.0,1
347900,,SUBMISSION,VEV_5100,XIREC,175.0,2
347900,,SUBMISSION,VEV_5100,XIREC,175.0,2
349500,SUBMISSION,,VEV_5000,XIREC,271.0,25
349600,,SUBMISSION,VEV_5000,XIREC,264.0,8
349600,,SUBMISSION,VEV_5000,XIREC,263.0,15
349700,,SUBMISSION,VEV_5000,XIREC,264.0,1
349700,,SUBMISSION,VEV_5000,XIREC,264.0,1
350600,Mark 55,Mark 14,VELVETFRUIT_EXTRACT,XIREC,5266.0,5
350700,SUBMISSION,,VEV_5000,XIREC,265.0,4
350700,Mark 14,Mark 22,VEV_5300,XIREC,47.0,4
350700,Mark 01,Mark 22,VEV_5400,XIREC,15.0,4
350700,Mark 01,Mark 22,VEV_5500,XIREC,6.0,4
350700,Mark 01,Mark 22,VEV_6000,XIREC,0.0,4
350700,Mark 01,Mark 22,VEV_6500,XIREC,0.0,4
351400,Mark 14,Mark 38,HYDROGEL_PACK,XIREC,9937.0,6
352100,Mark 14,Mark 55,VELVETFRUIT_EXTRACT,XIREC,5252.0,4
352300,Mark 55,Mark 14,VELVETFRUIT_EXTRACT,XIREC,5257.0,8
353600,Mark 01,Mark 55,VELVETFRUIT_EXTRACT,XIREC,5254.0,7
353800,Mark 14,Mark 55,VELVETFRUIT_EXTRACT,XIREC,5257.0,7
354700,SUBMISSION,,VEV_5000,XIREC,267.0,10
355300,SUBMISSION,,VEV_5000,XIREC,268.0,12
355400,,SUBMISSION,VEV_5000,XIREC,262.0,3
355500,,SUBMISSION,VEV_5000,XIREC,262.0,3
355700,,SUBMISSION,VEV_5000,XIREC,262.0,3
356100,,SUBMISSION,VEV_5000,XIREC,260.0,1
356100,SUBMISSION,,VEV_5000,XIREC,267.0,25
356500,Mark 55,Mark 14,VELVETFRUIT_EXTRACT,XIREC,5263.0,6
357100,,SUBMISSION,VEV_5000,XIREC,262.0,1
357200,,SUBMISSION,VEV_5000,XIREC,263.0,2
357300,,SUBMISSION,VEV_5000,XIREC,263.0,1
357400,,SUBMISSION,VEV_5000,XIREC,265.0,6
357500,,SUBMISSION,VEV_5000,XIREC,265.0,6
357600,,SUBMISSION,VEV_5000,XIREC,266.0,7
357700,,SUBMISSION,VEV_5000,XIREC,267.0,6
357700,,SUBMISSION,VEV_5000,XIREC,267.0,3
358000,SUBMISSION,,VEV_5000,XIREC,271.0,9
358000,SUBMISSION,,VEV_5100,XIREC,178.0,20
358100,,SUBMISSION,VEV_5000,XIREC,265.0,4
358100,,SUBMISSION,VEV_5000,XIREC,265.0,2
358200,,SUBMISSION,VEV_5100,XIREC,173.0,4
358300,,SUBMISSION,VEV_5100,XIREC,172.0,3
358300,Mark 14,Mark 55,VELVETFRUIT_EXTRACT,XIREC,5261.0,7
358400,,SUBMISSION,VEV_5100,XIREC,172.0,3
358400,,SUBMISSION,VEV_5100,XIREC,172.0,2
358400,Mark 55,Mark 01,VELVETFRUIT_EXTRACT,XIREC,5266.0,5
358500,SUBMISSION,,VEV_5000,XIREC,265.0,2
358500,Mark 01,Mark 22,VEV_5300,XIREC,47.0,2
358500,Mark 01,Mark 22,VEV_5400,XIREC,15.0,2
358500,Mark 01,Mark 22,VEV_5500,XIREC,6.0,2
358500,Mark 01,Mark 22,VEV_6000,XIREC,0.0,2
358500,Mark 01,Mark 22,VEV_6500,XIREC,0.0,2
359500,Mark 14,Mark 38,HYDROGEL_PACK,XIREC,9972.0,5
360000,Mark 55,Mark 01,VELVETFRUIT_EXTRACT,XIREC,5267.0,7
360500,,SUBMISSION,VEV_5000,XIREC,265.0,2
360500,,SUBMISSION,VEV_5000,XIREC,265.0,2
360500,SUBMISSION,,VEV_5000,XIREC,271.0,10
360500,SUBMISSION,,VEV_5100,XIREC,178.0,20
360600,,SUBMISSION,VEV_5000,XIREC,265.0,6
360700,,SUBMISSION,VEV_5000,XIREC,265.0,1
360700,,SUBMISSION,VEV_5100,XIREC,174.0,5
360800,,SUBMISSION,VEV_5100,XIREC,174.0,6
360900,,SUBMISSION,VEV_5100,XIREC,174.0,6
361000,,SUBMISSION,VEV_5100,XIREC,173.0,1
361100,,SUBMISSION,VEV_5000,XIREC,266.0,1
361100,,SUBMISSION,VEV_5000,XIREC,266.0,1
361100,,SUBMISSION,VEV_5100,XIREC,174.0,1
361300,Mark 55,Mark 01,VELVETFRUIT_EXTRACT,XIREC,5267.0,3
361600,Mark 01,Mark 55,VELVETFRUIT_EXTRACT,XIREC,5260.0,5
362500,Mark 01,Mark 55,VELVETFRUIT_EXTRACT,XIREC,5260.0,5
362600,SUBMISSION,,VEV_5000,XIREC,265.0,5
362600,Mark 01,Mark 22,VEV_5300,XIREC,47.0,5
362600,Mark 01,Mark 22,VEV_5500,XIREC,6.0,5
362600,Mark 01,Mark 22,VEV_6000,XIREC,0.0,5
362600,Mark 01,Mark 22,VEV_6500,XIREC,0.0,5
362700,,SUBMISSION,VEV_5000,XIREC,264.0,2
362700,,SUBMISSION,VEV_5000,XIREC,264.0,2
363300,Mark 38,Mark 14,VEV_4000,XIREC,1272.0,1
364800,SUBMISSION,,VEV_5000,XIREC,264.0,12
365300,Mark 14,Mark 38,HYDROGEL_PACK,XIREC,9984.0,2
365400,Mark 14,Mark 55,VELVETFRUIT_EXTRACT,XIREC,5257.0,7
365600,SUBMISSION,,VEV_5000,XIREC,261.0,4
365600,Mark 01,Mark 22,VEV_5300,XIREC,45.0,4
365600,Mark 01,Mark 22,VEV_5400,XIREC,14.0,4
365600,Mark 01,Mark 22,VEV_5500,XIREC,5.0,4
365600,Mark 01,Mark 22,VEV_6000,XIREC,0.0,4
365600,Mark 01,Mark 22,VEV_6500,XIREC,0.0,4
366500,Mark 38,Mark 14,HYDROGEL_PACK,XIREC,10001.0,2
367000,,SUBMISSION,VEV_5000,XIREC,262.0,4
367100,,SUBMISSION,VEV_5000,XIREC,261.0,3
367200,,SUBMISSION,VEV_5000,XIREC,260.0,3
367300,,SUBMISSION,VEV_5000,XIREC,260.0,3
367300,,SUBMISSION,VEV_5000,XIREC,260.0,1
367300,SUBMISSION,,VEV_5000,XIREC,266.0,10
367300,SUBMISSION,,VEV_5100,XIREC,173.0,10
367400,,SUBMISSION,VEV_5000,XIREC,260.0,3
367500,,SUBMISSION,VEV_5000,XIREC,260.0,3
367600,,SUBMISSION,VEV_5000,XIREC,261.0,2
367600,,SUBMISSION,VEV_5000,XIREC,261.0,1
367700,,SUBMISSION,VEV_5100,XIREC,170.0,4
367800,,SUBMISSION,VEV_5100,XIREC,170.0,4
368100,Mark 14,Mark 55,VELVETFRUIT_EXTRACT,XIREC,5256.0,6
368200,Mark 38,Mark 14,VEV_4000,XIREC,1270.0,2
370600,Mark 38,Mark 14,VEV_4000,XIREC,1261.0,3
370700,SUBMISSION,Mark 38,VEV_4000,XIREC,1242.0,2
371300,SUBMISSION,,VELVETFRUIT_EXTRACT,XIREC,5250.0,14
372300,Mark 01,Mark 55,VELVETFRUIT_EXTRACT,XIREC,5250.0,6
372300,Mark 38,Mark 14,VEV_4000,XIREC,1264.0,2
373100,Mark 55,SUBMISSION,VELVETFRUIT_EXTRACT,XIREC,5255.0,3
373100,Mark 55,Mark 14,VELVETFRUIT_EXTRACT,XIREC,5256.0,3
373800,SUBMISSION,,VEV_5000,XIREC,254.0,4
373800,Mark 01,Mark 22,VEV_5500,XIREC,5.0,4
373800,Mark 01,Mark 22,VEV_6000,XIREC,0.0,4
373800,Mark 01,Mark 22,VEV_6500,XIREC,0.0,4
376100,SUBMISSION,,VEV_5000,XIREC,260.0,12
376300,SUBMISSION,,VEV_5000,XIREC,257.0,5
376300,Mark 01,Mark 22,VEV_5400,XIREC,13.0,5
376300,Mark 01,Mark 22,VEV_5500,XIREC,5.0,5
376300,Mark 01,Mark 22,VEV_6000,XIREC,0.0,5
376300,Mark 01,Mark 22,VEV_6500,XIREC,0.0,5
376700,Mark 14,Mark 55,VELVETFRUIT_EXTRACT,XIREC,5250.0,7
377100,SUBMISSION,,VEV_5000,XIREC,259.0,12
378400,Mark 67,Mark 22,VELVETFRUIT_EXTRACT,XIREC,5249.0,10
379600,SUBMISSION,,VEV_5000,XIREC,258.0,10
382200,Mark 55,SUBMISSION,VELVETFRUIT_EXTRACT,XIREC,5252.0,2
382200,Mark 55,Mark 14,VELVETFRUIT_EXTRACT,XIREC,5253.0,3
383100,Mark 55,SUBMISSION,VELVETFRUIT_EXTRACT,XIREC,5253.0,2
383100,Mark 55,Mark 14,VELVETFRUIT_EXTRACT,XIREC,5254.0,4
384800,Mark 22,Mark 38,HYDROGEL_PACK,XIREC,9978.0,4
385000,SUBMISSION,,VELVETFRUIT_EXTRACT,XIREC,5251.0,49
385100,SUBMISSION,,VELVETFRUIT_EXTRACT,XIREC,5245.0,9
385100,SUBMISSION,Mark 49,VELVETFRUIT_EXTRACT,XIREC,5245.0,9
385500,Mark 14,Mark 38,HYDROGEL_PACK,XIREC,9972.0,5
386900,SUBMISSION,,VELVETFRUIT_EXTRACT,XIREC,5244.0,2
387000,SUBMISSION,,VELVETFRUIT_EXTRACT,XIREC,5243.0,4
387100,SUBMISSION,,VELVETFRUIT_EXTRACT,XIREC,5242.0,6
387200,SUBMISSION,,VELVETFRUIT_EXTRACT,XIREC,5244.0,2
387300,SUBMISSION,,VELVETFRUIT_EXTRACT,XIREC,5243.0,4
387400,SUBMISSION,,VELVETFRUIT_EXTRACT,XIREC,5242.0,6
387500,SUBMISSION,,VELVETFRUIT_EXTRACT,XIREC,5243.0,3
387500,Mark 38,Mark 14,HYDROGEL_PACK,XIREC,9991.0,3
387600,SUBMISSION,,VELVETFRUIT_EXTRACT,XIREC,5243.0,3
387700,SUBMISSION,,VELVETFRUIT_EXTRACT,XIREC,5243.0,3
