timestamp;buyer;seller;symbol;currency;price;quantity
0;;SUBMISSION;GALAXY_SOUNDS_BLACK_HOLES;XIRECS;12129.0;4
0;;SUBMISSION;GALAXY_SOUNDS_DARK_MATTER;XIRECS;10869.0;4
0;;SUBMISSION;GALAXY_SOUNDS_PLANETARY_RINGS;XIRECS;11408.0;4
0;SUBMISSION;;GALAXY_SOUNDS_SOLAR_FLAMES;XIRECS;10650.0;4
0;;SUBMISSION;GALAXY_SOUNDS_SOLAR_WINDS;XIRECS;10749.0;4
0;;SUBMISSION;MICROCHIP_CIRCLE;XIRECS;8531.0;4
0;;SUBMISSION;MICROCHIP_OVAL;XIRECS;7413.0;4
0;;SUBMISSION;MICROCHIP_RECTANGLE;XIRECS;7827.0;4
0;;SUBMISSION;MICROCHIP_SQUARE;XIRECS;15904.0;4
0;SUBMISSION;;MICROCHIP_TRIANGLE;XIRECS;9024.0;4
0;;SUBMISSION;OXYGEN_SHAKE_EVENING_BREATH;XIRECS;9424.0;4
0;SUBMISSION;;OXYGEN_SHAKE_GARLIC;XIRECS;11935.0;4
0;;SUBMISSION;OXYGEN_SHAKE_MINT;XIRECS;9708.0;4
0;;SUBMISSION;OXYGEN_SHAKE_MORNING_BREATH;XIRECS;9526.0;4
0;;SUBMISSION;PANEL_1X2;XIRECS;8844.0;4
0;;SUBMISSION;PANEL_1X4;XIRECS;8726.0;4
0;;SUBMISSION;PANEL_2X2;XIRECS;9193.0;4
0;;SUBMISSION;PANEL_2X4;XIRECS;11454.0;4
0;SUBMISSION;;PANEL_4X4;XIRECS;10260.0;4
0;;SUBMISSION;PEBBLES_L;XIRECS;11007.0;4
0;;SUBMISSION;PEBBLES_M;XIRECS;11059.0;4
0;;SUBMISSION;PEBBLES_S;XIRECS;8998.0;4
0;SUBMISSION;;PEBBLES_XL;XIRECS;12062.0;4
0;;SUBMISSION;PEBBLES_XS;XIRECS;6857.0;4
0;SUBMISSION;;ROBOT_IRONING;XIRECS;7503.0;4
0;;SUBMISSION;ROBOT_MOPPING;XIRECS;12166.0;4
0;SUBMISSION;;ROBOT_VACUUMING;XIRECS;8587.0;4
0;SUBMISSION;;SLEEP_POD_COTTON;XIRECS;12203.0;4
0;;SUBMISSION;SLEEP_POD_LAMB_WOOL;XIRECS;10787.0;4
0;SUBMISSION;;SLEEP_POD_NYLON;XIRECS;9718.0;4
0;SUBMISSION;;SLEEP_POD_POLYESTER;XIRECS;12892.0;4
0;SUBMISSION;;SLEEP_POD_SUEDE;XIRECS;12144.0;4
0;SUBMISSION;;TRANSLATOR_GRAPHITE_MIST;XIRECS;11058.0;4
0;;SUBMISSION;TRANSLATOR_SPACE_GRAY;XIRECS;10114.0;4
0;SUBMISSION;;TRANSLATOR_VOID_BLUE;XIRECS;10698.0;4
0;;SUBMISSION;UV_VISOR_AMBER;XIRECS;7380.0;4
0;;SUBMISSION;UV_VISOR_MAGENTA;XIRECS;11573.0;4
0;SUBMISSION;;UV_VISOR_ORANGE;XIRECS;10295.0;4
0;SUBMISSION;;UV_VISOR_RED;XIRECS;11032.0;4
0;;SUBMISSION;UV_VISOR_YELLOW;XIRECS;12049.0;4
100;;SUBMISSION;MICROCHIP_CIRCLE;XIRECS;8523.0;4
100;;SUBMISSION;MICROCHIP_OVAL;XIRECS;7431.0;4
100;;SUBMISSION;MICROCHIP_RECTANGLE;XIRECS;7821.0;4
100;;SUBMISSION;OXYGEN_SHAKE_EVENING_BREATH;XIRECS;9444.0;4
100;;SUBMISSION;OXYGEN_SHAKE_MORNING_BREATH;XIRECS;9524.0;4
100;;SUBMISSION;PANEL_1X2;XIRECS;8847.0;4
100;;SUBMISSION;PANEL_1X4;XIRECS;8718.0;4
100;;SUBMISSION;PANEL_2X2;XIRECS;9192.0;4
100;SUBMISSION;;PANEL_4X4;XIRECS;10268.0;4
100;;SUBMISSION;PEBBLES_S;XIRECS;8994.0;4
100;;SUBMISSION;PEBBLES_XS;XIRECS;6857.0;4
100;SUBMISSION;;ROBOT_IRONING;XIRECS;7503.0;4
100;;SUBMISSION;ROBOT_LAUNDRY;XIRECS;9484.0;4
100;SUBMISSION;;ROBOT_VACUUMING;XIRECS;8572.0;4
100;SUBMISSION;;SLEEP_POD_COTTON;XIRECS;12202.0;4
100;;SUBMISSION;SLEEP_POD_LAMB_WOOL;XIRECS;10813.0;4
100;SUBMISSION;;SLEEP_POD_NYLON;XIRECS;9716.0;4
100;SUBMISSION;;SLEEP_POD_POLYESTER;XIRECS;12890.0;4
100;SUBMISSION;;SLEEP_POD_SUEDE;XIRECS;12143.0;4
100;SUBMISSION;;TRANSLATOR_GRAPHITE_MIST;XIRECS;11046.0;4
100;;SUBMISSION;TRANSLATOR_SPACE_GRAY;XIRECS;10116.0;4
200;SUBMISSION;;MICROCHIP_TRIANGLE;XIRECS;9021.0;4
800;;SUBMISSION;MICROCHIP_CIRCLE;XIRECS;8548.0;1
800;;SUBMISSION;MICROCHIP_OVAL;XIRECS;7467.0;1
800;;SUBMISSION;MICROCHIP_RECTANGLE;XIRECS;7835.0;1
800;;SUBMISSION;MICROCHIP_SQUARE;XIRECS;15901.0;1
800;;;MICROCHIP_TRIANGLE;XIRECS;9023.0;1
900;;SUBMISSION;GALAXY_SOUNDS_BLACK_HOLES;XIRECS;12043.0;1
900;;SUBMISSION;GALAXY_SOUNDS_DARK_MATTER;XIRECS;10813.0;1
900;;SUBMISSION;GALAXY_SOUNDS_PLANETARY_RINGS;XIRECS;11413.0;1
900;;SUBMISSION;GALAXY_SOUNDS_SOLAR_WINDS;XIRECS;10751.0;1
900;;SUBMISSION;OXYGEN_SHAKE_CHOCOLATE;XIRECS;9325.0;1
900;;SUBMISSION;OXYGEN_SHAKE_EVENING_BREATH;XIRECS;9450.0;1
900;;SUBMISSION;OXYGEN_SHAKE_MINT;XIRECS;9696.0;1
900;;SUBMISSION;OXYGEN_SHAKE_MORNING_BREATH;XIRECS;9516.0;1
900;;SUBMISSION;PANEL_1X2;XIRECS;8860.0;1
900;;SUBMISSION;PANEL_1X4;XIRECS;8730.0;1
900;;SUBMISSION;PANEL_2X2;XIRECS;9165.0;1
900;;SUBMISSION;PANEL_2X4;XIRECS;11413.0;1
900;;SUBMISSION;PANEL_4X4;XIRECS;10278.0;1
900;;SUBMISSION;ROBOT_DISHES;XIRECS;10128.0;1
900;;SUBMISSION;ROBOT_IRONING;XIRECS;7532.0;1
900;;SUBMISSION;ROBOT_LAUNDRY;XIRECS;9484.0;1
900;;SUBMISSION;ROBOT_MOPPING;XIRECS;12132.0;1
900;;SUBMISSION;SLEEP_POD_LAMB_WOOL;XIRECS;10852.0;1
900;;SUBMISSION;SLEEP_POD_SUEDE;XIRECS;12176.0;1
900;;SUBMISSION;SNACKPACK_PISTACHIO;XIRECS;9387.0;1
900;;SUBMISSION;SNACKPACK_RASPBERRY;XIRECS;10127.0;1
900;;SUBMISSION;SNACKPACK_STRAWBERRY;XIRECS;10814.0;1
900;;SUBMISSION;SNACKPACK_VANILLA;XIRECS;10056.0;1
900;;SUBMISSION;TRANSLATOR_SPACE_GRAY;XIRECS;10098.0;1
900;;SUBMISSION;UV_VISOR_AMBER;XIRECS;7348.0;1
900;;SUBMISSION;UV_VISOR_MAGENTA;XIRECS;11537.0;1
900;;SUBMISSION;UV_VISOR_YELLOW;XIRECS;12030.0;1
900;;;GALAXY_SOUNDS_SOLAR_FLAMES;XIRECS;10626.0;1
900;;;OXYGEN_SHAKE_GARLIC;XIRECS;11950.0;1
900;;;ROBOT_VACUUMING;XIRECS;8594.0;1
900;;;SLEEP_POD_COTTON;XIRECS;12137.0;1
900;;;SLEEP_POD_NYLON;XIRECS;9712.0;1
900;;;SLEEP_POD_POLYESTER;XIRECS;12872.0;1
900;;;SNACKPACK_CHOCOLATE;XIRECS;9815.0;1
900;;;TRANSLATOR_ASTRO_BLACK;XIRECS;9173.0;1
900;;;TRANSLATOR_ECLIPSE_CHARCOAL;XIRECS;9644.0;1
900;;;TRANSLATOR_GRAPHITE_MIST;XIRECS;11044.0;1
900;;;TRANSLATOR_VOID_BLUE;XIRECS;10773.0;1
900;;;UV_VISOR_ORANGE;XIRECS;10272.0;1
900;;;UV_VISOR_RED;XIRECS;11035.0;1
1000;;SUBMISSION;ROBOT_DISHES;XIRECS;10146.0;4
1500;;SUBMISSION;ROBOT_MOPPING;XIRECS;12139.0;4
2000;;SUBMISSION;PEBBLES_L;XIRECS;10980.0;4
2000;;SUBMISSION;PEBBLES_M;XIRECS;11115.0;4
2000;SUBMISSION;;TRANSLATOR_VOID_BLUE;XIRECS;10765.0;4
2000;;SUBMISSION;UV_VISOR_AMBER;XIRECS;7353.0;4
2500;SUBMISSION;;MICROCHIP_TRIANGLE;XIRECS;8995.0;1
2500;;;MICROCHIP_CIRCLE;XIRECS;8580.0;1
2500;;;MICROCHIP_OVAL;XIRECS;7453.0;1
2500;;;MICROCHIP_RECTANGLE;XIRECS;7841.0;1
2500;;;MICROCHIP_SQUARE;XIRECS;15994.0;1
3400;SUBMISSION;;ROBOT_DISHES;XIRECS;10194.0;4
3800;;SUBMISSION;MICROCHIP_SQUARE;XIRECS;15974.0;4
7100;SUBMISSION;;GALAXY_SOUNDS_SOLAR_FLAMES;XIRECS;10647.0;4
7100;SUBMISSION;;OXYGEN_SHAKE_CHOCOLATE;XIRECS;9211.0;4
7100;SUBMISSION;;OXYGEN_SHAKE_EVENING_BREATH;XIRECS;9385.0;4
7100;SUBMISSION;;OXYGEN_SHAKE_GARLIC;XIRECS;11786.0;4
7100;SUBMISSION;;OXYGEN_SHAKE_MORNING_BREATH;XIRECS;9600.0;4
7100;SUBMISSION;;PANEL_1X2;XIRECS;8896.0;4
7100;SUBMISSION;;PANEL_2X2;XIRECS;9205.0;4
7100;SUBMISSION;;PANEL_4X4;XIRECS;10366.0;3
7100;SUBMISSION;;PEBBLES_XL;XIRECS;12194.0;4
7100;SUBMISSION;;ROBOT_IRONING;XIRECS;7571.0;3
7100;SUBMISSION;;ROBOT_MOPPING;XIRECS;12022.0;4
7100;SUBMISSION;;ROBOT_VACUUMING;XIRECS;8705.0;2
7100;SUBMISSION;;SLEEP_POD_COTTON;XIRECS;12071.0;2
7100;SUBMISSION;;SLEEP_POD_LAMB_WOOL;XIRECS;10906.0;4
7100;SUBMISSION;;SLEEP_POD_POLYESTER;XIRECS;12871.0;2
7100;SUBMISSION;;SLEEP_POD_SUEDE;XIRECS;12112.0;3
7100;SUBMISSION;;SNACKPACK_CHOCOLATE;XIRECS;9803.0;4
7100;SUBMISSION;;SNACKPACK_PISTACHIO;XIRECS;9407.0;4
7100;SUBMISSION;;SNACKPACK_RASPBERRY;XIRECS;10086.0;4
7100;SUBMISSION;;SNACKPACK_STRAWBERRY;XIRECS;10839.0;4
7100;SUBMISSION;;SNACKPACK_VANILLA;XIRECS;10058.0;4
7100;SUBMISSION;;TRANSLATOR_ASTRO_BLACK;XIRECS;9244.0;4
7100;SUBMISSION;;TRANSLATOR_ECLIPSE_CHARCOAL;XIRECS;9683.0;4
7100;SUBMISSION;;TRANSLATOR_GRAPHITE_MIST;XIRECS;11069.0;2
7100;SUBMISSION;;TRANSLATOR_VOID_BLUE;XIRECS;10708.0;2
7100;SUBMISSION;;UV_VISOR_AMBER;XIRECS;7409.0;4
7100;SUBMISSION;;UV_VISOR_ORANGE;XIRECS;10240.0;4
7100;SUBMISSION;;UV_VISOR_RED;XIRECS;11158.0;4
7100;;;GALAXY_SOUNDS_BLACK_HOLES;XIRECS;11861.0;4
7100;;;GALAXY_SOUNDS_DARK_MATTER;XIRECS;10771.0;4
7100;;;GALAXY_SOUNDS_PLANETARY_RINGS;XIRECS;11372.0;4
7100;;;GALAXY_SOUNDS_SOLAR_WINDS;XIRECS;10781.0;4
7100;;;OXYGEN_SHAKE_MINT;XIRECS;9706.0;4
7100;;;PANEL_1X4;XIRECS;8789.0;4
7100;;;PANEL_2X4;XIRECS;11247.0;4
7100;;;ROBOT_DISHES;XIRECS;10201.0;4
7100;;;ROBOT_LAUNDRY;XIRECS;9461.0;4
7100;;;SLEEP_POD_NYLON;XIRECS;9743.0;4
7100;;;TRANSLATOR_SPACE_GRAY;XIRECS;10153.0;4
7100;;;UV_VISOR_MAGENTA;XIRECS;11377.0;4
7100;;;UV_VISOR_YELLOW;XIRECS;12034.0;4
7200;;SUBMISSION;PANEL_2X2;XIRECS;9210.0;4
7200;;SUBMISSION;UV_VISOR_AMBER;XIRECS;7419.0;4
7300;SUBMISSION;;GALAXY_SOUNDS_SOLAR_FLAMES;XIRECS;10631.0;2
7300;SUBMISSION;;OXYGEN_SHAKE_CHOCOLATE;XIRECS;9192.0;3
7300;SUBMISSION;;OXYGEN_SHAKE_GARLIC;XIRECS;11809.0;2
7300;SUBMISSION;;PANEL_1X4;XIRECS;8801.0;3
7300;SUBMISSION;;ROBOT_DISHES;XIRECS;10198.0;3
7300;SUBMISSION;;SNACKPACK_CHOCOLATE;XIRECS;9795.0;3
7300;SUBMISSION;;SNACKPACK_PISTACHIO;XIRECS;9396.0;3
7300;SUBMISSION;;SNACKPACK_RASPBERRY;XIRECS;10091.0;3
7300;SUBMISSION;;SNACKPACK_STRAWBERRY;XIRECS;10825.0;3
7300;SUBMISSION;;TRANSLATOR_ASTRO_BLACK;XIRECS;9269.0;3
7300;SUBMISSION;;TRANSLATOR_ECLIPSE_CHARCOAL;XIRECS;9687.0;3
7300;SUBMISSION;;UV_VISOR_ORANGE;XIRECS;10238.0;2
7300;SUBMISSION;;UV_VISOR_RED;XIRECS;11161.0;2
7300;;;GALAXY_SOUNDS_BLACK_HOLES;XIRECS;11872.0;3
7300;;;GALAXY_SOUNDS_DARK_MATTER;XIRECS;10776.0;3
7300;;;GALAXY_SOUNDS_PLANETARY_RINGS;XIRECS;11361.0;3
7300;;;GALAXY_SOUNDS_SOLAR_WINDS;XIRECS;10763.0;3
7300;;;OXYGEN_SHAKE_EVENING_BREATH;XIRECS;9374.0;3
7300;;;OXYGEN_SHAKE_MINT;XIRECS;9687.0;3
7300;;;OXYGEN_SHAKE_MORNING_BREATH;XIRECS;9598.0;3
7300;;;PANEL_1X2;XIRECS;8893.0;3
7300;;;PANEL_2X2;XIRECS;9211.0;3
7300;;;PANEL_2X4;XIRECS;11242.0;3
7300;;;PANEL_4X4;XIRECS;10382.0;3
7300;;;ROBOT_IRONING;XIRECS;7557.0;3
7300;;;ROBOT_LAUNDRY;XIRECS;9444.0;3
7300;;;ROBOT_MOPPING;XIRECS;12001.0;3
7300;;;ROBOT_VACUUMING;XIRECS;8702.0;3
7300;;;SLEEP_POD_COTTON;XIRECS;12061.0;3
7300;;;SLEEP_POD_LAMB_WOOL;XIRECS;10901.0;3
7300;;;SLEEP_POD_NYLON;XIRECS;9765.0;3
7300;;;SLEEP_POD_POLYESTER;XIRECS;12912.0;3
7300;;;SLEEP_POD_SUEDE;XIRECS;12081.0;3
7300;;;SNACKPACK_VANILLA;XIRECS;10060.0;3
7300;;;TRANSLATOR_GRAPHITE_MIST;XIRECS;11080.0;3
7300;;;TRANSLATOR_SPACE_GRAY;XIRECS;10148.0;3
7300;;;TRANSLATOR_VOID_BLUE;XIRECS;10685.0;3
7300;;;UV_VISOR_AMBER;XIRECS;7411.0;3
7300;;;UV_VISOR_MAGENTA;XIRECS;11349.0;3
7300;;;UV_VISOR_YELLOW;XIRECS;12048.0;3
7400;;SUBMISSION;PANEL_1X4;XIRECS;8810.0;4
8400;;SUBMISSION;ROBOT_MOPPING;XIRECS;12029.0;4
8600;;SUBMISSION;GALAXY_SOUNDS_BLACK_HOLES;XIRECS;11921.0;1
8600;;SUBMISSION;GALAXY_SOUNDS_DARK_MATTER;XIRECS;10801.0;1
8600;;SUBMISSION;GALAXY_SOUNDS_PLANETARY_RINGS;XIRECS;11389.0;1
8600;;SUBMISSION;GALAXY_SOUNDS_SOLAR_FLAMES;XIRECS;10597.0;1
8600;;SUBMISSION;GALAXY_SOUNDS_SOLAR_WINDS;XIRECS;10762.0;1
8600;;SUBMISSION;OXYGEN_SHAKE_CHOCOLATE;XIRECS;9134.0;1
8600;;SUBMISSION;OXYGEN_SHAKE_EVENING_BREATH;XIRECS;9367.0;1
8600;;SUBMISSION;OXYGEN_SHAKE_GARLIC;XIRECS;11733.0;1
8600;;SUBMISSION;OXYGEN_SHAKE_MINT;XIRECS;9752.0;1
8600;;SUBMISSION;OXYGEN_SHAKE_MORNING_BREATH;XIRECS;9624.0;1
8600;;SUBMISSION;PANEL_1X2;XIRECS;8894.0;1
8600;;SUBMISSION;PANEL_2X2;XIRECS;9177.0;1
8600;;SUBMISSION;PANEL_2X4;XIRECS;11240.0;1
8600;;SUBMISSION;PANEL_4X4;XIRECS;10401.0;1
8600;;SUBMISSION;ROBOT_DISHES;XIRECS;10157.0;1
8600;;SUBMISSION;ROBOT_LAUNDRY;XIRECS;9538.0;1
8600;;SUBMISSION;ROBOT_MOPPING;XIRECS;12009.0;1
8600;;SUBMISSION;ROBOT_VACUUMING;XIRECS;8742.0;1
8600;;SUBMISSION;SLEEP_POD_COTTON;XIRECS;12050.0;1
8600;;SUBMISSION;SLEEP_POD_LAMB_WOOL;XIRECS;10893.0;1
8600;;SUBMISSION;SLEEP_POD_POLYESTER;XIRECS;12975.0;1
8600;;SUBMISSION;SLEEP_POD_SUEDE;XIRECS;12127.0;1
8600;;SUBMISSION;SNACKPACK_CHOCOLATE;XIRECS;9814.0;1
8600;;SUBMISSION;SNACKPACK_PISTACHIO;XIRECS;9392.0;1
8600;;SUBMISSION;SNACKPACK_RASPBERRY;XIRECS;10120.0;1
8600;;SUBMISSION;SNACKPACK_STRAWBERRY;XIRECS;10818.0;1
8600;;SUBMISSION;SNACKPACK_VANILLA;XIRECS;10058.0;1
8600;;SUBMISSION;TRANSLATOR_ASTRO_BLACK;XIRECS;9306.0;1
8600;;SUBMISSION;TRANSLATOR_ECLIPSE_CHARCOAL;XIRECS;9712.0;1
8600;;SUBMISSION;TRANSLATOR_GRAPHITE_MIST;XIRECS;11078.0;1
8600;;SUBMISSION;TRANSLATOR_SPACE_GRAY;XIRECS;10214.0;1
8600;;SUBMISSION;TRANSLATOR_VOID_BLUE;XIRECS;10742.0;1
8600;;SUBMISSION;UV_VISOR_AMBER;XIRECS;7407.0;1
8600;;SUBMISSION;UV_VISOR_MAGENTA;XIRECS;11342.0;1
8600;;SUBMISSION;UV_VISOR_ORANGE;XIRECS;10212.0;1
8600;;SUBMISSION;UV_VISOR_RED;XIRECS;11150.0;1
8600;;SUBMISSION;UV_VISOR_YELLOW;XIRECS;12063.0;1
8600;;;PANEL_1X4;XIRECS;8842.0;1
8600;;;ROBOT_IRONING;XIRECS;7553.0;1
8600;;;SLEEP_POD_NYLON;XIRECS;9737.0;1
8700;;SUBMISSION;SNACKPACK_CHOCOLATE;XIRECS;9829.0;4
9000;;SUBMISSION;GALAXY_SOUNDS_BLACK_HOLES;XIRECS;11938.0;2
9000;;SUBMISSION;GALAXY_SOUNDS_DARK_MATTER;XIRECS;10820.0;2
9000;;SUBMISSION;GALAXY_SOUNDS_PLANETARY_RINGS;XIRECS;11395.0;2
9000;;SUBMISSION;OXYGEN_SHAKE_CHOCOLATE;XIRECS;9150.0;2
9000;;SUBMISSION;OXYGEN_SHAKE_MINT;XIRECS;9768.0;2
9000;;SUBMISSION;OXYGEN_SHAKE_MORNING_BREATH;XIRECS;9609.0;2
9000;;SUBMISSION;PANEL_2X4;XIRECS;11286.0;2
9000;;SUBMISSION;SLEEP_POD_LAMB_WOOL;XIRECS;10889.0;2
9000;;SUBMISSION;SNACKPACK_CHOCOLATE;XIRECS;9841.0;2
9000;;SUBMISSION;UV_VISOR_MAGENTA;XIRECS;11361.0;2
9000;;SUBMISSION;UV_VISOR_YELLOW;XIRECS;12065.0;2
10900;;SUBMISSION;PEBBLES_L;XIRECS;11040.0;2
10900;;SUBMISSION;PEBBLES_M;XIRECS;11324.0;2
10900;;SUBMISSION;PEBBLES_S;XIRECS;8813.0;2
10900;;SUBMISSION;PEBBLES_XL;XIRECS;12194.0;4
10900;;SUBMISSION;PEBBLES_XS;XIRECS;6641.0;2
12700;;SUBMISSION;OXYGEN_SHAKE_CHOCOLATE;XIRECS;9095.0;4
12700;;SUBMISSION;OXYGEN_SHAKE_EVENING_BREATH;XIRECS;9350.0;4
12700;;SUBMISSION;PANEL_1X2;XIRECS;8878.0;4
12700;SUBMISSION;;PANEL_2X2;XIRECS;9089.0;4
13000;;SUBMISSION;GALAXY_SOUNDS_BLACK_HOLES;XIRECS;11927.0;2
13000;;SUBMISSION;GALAXY_SOUNDS_DARK_MATTER;XIRECS;10901.0;2
13000;;SUBMISSION;GALAXY_SOUNDS_PLANETARY_RINGS;XIRECS;11420.0;2
13000;;SUBMISSION;GALAXY_SOUNDS_SOLAR_FLAMES;XIRECS;10673.0;4
13000;;SUBMISSION;GALAXY_SOUNDS_SOLAR_WINDS;XIRECS;10670.0;4
13000;;SUBMISSION;OXYGEN_SHAKE_CHOCOLATE;XIRECS;9109.0;4
13000;;SUBMISSION;OXYGEN_SHAKE_GARLIC;XIRECS;11574.0;4
13000;;SUBMISSION;OXYGEN_SHAKE_MINT;XIRECS;9741.0;2
13000;;SUBMISSION;OXYGEN_SHAKE_MORNING_BREATH;XIRECS;9608.0;2
13000;;SUBMISSION;PANEL_2X2;XIRECS;9098.0;4
13000;;SUBMISSION;PANEL_2X4;XIRECS;11304.0;2
13000;;SUBMISSION;PANEL_4X4;XIRECS;10444.0;4
13000;;SUBMISSION;ROBOT_LAUNDRY;XIRECS;9530.0;4
13000;;SUBMISSION;SLEEP_POD_LAMB_WOOL;XIRECS;10843.0;2
13000;;SUBMISSION;SLEEP_POD_POLYESTER;XIRECS;13017.0;4
13000;;SUBMISSION;SLEEP_POD_SUEDE;XIRECS;12084.0;4
13000;;SUBMISSION;SNACKPACK_CHOCOLATE;XIRECS;9880.0;4
13000;;SUBMISSION;SNACKPACK_PISTACHIO;XIRECS;9407.0;4
13000;;SUBMISSION;SNACKPACK_RASPBERRY;XIRECS;10078.0;4
13000;;SUBMISSION;SNACKPACK_STRAWBERRY;XIRECS;10856.0;4
13000;;SUBMISSION;SNACKPACK_VANILLA;XIRECS;10005.0;4
13000;;SUBMISSION;TRANSLATOR_GRAPHITE_MIST;XIRECS;11058.0;4
13000;;SUBMISSION;TRANSLATOR_VOID_BLUE;XIRECS;10798.0;4
13000;;SUBMISSION;UV_VISOR_MAGENTA;XIRECS;11337.0;2
13000;;SUBMISSION;UV_VISOR_ORANGE;XIRECS;10282.0;4
13000;;SUBMISSION;UV_VISOR_RED;XIRECS;11206.0;4
13000;;SUBMISSION;UV_VISOR_YELLOW;XIRECS;12202.0;2
13000;;;OXYGEN_SHAKE_EVENING_BREATH;XIRECS;9386.0;4
13000;;;PANEL_1X2;XIRECS;8875.0;4
13000;;;PANEL_1X4;XIRECS;8829.0;4
13000;;;ROBOT_DISHES;XIRECS;10150.0;4
13000;;;ROBOT_IRONING;XIRECS;7563.0;4
13000;;;ROBOT_MOPPING;XIRECS;12015.0;4
13000;;;ROBOT_VACUUMING;XIRECS;8704.0;4
13000;;;SLEEP_POD_COTTON;XIRECS;12037.0;4
13000;;;SLEEP_POD_NYLON;XIRECS;9827.0;4
13000;;;TRANSLATOR_ASTRO_BLACK;XIRECS;9249.0;4
13000;;;TRANSLATOR_ECLIPSE_CHARCOAL;XIRECS;9644.0;4
13000;;;TRANSLATOR_SPACE_GRAY;XIRECS;10196.0;4
13000;;;UV_VISOR_AMBER;XIRECS;7373.0;4
13200;SUBMISSION;;PANEL_4X4;XIRECS;10438.0;4
13400;SUBMISSION;;OXYGEN_SHAKE_CHOCOLATE;XIRECS;9071.0;4
13900;;SUBMISSION;PANEL_4X4;XIRECS;10439.0;1
13900;;SUBMISSION;ROBOT_DISHES;XIRECS;10189.0;1
13900;;SUBMISSION;ROBOT_IRONING;XIRECS;7580.0;1
13900;;SUBMISSION;ROBOT_VACUUMING;XIRECS;8731.0;1
13900;;SUBMISSION;SLEEP_POD_COTTON;XIRECS;12065.0;1
13900;;SUBMISSION;SNACKPACK_PISTACHIO;XIRECS;9426.0;1
13900;;SUBMISSION;SNACKPACK_RASPBERRY;XIRECS;10075.0;1
13900;;SUBMISSION;SNACKPACK_STRAWBERRY;XIRECS;10875.0;1
13900;;;GALAXY_SOUNDS_BLACK_HOLES;XIRECS;11914.0;1
13900;;;GALAXY_SOUNDS_DARK_MATTER;XIRECS;10957.0;1
13900;;;GALAXY_SOUNDS_PLANETARY_RINGS;XIRECS;11433.0;1
13900;;;GALAXY_SOUNDS_SOLAR_FLAMES;XIRECS;10726.0;1
13900;;;GALAXY_SOUNDS_SOLAR_WINDS;XIRECS;10678.0;1
13900;;;OXYGEN_SHAKE_CHOCOLATE;XIRECS;9062.0;1
13900;;;OXYGEN_SHAKE_EVENING_BREATH;XIRECS;9386.0;1
13900;;;OXYGEN_SHAKE_GARLIC;XIRECS;11562.0;1
13900;;;OXYGEN_SHAKE_MINT;XIRECS;9754.0;1
13900;;;OXYGEN_SHAKE_MORNING_BREATH;XIRECS;9620.0;1
13900;;;PANEL_1X2;XIRECS;8832.0;1
13900;;;PANEL_1X4;XIRECS;8847.0;1
13900;;;PANEL_2X2;XIRECS;9109.0;1
13900;;;PANEL_2X4;XIRECS;11329.0;1
13900;;;ROBOT_LAUNDRY;XIRECS;9488.0;1
13900;;;ROBOT_MOPPING;XIRECS;11980.0;1
13900;;;SLEEP_POD_LAMB_WOOL;XIRECS;10802.0;1
13900;;;SLEEP_POD_NYLON;XIRECS;9778.0;1
13900;;;SLEEP_POD_POLYESTER;XIRECS;13055.0;1
13900;;;SLEEP_POD_SUEDE;XIRECS;12066.0;1
13900;;;SNACKPACK_CHOCOLATE;XIRECS;9886.0;1
13900;;;SNACKPACK_VANILLA;XIRECS;10007.0;1
13900;;;TRANSLATOR_ASTRO_BLACK;XIRECS;9229.0;1
13900;;;TRANSLATOR_ECLIPSE_CHARCOAL;XIRECS;9653.0;1
13900;;;TRANSLATOR_GRAPHITE_MIST;XIRECS;11117.0;1
13900;;;TRANSLATOR_SPACE_GRAY;XIRECS;10178.0;1
13900;;;TRANSLATOR_VOID_BLUE;XIRECS;10813.0;1
13900;;;UV_VISOR_AMBER;XIRECS;7422.0;1
13900;;;UV_VISOR_MAGENTA;XIRECS;11343.0;1
13900;;;UV_VISOR_ORANGE;XIRECS;10304.0;1
13900;;;UV_VISOR_RED;XIRECS;11211.0;1
13900;;;UV_VISOR_YELLOW;XIRECS;12174.0;1
14900;SUBMISSION;;TRANSLATOR_GRAPHITE_MIST;XIRECS;11076.0;4
15000;SUBMISSION;;PEBBLES_XL;XIRECS;12351.0;4
15700;SUBMISSION;;TRANSLATOR_VOID_BLUE;XIRECS;10784.0;4
16000;SUBMISSION;;PEBBLES_L;XIRECS;11050.0;3
16000;SUBMISSION;;PEBBLES_M;XIRECS;11137.0;3
16000;SUBMISSION;;PEBBLES_S;XIRECS;8751.0;3
16000;SUBMISSION;;PEBBLES_XL;XIRECS;12333.0;2
16000;SUBMISSION;;PEBBLES_XS;XIRECS;6716.0;3
17500;SUBMISSION;;SLEEP_POD_POLYESTER;XIRECS;12989.0;4
19600;SUBMISSION;;PANEL_2X2;XIRECS;9064.0;4
20800;;SUBMISSION;PEBBLES_XS;XIRECS;6854.0;3
23300;;SUBMISSION;PANEL_2X2;XIRECS;9010.0;4
23400;SUBMISSION;;GALAXY_SOUNDS_BLACK_HOLES;XIRECS;11968.0;1
23400;SUBMISSION;;GALAXY_SOUNDS_DARK_MATTER;XIRECS;10952.0;1
23400;SUBMISSION;;GALAXY_SOUNDS_PLANETARY_RINGS;XIRECS;11362.0;1
23400;SUBMISSION;;GALAXY_SOUNDS_SOLAR_FLAMES;XIRECS;10681.0;1
23400;SUBMISSION;;GALAXY_SOUNDS_SOLAR_WINDS;XIRECS;10701.0;1
23400;SUBMISSION;;OXYGEN_SHAKE_CHOCOLATE;XIRECS;9083.0;1
23400;SUBMISSION;;OXYGEN_SHAKE_EVENING_BREATH;XIRECS;9419.0;1
23400;SUBMISSION;;OXYGEN_SHAKE_GARLIC;XIRECS;11646.0;1
23400;SUBMISSION;;OXYGEN_SHAKE_MINT;XIRECS;9802.0;1
23400;SUBMISSION;;OXYGEN_SHAKE_MORNING_BREATH;XIRECS;9683.0;1
23400;SUBMISSION;;PANEL_1X2;XIRECS;8872.0;1
23400;SUBMISSION;;PANEL_1X4;XIRECS;8785.0;1
23400;SUBMISSION;;PANEL_2X2;XIRECS;9004.0;1
23400;SUBMISSION;;PANEL_2X4;XIRECS;11298.0;1
23400;SUBMISSION;;PANEL_4X4;XIRECS;10508.0;1
23400;SUBMISSION;;ROBOT_LAUNDRY;XIRECS;9381.0;1
23400;SUBMISSION;;ROBOT_MOPPING;XIRECS;11773.0;1
23400;SUBMISSION;;ROBOT_VACUUMING;XIRECS;8728.0;1
23400;SUBMISSION;;SLEEP_POD_COTTON;XIRECS;12108.0;1
23400;SUBMISSION;;SLEEP_POD_LAMB_WOOL;XIRECS;10823.0;1
23400;SUBMISSION;;SLEEP_POD_NYLON;XIRECS;9696.0;1
23400;SUBMISSION;;SLEEP_POD_POLYESTER;XIRECS;12926.0;1
23400;SUBMISSION;;SLEEP_POD_SUEDE;XIRECS;12173.0;1
23400;SUBMISSION;;SNACKPACK_CHOCOLATE;XIRECS;9894.0;1
23400;SUBMISSION;;SNACKPACK_PISTACHIO;XIRECS;9334.0;1
23400;SUBMISSION;;SNACKPACK_RASPBERRY;XIRECS;10236.0;1
23400;SUBMISSION;;SNACKPACK_STRAWBERRY;XIRECS;10732.0;1
23400;SUBMISSION;;SNACKPACK_VANILLA;XIRECS;9976.0;1
23400;SUBMISSION;;TRANSLATOR_ASTRO_BLACK;XIRECS;9118.0;1
23400;SUBMISSION;;TRANSLATOR_ECLIPSE_CHARCOAL;XIRECS;9715.0;1
23400;SUBMISSION;;TRANSLATOR_SPACE_GRAY;XIRECS;10197.0;1
23400;SUBMISSION;;UV_VISOR_AMBER;XIRECS;7241.0;1
23400;SUBMISSION;;UV_VISOR_MAGENTA;XIRECS;11210.0;1
23400;SUBMISSION;;UV_VISOR_ORANGE;XIRECS;10198.0;1
23400;SUBMISSION;;UV_VISOR_RED;XIRECS;11274.0;1
23400;SUBMISSION;;UV_VISOR_YELLOW;XIRECS;12181.0;1
23400;;;ROBOT_DISHES;XIRECS;10372.0;1
23400;;;ROBOT_IRONING;XIRECS;7617.0;1
23400;;;TRANSLATOR_GRAPHITE_MIST;XIRECS;11127.0;1
23400;;;TRANSLATOR_VOID_BLUE;XIRECS;10796.0;1
23700;SUBMISSION;;GALAXY_SOUNDS_BLACK_HOLES;XIRECS;11981.0;1
23700;SUBMISSION;;GALAXY_SOUNDS_DARK_MATTER;XIRECS;10969.0;1
23700;SUBMISSION;;GALAXY_SOUNDS_PLANETARY_RINGS;XIRECS;11368.0;1
23700;SUBMISSION;;GALAXY_SOUNDS_SOLAR_FLAMES;XIRECS;10709.0;1
23700;SUBMISSION;;GALAXY_SOUNDS_SOLAR_WINDS;XIRECS;10700.0;1
23700;SUBMISSION;;OXYGEN_SHAKE_CHOCOLATE;XIRECS;9093.0;1
23700;SUBMISSION;;OXYGEN_SHAKE_EVENING_BREATH;XIRECS;9417.0;1
23700;SUBMISSION;;OXYGEN_SHAKE_GARLIC;XIRECS;11662.0;1
23700;SUBMISSION;;OXYGEN_SHAKE_MINT;XIRECS;9806.0;1
23700;SUBMISSION;;OXYGEN_SHAKE_MORNING_BREATH;XIRECS;9675.0;1
23700;SUBMISSION;;PANEL_1X2;XIRECS;8865.0;1
23700;SUBMISSION;;PANEL_1X4;XIRECS;8783.0;1
23700;SUBMISSION;;PANEL_2X4;XIRECS;11253.0;1
23700;SUBMISSION;;PANEL_4X4;XIRECS;10478.0;1
23700;SUBMISSION;;ROBOT_LAUNDRY;XIRECS;9385.0;1
23700;SUBMISSION;;ROBOT_VACUUMING;XIRECS;8705.0;1
23700;SUBMISSION;;SLEEP_POD_COTTON;XIRECS;12117.0;1
23700;SUBMISSION;;SLEEP_POD_LAMB_WOOL;XIRECS;10816.0;1
23700;SUBMISSION;;SLEEP_POD_NYLON;XIRECS;9689.0;1
23700;SUBMISSION;;SLEEP_POD_SUEDE;XIRECS;12154.0;1
23700;SUBMISSION;;SNACKPACK_CHOCOLATE;XIRECS;9905.0;1
23700;SUBMISSION;;SNACKPACK_PISTACHIO;XIRECS;9322.0;1
23700;SUBMISSION;;SNACKPACK_RASPBERRY;XIRECS;10250.0;1
23700;SUBMISSION;;SNACKPACK_STRAWBERRY;XIRECS;10710.0;1
23700;SUBMISSION;;SNACKPACK_VANILLA;XIRECS;9966.0;1
23700;SUBMISSION;;TRANSLATOR_ASTRO_BLACK;XIRECS;9113.0;1
23700;SUBMISSION;;TRANSLATOR_ECLIPSE_CHARCOAL;XIRECS;9699.0;1
23700;SUBMISSION;;TRANSLATOR_VOID_BLUE;XIRECS;10788.0;1
23700;SUBMISSION;;UV_VISOR_AMBER;XIRECS;7244.0;1
23700;SUBMISSION;;UV_VISOR_MAGENTA;XIRECS;11191.0;1
23700;SUBMISSION;;UV_VISOR_ORANGE;XIRECS;10176.0;1
23700;SUBMISSION;;UV_VISOR_RED;XIRECS;11278.0;1
23700;SUBMISSION;;UV_VISOR_YELLOW;XIRECS;12182.0;1
23700;;;PANEL_2X2;XIRECS;9023.0;1
23700;;;ROBOT_DISHES;XIRECS;10379.0;1
23700;;;ROBOT_IRONING;XIRECS;7627.0;1
23700;;;ROBOT_MOPPING;XIRECS;11737.0;1
23700;;;SLEEP_POD_POLYESTER;XIRECS;12934.0;1
23700;;;TRANSLATOR_GRAPHITE_MIST;XIRECS;11145.0;1
23700;;;TRANSLATOR_SPACE_GRAY;XIRECS;10196.0;1
24000;SUBMISSION;;MICROCHIP_CIRCLE;XIRECS;8620.0;1
24000;SUBMISSION;;MICROCHIP_RECTANGLE;XIRECS;7984.0;1
24000;SUBMISSION;;MICROCHIP_SQUARE;XIRECS;15746.0;1
24000;;;MICROCHIP_OVAL;XIRECS;7324.0;1
24000;;;MICROCHIP_TRIANGLE;XIRECS;9081.0;1
24700;;SUBMISSION;MICROCHIP_CIRCLE;XIRECS;8612.0;2
24700;;SUBMISSION;MICROCHIP_RECTANGLE;XIRECS;8004.0;2
24700;;SUBMISSION;MICROCHIP_SQUARE;XIRECS;15826.0;2
24700;;SUBMISSION;MICROCHIP_TRIANGLE;XIRECS;9106.0;3
24700;;;MICROCHIP_OVAL;XIRECS;7293.0;3
24800;;SUBMISSION;UV_VISOR_AMBER;XIRECS;7254.0;2
26000;SUBMISSION;;PEBBLES_XS;XIRECS;6820.0;4
26000;;;PEBBLES_L;XIRECS;10940.0;5
26000;;;PEBBLES_M;XIRECS;11116.0;5
26000;;;PEBBLES_S;XIRECS;8512.0;5
26000;;;PEBBLES_XL;XIRECS;12584.0;5
26200;SUBMISSION;;MICROCHIP_CIRCLE;XIRECS;8583.0;2
26200;SUBMISSION;;MICROCHIP_OVAL;XIRECS;7291.0;2
26200;SUBMISSION;;MICROCHIP_RECTANGLE;XIRECS;8000.0;2
26200;SUBMISSION;;MICROCHIP_SQUARE;XIRECS;15665.0;2
26200;SUBMISSION;;MICROCHIP_TRIANGLE;XIRECS;9159.0;2
26600;SUBMISSION;;MICROCHIP_CIRCLE;XIRECS;8562.0;1
26600;SUBMISSION;;MICROCHIP_RECTANGLE;XIRECS;7977.0;1
26600;SUBMISSION;;MICROCHIP_SQUARE;XIRECS;15668.0;1
26600;SUBMISSION;;MICROCHIP_TRIANGLE;XIRECS;9150.0;1
26600;;;MICROCHIP_OVAL;XIRECS;7335.0;1
27500;;SUBMISSION;PANEL_1X2;XIRECS;8899.0;2
27500;;SUBMISSION;PANEL_1X4;XIRECS;8768.0;2
28400;SUBMISSION;;PEBBLES_L;XIRECS;10860.0;3
28400;;;PEBBLES_M;XIRECS;11113.0;3
28400;;;PEBBLES_S;XIRECS;8604.0;3
28400;;;PEBBLES_XL;XIRECS;12470.0;3
28400;;;PEBBLES_XS;XIRECS;6923.0;3
29200;;;PEBBLES_L;XIRECS;10800.0;2
29200;;;PEBBLES_M;XIRECS;11174.0;2
29200;;;PEBBLES_S;XIRECS;8674.0;2
29200;;;PEBBLES_XL;XIRECS;12312.0;2
29200;;;PEBBLES_XS;XIRECS;7006.0;2
29700;SUBMISSION;;MICROCHIP_TRIANGLE;XIRECS;9105.0;1
29700;;SUBMISSION;PEBBLES_L;XIRECS;10787.0;4
29700;;SUBMISSION;PEBBLES_XS;XIRECS;6987.0;4
29700;;;MICROCHIP_CIRCLE;XIRECS;8545.0;3
29700;;;MICROCHIP_OVAL;XIRECS;7390.0;3
29700;;;MICROCHIP_RECTANGLE;XIRECS;7939.0;3
29700;;;MICROCHIP_SQUARE;XIRECS;15675.0;3
30000;;SUBMISSION;MICROCHIP_OVAL;XIRECS;7378.0;3
30100;SUBMISSION;;PEBBLES_L;XIRECS;10777.0;4
30100;SUBMISSION;;PEBBLES_XS;XIRECS;6949.0;4
30100;;;PEBBLES_M;XIRECS;11166.0;4
30100;;;PEBBLES_S;XIRECS;8651.0;4
30100;;;PEBBLES_XL;XIRECS;12428.0;4
30300;;SUBMISSION;PEBBLES_L;XIRECS;10785.0;4
30300;;SUBMISSION;PEBBLES_M;XIRECS;11140.0;3
30300;;SUBMISSION;PEBBLES_S;XIRECS;8671.0;3
30300;;SUBMISSION;PEBBLES_XL;XIRECS;12442.0;4
30300;;SUBMISSION;PEBBLES_XS;XIRECS;6959.0;4
30400;;SUBMISSION;GALAXY_SOUNDS_BLACK_HOLES;XIRECS;11966.0;1
30400;;SUBMISSION;GALAXY_SOUNDS_DARK_MATTER;XIRECS;10966.0;1
30400;;SUBMISSION;GALAXY_SOUNDS_PLANETARY_RINGS;XIRECS;11414.0;1
30400;;SUBMISSION;GALAXY_SOUNDS_SOLAR_WINDS;XIRECS;10540.0;1
30400;;SUBMISSION;OXYGEN_SHAKE_EVENING_BREATH;XIRECS;9430.0;1
30400;;SUBMISSION;OXYGEN_SHAKE_GARLIC;XIRECS;11649.0;1
30400;;SUBMISSION;OXYGEN_SHAKE_MINT;XIRECS;9649.0;1
30400;;SUBMISSION;OXYGEN_SHAKE_MORNING_BREATH;XIRECS;9658.0;1
30400;;SUBMISSION;PANEL_2X2;XIRECS;9062.0;1
30400;;SUBMISSION;PANEL_2X4;XIRECS;11079.0;1
30400;;SUBMISSION;PANEL_4X4;XIRECS;10553.0;1
30400;;SUBMISSION;ROBOT_DISHES;XIRECS;10486.0;1
30400;;SUBMISSION;ROBOT_LAUNDRY;XIRECS;9356.0;1
30400;;SUBMISSION;ROBOT_MOPPING;XIRECS;11782.0;1
30400;;SUBMISSION;ROBOT_VACUUMING;XIRECS;8697.0;1
30400;;SUBMISSION;SLEEP_POD_COTTON;XIRECS;12218.0;1
30400;;SUBMISSION;SLEEP_POD_LAMB_WOOL;XIRECS;10772.0;1
30400;;SUBMISSION;SLEEP_POD_NYLON;XIRECS;9690.0;1
30400;;SUBMISSION;SLEEP_POD_POLYESTER;XIRECS;12857.0;1
30400;;SUBMISSION;SNACKPACK_CHOCOLATE;XIRECS;9936.0;1
30400;;SUBMISSION;SNACKPACK_PISTACHIO;XIRECS;9327.0;1
30400;;SUBMISSION;SNACKPACK_RASPBERRY;XIRECS;10264.0;1
30400;;SUBMISSION;SNACKPACK_STRAWBERRY;XIRECS;10715.0;1
30400;;SUBMISSION;SNACKPACK_VANILLA;XIRECS;9945.0;1
30400;;SUBMISSION;TRANSLATOR_ASTRO_BLACK;XIRECS;9166.0;1
30400;;SUBMISSION;TRANSLATOR_ECLIPSE_CHARCOAL;XIRECS;9548.0;1
30400;;SUBMISSION;TRANSLATOR_GRAPHITE_MIST;XIRECS;11185.0;1
30400;;SUBMISSION;TRANSLATOR_SPACE_GRAY;XIRECS;10174.0;1
30400;;SUBMISSION;TRANSLATOR_VOID_BLUE;XIRECS;10816.0;1
30400;;SUBMISSION;UV_VISOR_MAGENTA;XIRECS;11070.0;1
30400;;SUBMISSION;UV_VISOR_ORANGE;XIRECS;10289.0;1
30400;;SUBMISSION;UV_VISOR_YELLOW;XIRECS;12102.0;1
30400;;;GALAXY_SOUNDS_SOLAR_FLAMES;XIRECS;10708.0;1
30400;;;OXYGEN_SHAKE_CHOCOLATE;XIRECS;9083.0;1
30400;;;PANEL_1X2;XIRECS;8813.0;1
30400;;;PANEL_1X4;XIRECS;8703.0;1
30400;;;ROBOT_IRONING;XIRECS;7643.0;1
30400;;;SLEEP_POD_SUEDE;XIRECS;12290.0;1
30400;;;UV_VISOR_AMBER;XIRECS;7222.0;1
30400;;;UV_VISOR_RED;XIRECS;11211.0;1
31000;;SUBMISSION;MICROCHIP_RECTANGLE;XIRECS;7968.0;2
31200;;SUBMISSION;OXYGEN_SHAKE_CHOCOLATE;XIRECS;9112.0;4
31400;SUBMISSION;;GALAXY_SOUNDS_SOLAR_FLAMES;XIRECS;10684.0;3
31400;SUBMISSION;;OXYGEN_SHAKE_GARLIC;XIRECS;11654.0;3
31400;SUBMISSION;;PANEL_1X2;XIRECS;8759.0;3
31400;SUBMISSION;;PANEL_1X4;XIRECS;8661.0;3
31400;SUBMISSION;;PEBBLES_XL;XIRECS;12298.0;3
31400;SUBMISSION;;SNACKPACK_VANILLA;XIRECS;9926.0;3
31400;SUBMISSION;;TRANSLATOR_GRAPHITE_MIST;XIRECS;11174.0;2
31400;SUBMISSION;;UV_VISOR_ORANGE;XIRECS;10248.0;3
31400;SUBMISSION;;UV_VISOR_RED;XIRECS;11194.0;3
31500;;SUBMISSION;PEBBLES_L;XIRECS;10731.0;2
31500;;SUBMISSION;PEBBLES_XL;XIRECS;12302.0;4
31500;;;PEBBLES_M;XIRECS;11219.0;4
31500;;;PEBBLES_S;XIRECS;8751.0;4
31500;;;PEBBLES_XS;XIRECS;7025.0;4
32000;SUBMISSION;;MICROCHIP_OVAL;XIRECS;7407.0;2
32000;;;MICROCHIP_CIRCLE;XIRECS;8581.0;2
32000;;;MICROCHIP_RECTANGLE;XIRECS;8032.0;2
32000;;;MICROCHIP_SQUARE;XIRECS;15707.0;2
32000;;;MICROCHIP_TRIANGLE;XIRECS;9164.0;2
32400;SUBMISSION;;GALAXY_SOUNDS_BLACK_HOLES;XIRECS;11867.0;4
32400;SUBMISSION;;GALAXY_SOUNDS_DARK_MATTER;XIRECS;11020.0;4
32400;SUBMISSION;;GALAXY_SOUNDS_PLANETARY_RINGS;XIRECS;11444.0;4
32400;SUBMISSION;;GALAXY_SOUNDS_SOLAR_WINDS;XIRECS;10624.0;4
32400;SUBMISSION;;OXYGEN_SHAKE_CHOCOLATE;XIRECS;9139.0;4
32400;SUBMISSION;;OXYGEN_SHAKE_EVENING_BREATH;XIRECS;9369.0;4
32400;SUBMISSION;;OXYGEN_SHAKE_GARLIC;XIRECS;11678.0;1
32400;SUBMISSION;;OXYGEN_SHAKE_MINT;XIRECS;9729.0;4
32400;SUBMISSION;;OXYGEN_SHAKE_MORNING_BREATH;XIRECS;9690.0;4
32400;SUBMISSION;;PANEL_2X2;XIRECS;9061.0;4
32400;SUBMISSION;;PANEL_2X4;XIRECS;11041.0;4
32400;SUBMISSION;;PANEL_4X4;XIRECS;10555.0;1
32400;SUBMISSION;;ROBOT_MOPPING;XIRECS;11712.0;4
32400;SUBMISSION;;ROBOT_VACUUMING;XIRECS;8666.0;1
32400;SUBMISSION;;SLEEP_POD_COTTON;XIRECS;12159.0;1
32400;SUBMISSION;;SLEEP_POD_POLYESTER;XIRECS;12866.0;1
32400;SUBMISSION;;SLEEP_POD_SUEDE;XIRECS;12279.0;3
32400;SUBMISSION;;SNACKPACK_CHOCOLATE;XIRECS;9942.0;4
32400;SUBMISSION;;SNACKPACK_PISTACHIO;XIRECS;9317.0;4
32400;SUBMISSION;;SNACKPACK_RASPBERRY;XIRECS;10256.0;4
32400;SUBMISSION;;SNACKPACK_STRAWBERRY;XIRECS;10699.0;4
32400;SUBMISSION;;SNACKPACK_VANILLA;XIRECS;9916.0;4
32400;SUBMISSION;;TRANSLATOR_ASTRO_BLACK;XIRECS;9199.0;3
32400;SUBMISSION;;TRANSLATOR_ECLIPSE_CHARCOAL;XIRECS;9529.0;3
32400;SUBMISSION;;TRANSLATOR_SPACE_GRAY;XIRECS;10164.0;4
32400;SUBMISSION;;TRANSLATOR_VOID_BLUE;XIRECS;10851.0;1
32400;SUBMISSION;;UV_VISOR_AMBER;XIRECS;7204.0;4
32400;SUBMISSION;;UV_VISOR_MAGENTA;XIRECS;11146.0;4
32400;SUBMISSION;;UV_VISOR_ORANGE;XIRECS;10261.0;1
32400;SUBMISSION;;UV_VISOR_YELLOW;XIRECS;12085.0;4
32400;;;GALAXY_SOUNDS_SOLAR_FLAMES;XIRECS;10666.0;4
32400;;;PANEL_1X2;XIRECS;8774.0;4
32400;;;PANEL_1X4;XIRECS;8653.0;4
32400;;;ROBOT_DISHES;XIRECS;10532.0;4
32400;;;ROBOT_IRONING;XIRECS;7657.0;4
32400;;;ROBOT_LAUNDRY;XIRECS;9318.0;4
32400;;;SLEEP_POD_LAMB_WOOL;XIRECS;10802.0;4
32400;;;SLEEP_POD_NYLON;XIRECS;9723.0;4
32400;;;TRANSLATOR_GRAPHITE_MIST;XIRECS;11131.0;4
32400;;;UV_VISOR_RED;XIRECS;11186.0;4
32900;;SUBMISSION;OXYGEN_SHAKE_MINT;XIRECS;9742.0;4
32900;;SUBMISSION;OXYGEN_SHAKE_MORNING_BREATH;XIRECS;9675.0;4
32900;;SUBMISSION;PANEL_2X2;XIRECS;9072.0;4
32900;;SUBMISSION;SNACKPACK_VANILLA;XIRECS;9944.0;4
32900;;SUBMISSION;TRANSLATOR_SPACE_GRAY;XIRECS;10175.0;4
32900;;SUBMISSION;UV_VISOR_MAGENTA;XIRECS;11136.0;4
33100;;SUBMISSION;ROBOT_MOPPING;XIRECS;11726.0;4
35200;;SUBMISSION;GALAXY_SOUNDS_SOLAR_WINDS;XIRECS;10639.0;4
35200;;SUBMISSION;UV_VISOR_AMBER;XIRECS;7149.0;4
35200;;SUBMISSION;UV_VISOR_YELLOW;XIRECS;12133.0;4
36400;SUBMISSION;;GALAXY_SOUNDS_SOLAR_WINDS;XIRECS;10669.0;3
36400;SUBMISSION;;OXYGEN_SHAKE_CHOCOLATE;XIRECS;9128.0;3
36400;SUBMISSION;;OXYGEN_SHAKE_MINT;XIRECS;9678.0;3
36400;SUBMISSION;;OXYGEN_SHAKE_MORNING_BREATH;XIRECS;9663.0;3
36400;SUBMISSION;;PANEL_2X2;XIRECS;9056.0;3
36400;SUBMISSION;;ROBOT_DISHES;XIRECS;10519.0;3
36400;SUBMISSION;;ROBOT_LAUNDRY;XIRECS;9201.0;3
36400;SUBMISSION;;ROBOT_MOPPING;XIRECS;11668.0;3
36400;SUBMISSION;;SLEEP_POD_NYLON;XIRECS;9669.0;1
36400;SUBMISSION;;SNACKPACK_CHOCOLATE;XIRECS;9842.0;3
36400;SUBMISSION;;SNACKPACK_RASPBERRY;XIRECS;10254.0;3
36400;SUBMISSION;;SNACKPACK_STRAWBERRY;XIRECS;10706.0;3
36400;SUBMISSION;;TRANSLATOR_SPACE_GRAY;XIRECS;10224.0;3
36400;SUBMISSION;;UV_VISOR_AMBER;XIRECS;7127.0;3
36400;SUBMISSION;;UV_VISOR_MAGENTA;XIRECS;11210.0;3
36400;SUBMISSION;;UV_VISOR_YELLOW;XIRECS;12092.0;3
36400;;;GALAXY_SOUNDS_BLACK_HOLES;XIRECS;11869.0;3
36400;;;GALAXY_SOUNDS_DARK_MATTER;XIRECS;10926.0;3
36400;;;GALAXY_SOUNDS_PLANETARY_RINGS;XIRECS;11394.0;3
36400;;;GALAXY_SOUNDS_SOLAR_FLAMES;XIRECS;10606.0;3
36400;;;OXYGEN_SHAKE_EVENING_BREATH;XIRECS;9334.0;3
36400;;;OXYGEN_SHAKE_GARLIC;XIRECS;11715.0;3
36400;;;PANEL_1X2;XIRECS;8753.0;3
36400;;;PANEL_1X4;XIRECS;8589.0;3
36400;;;PANEL_2X4;XIRECS;10924.0;3
36400;;;PANEL_4X4;XIRECS;10601.0;3
36400;;;ROBOT_IRONING;XIRECS;7737.0;3
36400;;;ROBOT_VACUUMING;XIRECS;8697.0;3
36400;;;SLEEP_POD_COTTON;XIRECS;12269.0;3
36400;;;SLEEP_POD_LAMB_WOOL;XIRECS;10869.0;3
36400;;;SLEEP_POD_POLYESTER;XIRECS;12818.0;3
36400;;;SLEEP_POD_SUEDE;XIRECS;12291.0;3
36400;;;SNACKPACK_PISTACHIO;XIRECS;9318.0;3
36400;;;SNACKPACK_VANILLA;XIRECS;10020.0;3
36400;;;TRANSLATOR_ASTRO_BLACK;XIRECS;9270.0;3
36400;;;TRANSLATOR_ECLIPSE_CHARCOAL;XIRECS;9517.0;3
36400;;;TRANSLATOR_GRAPHITE_MIST;XIRECS;11153.0;3
36400;;;TRANSLATOR_VOID_BLUE;XIRECS;10793.0;3
36400;;;UV_VISOR_ORANGE;XIRECS;10325.0;3
36400;;;UV_VISOR_RED;XIRECS;11286.0;3
37200;;SUBMISSION;PANEL_1X4;XIRECS;8634.0;3
37500;;SUBMISSION;GALAXY_SOUNDS_BLACK_HOLES;XIRECS;11843.0;2
37500;;SUBMISSION;GALAXY_SOUNDS_DARK_MATTER;XIRECS;10961.0;2
37500;;SUBMISSION;GALAXY_SOUNDS_PLANETARY_RINGS;XIRECS;11407.0;2
37500;;SUBMISSION;GALAXY_SOUNDS_SOLAR_WINDS;XIRECS;10667.0;2
37500;;SUBMISSION;OXYGEN_SHAKE_CHOCOLATE;XIRECS;9115.0;2
37500;;SUBMISSION;OXYGEN_SHAKE_EVENING_BREATH;XIRECS;9370.0;2
37500;;SUBMISSION;PANEL_1X2;XIRECS;8733.0;2
37500;;SUBMISSION;PANEL_2X2;XIRECS;9050.0;2
37500;;SUBMISSION;PANEL_2X4;XIRECS;10955.0;2
37500;;SUBMISSION;SNACKPACK_CHOCOLATE;XIRECS;9820.0;2
37500;;SUBMISSION;SNACKPACK_STRAWBERRY;XIRECS;10729.0;2
37500;;SUBMISSION;SNACKPACK_VANILLA;XIRECS;10058.0;2
37500;;SUBMISSION;UV_VISOR_MAGENTA;XIRECS;11223.0;2
37500;;SUBMISSION;UV_VISOR_ORANGE;XIRECS;10377.0;2
37500;;SUBMISSION;UV_VISOR_YELLOW;XIRECS;12102.0;2
38500;;SUBMISSION;ROBOT_VACUUMING;XIRECS;8763.0;4
39700;;SUBMISSION;ROBOT_DISHES;XIRECS;10549.0;4
39700;SUBMISSION;;ROBOT_VACUUMING;XIRECS;8778.0;4
39800;SUBMISSION;;PEBBLES_L;XIRECS;10801.0;4
39800;SUBMISSION;;PEBBLES_M;XIRECS;11179.0;4
39800;SUBMISSION;;PEBBLES_S;XIRECS;8788.0;4
39800;SUBMISSION;;PEBBLES_XL;XIRECS;12229.0;4
39800;SUBMISSION;;PEBBLES_XS;XIRECS;6997.0;4
40300;;SUBMISSION;MICROCHIP_CIRCLE;XIRECS;8607.0;2
40300;;SUBMISSION;PEBBLES_L;XIRECS;10756.0;2
40300;;SUBMISSION;PEBBLES_M;XIRECS;11157.0;2
40300;;SUBMISSION;PEBBLES_S;XIRECS;8779.0;2
40300;;SUBMISSION;PEBBLES_XL;XIRECS;12291.0;2
40300;;SUBMISSION;PEBBLES_XS;XIRECS;7017.0;2
40600;SUBMISSION;;GALAXY_SOUNDS_DARK_MATTER;XIRECS;10896.0;4
40600;SUBMISSION;;GALAXY_SOUNDS_SOLAR_WINDS;XIRECS;10560.0;4
40600;SUBMISSION;;PANEL_1X2;XIRECS;8713.0;4
40600;SUBMISSION;;PANEL_1X4;XIRECS;8593.0;4
40600;SUBMISSION;;ROBOT_DISHES;XIRECS;10569.0;4
40600;SUBMISSION;;SLEEP_POD_LAMB_WOOL;XIRECS;10749.0;4
40600;SUBMISSION;;SNACKPACK_CHOCOLATE;XIRECS;9831.0;4
40600;SUBMISSION;;SNACKPACK_VANILLA;XIRECS;10038.0;4
40600;SUBMISSION;;UV_VISOR_MAGENTA;XIRECS;11183.0;4
40600;SUBMISSION;;UV_VISOR_ORANGE;XIRECS;10365.0;2
40600;SUBMISSION;;UV_VISOR_YELLOW;XIRECS;12109.0;4
40600;;;GALAXY_SOUNDS_BLACK_HOLES;XIRECS;11895.0;4
40600;;;GALAXY_SOUNDS_PLANETARY_RINGS;XIRECS;11436.0;4
40600;;;GALAXY_SOUNDS_SOLAR_FLAMES;XIRECS;10531.0;4
40600;;;OXYGEN_SHAKE_CHOCOLATE;XIRECS;9144.0;4
40600;;;OXYGEN_SHAKE_EVENING_BREATH;XIRECS;9334.0;4
40600;;;OXYGEN_SHAKE_GARLIC;XIRECS;11808.0;4
40600;;;OXYGEN_SHAKE_MINT;XIRECS;9684.0;4
40600;;;OXYGEN_SHAKE_MORNING_BREATH;XIRECS;9636.0;4
40600;;;PANEL_2X2;XIRECS;9064.0;4
40600;;;PANEL_2X4;XIRECS;10953.0;4
40600;;;PANEL_4X4;XIRECS;10618.0;4
40600;;;ROBOT_IRONING;XIRECS;7827.0;4
40600;;;ROBOT_LAUNDRY;XIRECS;9171.0;4
40600;;;ROBOT_MOPPING;XIRECS;11734.0;4
40600;;;ROBOT_VACUUMING;XIRECS;8767.0;4
40600;;;SLEEP_POD_COTTON;XIRECS;12402.0;4
40600;;;SLEEP_POD_NYLON;XIRECS;9727.0;4
40600;;;SLEEP_POD_POLYESTER;XIRECS;12786.0;4
40600;;;SLEEP_POD_SUEDE;XIRECS;12221.0;4
40600;;;SNACKPACK_PISTACHIO;XIRECS;9350.0;4
40600;;;SNACKPACK_RASPBERRY;XIRECS;10184.0;4
40600;;;SNACKPACK_STRAWBERRY;XIRECS;10766.0;4
40600;;;TRANSLATOR_ASTRO_BLACK;XIRECS;9308.0;4
40600;;;TRANSLATOR_ECLIPSE_CHARCOAL;XIRECS;9563.0;4
40600;;;TRANSLATOR_GRAPHITE_MIST;XIRECS;11253.0;4
40600;;;TRANSLATOR_SPACE_GRAY;XIRECS;10175.0;4
40600;;;TRANSLATOR_VOID_BLUE;XIRECS;10718.0;4
40600;;;UV_VISOR_AMBER;XIRECS;7036.0;4
40600;;;UV_VISOR_RED;XIRECS;11321.0;4
40700;;SUBMISSION;PANEL_1X4;XIRECS;8592.0;4
42100;;SUBMISSION;GALAXY_SOUNDS_DARK_MATTER;XIRECS;10905.0;3
42100;;SUBMISSION;GALAXY_SOUNDS_DARK_MATTER;XIRECS;10899.0;1
42100;;SUBMISSION;GALAXY_SOUNDS_SOLAR_WINDS;XIRECS;10522.0;3
42100;;SUBMISSION;OXYGEN_SHAKE_MINT;XIRECS;9767.0;3
42100;;SUBMISSION;OXYGEN_SHAKE_MORNING_BREATH;XIRECS;9675.0;3
42100;;SUBMISSION;PANEL_1X2;XIRECS;8725.0;3
42100;;SUBMISSION;PANEL_2X4;XIRECS;11001.0;3
42100;;SUBMISSION;SLEEP_POD_LAMB_WOOL;XIRECS;10741.0;3
42100;;SUBMISSION;SNACKPACK_CHOCOLATE;XIRECS;9822.0;3
42100;;SUBMISSION;SNACKPACK_RASPBERRY;XIRECS;10208.0;3
42100;;SUBMISSION;SNACKPACK_VANILLA;XIRECS;10064.0;3
42100;;SUBMISSION;UV_VISOR_MAGENTA;XIRECS;11199.0;3
42100;;SUBMISSION;UV_VISOR_YELLOW;XIRECS;12150.0;3
42200;;SUBMISSION;GALAXY_SOUNDS_BLACK_HOLES;XIRECS;11875.0;3
42200;;SUBMISSION;GALAXY_SOUNDS_DARK_MATTER;XIRECS;10886.0;3
42200;;SUBMISSION;GALAXY_SOUNDS_PLANETARY_RINGS;XIRECS;11391.0;3
42200;;SUBMISSION;GALAXY_SOUNDS_SOLAR_FLAMES;XIRECS;10480.0;4
42200;;SUBMISSION;GALAXY_SOUNDS_SOLAR_WINDS;XIRECS;10532.0;3
42200;;SUBMISSION;OXYGEN_SHAKE_CHOCOLATE;XIRECS;9152.0;4
42200;;SUBMISSION;OXYGEN_SHAKE_EVENING_BREATH;XIRECS;9322.0;3
42200;;SUBMISSION;OXYGEN_SHAKE_GARLIC;XIRECS;11805.0;4
42200;;SUBMISSION;OXYGEN_SHAKE_MINT;XIRECS;9749.0;1
42200;;SUBMISSION;OXYGEN_SHAKE_MORNING_BREATH;XIRECS;9672.0;1
42200;;SUBMISSION;PANEL_1X2;XIRECS;8729.0;2
42200;;SUBMISSION;PANEL_2X2;XIRECS;9078.0;1
42200;;SUBMISSION;PANEL_4X4;XIRECS;10592.0;4
42200;;SUBMISSION;ROBOT_DISHES;XIRECS;10519.0;4
42200;;SUBMISSION;ROBOT_IRONING;XIRECS;7842.0;4
42200;;SUBMISSION;ROBOT_LAUNDRY;XIRECS;9166.0;4
42200;;SUBMISSION;ROBOT_MOPPING;XIRECS;11709.0;3
42200;;SUBMISSION;ROBOT_VACUUMING;XIRECS;8766.0;4
42200;;SUBMISSION;SLEEP_POD_COTTON;XIRECS;12460.0;4
42200;;SUBMISSION;SLEEP_POD_LAMB_WOOL;XIRECS;10754.0;2
42200;;SUBMISSION;SLEEP_POD_NYLON;XIRECS;9709.0;4
42200;;SUBMISSION;SLEEP_POD_POLYESTER;XIRECS;12883.0;4
42200;;SUBMISSION;SLEEP_POD_SUEDE;XIRECS;12210.0;4
42200;;SUBMISSION;SNACKPACK_CHOCOLATE;XIRECS;9834.0;4
42200;;SUBMISSION;SNACKPACK_PISTACHIO;XIRECS;9337.0;4
42200;;SUBMISSION;SNACKPACK_RASPBERRY;XIRECS;10208.0;4
42200;;SUBMISSION;SNACKPACK_STRAWBERRY;XIRECS;10756.0;4
42200;;SUBMISSION;SNACKPACK_VANILLA;XIRECS;10055.0;4
42200;;SUBMISSION;TRANSLATOR_ASTRO_BLACK;XIRECS;9378.0;4
42200;;SUBMISSION;TRANSLATOR_ECLIPSE_CHARCOAL;XIRECS;9572.0;4
42200;;SUBMISSION;TRANSLATOR_GRAPHITE_MIST;XIRECS;11341.0;4
42200;;SUBMISSION;TRANSLATOR_SPACE_GRAY;XIRECS;10177.0;3
42200;;SUBMISSION;TRANSLATOR_VOID_BLUE;XIRECS;10740.0;4
42200;;SUBMISSION;UV_VISOR_AMBER;XIRECS;7015.0;3
42200;;SUBMISSION;UV_VISOR_MAGENTA;XIRECS;11188.0;3
42200;;SUBMISSION;UV_VISOR_ORANGE;XIRECS;10305.0;4
42200;;SUBMISSION;UV_VISOR_RED;XIRECS;11365.0;4
42200;;SUBMISSION;UV_VISOR_YELLOW;XIRECS;12168.0;3
42200;;;PANEL_1X4;XIRECS;8612.0;4
42200;;;PANEL_2X4;XIRECS;10993.0;4
42300;SUBMISSION;;GALAXY_SOUNDS_BLACK_HOLES;XIRECS;11854.0;1
42300;SUBMISSION;;GALAXY_SOUNDS_DARK_MATTER;XIRECS;10886.0;1
42300;SUBMISSION;;GALAXY_SOUNDS_PLANETARY_RINGS;XIRECS;11372.0;1
42300;SUBMISSION;;GALAXY_SOUNDS_SOLAR_FLAMES;XIRECS;10482.0;1
42300;SUBMISSION;;GALAXY_SOUNDS_SOLAR_WINDS;XIRECS;10527.0;1
42300;SUBMISSION;;OXYGEN_SHAKE_CHOCOLATE;XIRECS;9146.0;1
42300;SUBMISSION;;OXYGEN_SHAKE_EVENING_BREATH;XIRECS;9311.0;1
42300;SUBMISSION;;OXYGEN_SHAKE_GARLIC;XIRECS;11811.0;1
42300;SUBMISSION;;OXYGEN_SHAKE_MINT;XIRECS;9747.0;1
42300;SUBMISSION;;OXYGEN_SHAKE_MORNING_BREATH;XIRECS;9666.0;1
42300;SUBMISSION;;PANEL_1X2;XIRECS;8727.0;1
42300;SUBMISSION;;PANEL_1X4;XIRECS;8621.0;1
42300;SUBMISSION;;PANEL_2X2;XIRECS;9082.0;1
42300;SUBMISSION;;PANEL_2X4;XIRECS;10971.0;1
42300;SUBMISSION;;PANEL_4X4;XIRECS;10589.0;1
42300;SUBMISSION;;ROBOT_DISHES;XIRECS;10523.0;1
42300;SUBMISSION;;ROBOT_IRONING;XIRECS;7833.0;4
42300;SUBMISSION;;ROBOT_LAUNDRY;XIRECS;9147.0;1
42300;SUBMISSION;;ROBOT_MOPPING;XIRECS;11710.0;1
42300;SUBMISSION;;ROBOT_VACUUMING;XIRECS;8769.0;4
42300;SUBMISSION;;SLEEP_POD_COTTON;XIRECS;12436.0;1
42300;SUBMISSION;;SLEEP_POD_LAMB_WOOL;XIRECS;10755.0;1
42300;SUBMISSION;;SLEEP_POD_NYLON;XIRECS;9719.0;1
42300;SUBMISSION;;SLEEP_POD_POLYESTER;XIRECS;12874.0;1
42300;SUBMISSION;;SLEEP_POD_SUEDE;XIRECS;12200.0;1
42300;SUBMISSION;;SNACKPACK_CHOCOLATE;XIRECS;9830.0;1
42300;SUBMISSION;;SNACKPACK_PISTACHIO;XIRECS;9331.0;1
42300;SUBMISSION;;SNACKPACK_RASPBERRY;XIRECS;10196.0;1
42300;SUBMISSION;;SNACKPACK_STRAWBERRY;XIRECS;10751.0;1
42300;SUBMISSION;;SNACKPACK_VANILLA;XIRECS;10053.0;1
42300;SUBMISSION;;TRANSLATOR_ASTRO_BLACK;XIRECS;9350.0;1
42300;SUBMISSION;;TRANSLATOR_ECLIPSE_CHARCOAL;XIRECS;9559.0;1
42300;SUBMISSION;;TRANSLATOR_GRAPHITE_MIST;XIRECS;11336.0;1
42300;SUBMISSION;;TRANSLATOR_SPACE_GRAY;XIRECS;10172.0;1
42300;SUBMISSION;;TRANSLATOR_VOID_BLUE;XIRECS;10736.0;1
42300;SUBMISSION;;UV_VISOR_AMBER;XIRECS;7020.0;1
42300;SUBMISSION;;UV_VISOR_MAGENTA;XIRECS;11193.0;1
42300;SUBMISSION;;UV_VISOR_ORANGE;XIRECS;10295.0;1
42300;SUBMISSION;;UV_VISOR_RED;XIRECS;11355.0;1
42300;SUBMISSION;;UV_VISOR_YELLOW;XIRECS;12153.0;1
42300;;;ROBOT_IRONING;XIRECS;7827.0;1
42300;;;ROBOT_VACUUMING;XIRECS;8763.0;1
42900;SUBMISSION;;GALAXY_SOUNDS_BLACK_HOLES;XIRECS;11812.0;3
42900;SUBMISSION;;GALAXY_SOUNDS_DARK_MATTER;XIRECS;10865.0;3
42900;SUBMISSION;;GALAXY_SOUNDS_PLANETARY_RINGS;XIRECS;11365.0;3
42900;SUBMISSION;;GALAXY_SOUNDS_SOLAR_FLAMES;XIRECS;10522.0;3
42900;SUBMISSION;;GALAXY_SOUNDS_SOLAR_WINDS;XIRECS;10541.0;3
42900;SUBMISSION;;OXYGEN_SHAKE_CHOCOLATE;XIRECS;9125.0;3
42900;SUBMISSION;;OXYGEN_SHAKE_EVENING_BREATH;XIRECS;9345.0;3
42900;SUBMISSION;;OXYGEN_SHAKE_GARLIC;XIRECS;11838.0;3
42900;SUBMISSION;;OXYGEN_SHAKE_MINT;XIRECS;9773.0;3
42900;SUBMISSION;;OXYGEN_SHAKE_MORNING_BREATH;XIRECS;9688.0;3
42900;SUBMISSION;;PANEL_1X2;XIRECS;8742.0;3
42900;SUBMISSION;;PANEL_2X4;XIRECS;10969.0;3
42900;SUBMISSION;;PANEL_4X4;XIRECS;10602.0;3
42900;SUBMISSION;;ROBOT_DISHES;XIRECS;10528.0;3
42900;SUBMISSION;;ROBOT_IRONING;XIRECS;7818.0;1
42900;SUBMISSION;;SLEEP_POD_COTTON;XIRECS;12397.0;3
42900;SUBMISSION;;SLEEP_POD_LAMB_WOOL;XIRECS;10724.0;3
42900;SUBMISSION;;SLEEP_POD_NYLON;XIRECS;9708.0;3
42900;SUBMISSION;;SLEEP_POD_POLYESTER;XIRECS;12870.0;3
42900;SUBMISSION;;SLEEP_POD_SUEDE;XIRECS;12173.0;3
42900;SUBMISSION;;SNACKPACK_CHOCOLATE;XIRECS;9810.0;3
42900;SUBMISSION;;SNACKPACK_PISTACHIO;XIRECS;9307.0;3
42900;SUBMISSION;;SNACKPACK_RASPBERRY;XIRECS;10232.0;3
42900;SUBMISSION;;SNACKPACK_STRAWBERRY;XIRECS;10705.0;3
42900;SUBMISSION;;SNACKPACK_VANILLA;XIRECS;10076.0;3
42900;SUBMISSION;;TRANSLATOR_ASTRO_BLACK;XIRECS;9353.0;3
42900;SUBMISSION;;TRANSLATOR_ECLIPSE_CHARCOAL;XIRECS;9547.0;3
42900;SUBMISSION;;TRANSLATOR_GRAPHITE_MIST;XIRECS;11332.0;3
42900;SUBMISSION;;TRANSLATOR_VOID_BLUE;XIRECS;10700.0;3
42900;SUBMISSION;;UV_VISOR_MAGENTA;XIRECS;11172.0;3
42900;SUBMISSION;;UV_VISOR_ORANGE;XIRECS;10305.0;3
42900;SUBMISSION;;UV_VISOR_RED;XIRECS;11334.0;3
42900;SUBMISSION;;UV_VISOR_YELLOW;XIRECS;12207.0;3
42900;;;PANEL_1X4;XIRECS;8637.0;3
42900;;;PANEL_2X2;XIRECS;9074.0;3
42900;;;ROBOT_LAUNDRY;XIRECS;9088.0;3
42900;;;ROBOT_MOPPING;XIRECS;11710.0;3
42900;;;ROBOT_VACUUMING;XIRECS;8757.0;3
42900;;;TRANSLATOR_SPACE_GRAY;XIRECS;10181.0;3
42900;;;UV_VISOR_AMBER;XIRECS;7026.0;3
43400;;SUBMISSION;ROBOT_DISHES;XIRECS;10563.0;4
43700;;SUBMISSION;MICROCHIP_OVAL;XIRECS;7506.0;1
43700;;SUBMISSION;MICROCHIP_SQUARE;XIRECS;15908.0;1
43700;;SUBMISSION;MICROCHIP_TRIANGLE;XIRECS;9222.0;1
43700;;;MICROCHIP_CIRCLE;XIRECS;8615.0;1
43700;;;MICROCHIP_RECTANGLE;XIRECS;7953.0;1
45000;SUBMISSION;;ROBOT_DISHES;XIRECS;10522.0;4
45300;SUBMISSION;;PEBBLES_M;XIRECS;10941.0;2
45300;SUBMISSION;;PEBBLES_S;XIRECS;8768.0;2
45300;SUBMISSION;;PEBBLES_XL;XIRECS;12461.0;2
45300;;;PEBBLES_L;XIRECS;10777.0;2
45300;;;PEBBLES_XS;XIRECS;7031.0;2
45700;;SUBMISSION;GALAXY_SOUNDS_DARK_MATTER;XIRECS;10878.0;2
45700;;SUBMISSION;GALAXY_SOUNDS_PLANETARY_RINGS;XIRECS;11249.0;2
45700;;SUBMISSION;GALAXY_SOUNDS_SOLAR_FLAMES;XIRECS;10599.0;2
45700;;SUBMISSION;GALAXY_SOUNDS_SOLAR_WINDS;XIRECS;10513.0;2
45700;;SUBMISSION;OXYGEN_SHAKE_EVENING_BREATH;XIRECS;9390.0;2
45700;;SUBMISSION;OXYGEN_SHAKE_MINT;XIRECS;9730.0;2
45700;;SUBMISSION;OXYGEN_SHAKE_MORNING_BREATH;XIRECS;9658.0;2
45700;;SUBMISSION;PANEL_1X2;XIRECS;8716.0;2
45700;;SUBMISSION;PANEL_2X4;XIRECS;11029.0;2
45700;;SUBMISSION;PANEL_4X4;XIRECS;10642.0;2
45700;;SUBMISSION;SLEEP_POD_LAMB_WOOL;XIRECS;10664.0;2
45700;;SUBMISSION;SNACKPACK_CHOCOLATE;XIRECS;9821.0;2
45700;;SUBMISSION;UV_VISOR_MAGENTA;XIRECS;11166.0;2
45700;;SUBMISSION;UV_VISOR_YELLOW;XIRECS;12195.0;2
46400;;SUBMISSION;ROBOT_DISHES;XIRECS;10555.0;4
47100;;SUBMISSION;PEBBLES_L;XIRECS;10843.0;2
47100;;SUBMISSION;PEBBLES_M;XIRECS;10964.0;2
47100;;SUBMISSION;PEBBLES_S;XIRECS;8769.0;2
47100;;SUBMISSION;PEBBLES_XL;XIRECS;12317.0;2
47100;;SUBMISSION;PEBBLES_XS;XIRECS;7110.0;2
49400;SUBMISSION;;ROBOT_DISHES;XIRECS;10505.0;4
52800;;SUBMISSION;GALAXY_SOUNDS_BLACK_HOLES;XIRECS;11813.0;4
52800;;SUBMISSION;OXYGEN_SHAKE_CHOCOLATE;XIRECS;9136.0;4
52800;;SUBMISSION;SNACKPACK_STRAWBERRY;XIRECS;10886.0;5
52800;;SUBMISSION;UV_VISOR_ORANGE;XIRECS;10378.0;4
53300;;SUBMISSION;MICROCHIP_CIRCLE;XIRECS;8621.0;1
53300;;SUBMISSION;MICROCHIP_SQUARE;XIRECS;15644.0;2
53300;;;MICROCHIP_OVAL;XIRECS;7473.0;3
53300;;;MICROCHIP_RECTANGLE;XIRECS;7846.0;3
53300;;;MICROCHIP_TRIANGLE;XIRECS;9377.0;3
53500;SUBMISSION;;GALAXY_SOUNDS_BLACK_HOLES;XIRECS;11814.0;2
53500;SUBMISSION;;GALAXY_SOUNDS_PLANETARY_RINGS;XIRECS;11107.0;2
53500;SUBMISSION;;GALAXY_SOUNDS_SOLAR_FLAMES;XIRECS;10695.0;2
53500;SUBMISSION;;GALAXY_SOUNDS_SOLAR_WINDS;XIRECS;10524.0;2
53500;SUBMISSION;;OXYGEN_SHAKE_CHOCOLATE;XIRECS;9099.0;2
53500;SUBMISSION;;OXYGEN_SHAKE_EVENING_BREATH;XIRECS;9377.0;2
53500;SUBMISSION;;OXYGEN_SHAKE_MINT;XIRECS;9696.0;2
53500;SUBMISSION;;PANEL_2X2;XIRECS;9073.0;2
53500;SUBMISSION;;ROBOT_LAUNDRY;XIRECS;9049.0;2
53500;SUBMISSION;;SLEEP_POD_LAMB_WOOL;XIRECS;10596.0;2
53500;SUBMISSION;;SNACKPACK_CHOCOLATE;XIRECS;9692.0;2
53500;SUBMISSION;;SNACKPACK_PISTACHIO;XIRECS;9407.0;2
53500;SUBMISSION;;SNACKPACK_STRAWBERRY;XIRECS;10849.0;2
53500;SUBMISSION;;SNACKPACK_VANILLA;XIRECS;10176.0;2
53500;SUBMISSION;;UV_VISOR_ORANGE;XIRECS;10395.0;2
53500;SUBMISSION;;UV_VISOR_YELLOW;XIRECS;12287.0;2
53500;;;GALAXY_SOUNDS_DARK_MATTER;XIRECS;10987.0;2
53500;;;OXYGEN_SHAKE_GARLIC;XIRECS;11739.0;2
53500;;;OXYGEN_SHAKE_MORNING_BREATH;XIRECS;9712.0;2
53500;;;PANEL_1X2;XIRECS;8815.0;2
53500;;;PANEL_1X4;XIRECS;8628.0;2
53500;;;PANEL_2X4;XIRECS;11011.0;2
53500;;;PANEL_4X4;XIRECS;10686.0;2
53500;;;ROBOT_DISHES;XIRECS;10359.0;2
53500;;;ROBOT_IRONING;XIRECS;7867.0;2
53500;;;ROBOT_MOPPING;XIRECS;11700.0;2
53500;;;ROBOT_VACUUMING;XIRECS;8698.0;2
53500;;;SLEEP_POD_COTTON;XIRECS;12446.0;2
53500;;;SLEEP_POD_NYLON;XIRECS;9829.0;2
53500;;;SLEEP_POD_POLYESTER;XIRECS;13028.0;2
53500;;;SLEEP_POD_SUEDE;XIRECS;12312.0;2
53500;;;SNACKPACK_RASPBERRY;XIRECS;10068.0;2
53500;;;TRANSLATOR_ASTRO_BLACK;XIRECS;9376.0;2
53500;;;TRANSLATOR_ECLIPSE_CHARCOAL;XIRECS;9642.0;2
53500;;;TRANSLATOR_GRAPHITE_MIST;XIRECS;11469.0;2
53500;;;TRANSLATOR_SPACE_GRAY;XIRECS;10017.0;2
53500;;;TRANSLATOR_VOID_BLUE;XIRECS;10718.0;2
53500;;;UV_VISOR_AMBER;XIRECS;6868.0;2
53500;;;UV_VISOR_MAGENTA;XIRECS;11228.0;2
53500;;;UV_VISOR_RED;XIRECS;11414.0;2
56600;;SUBMISSION;ROBOT_VACUUMING;XIRECS;8754.0;4
57800;SUBMISSION;;GALAXY_SOUNDS_DARK_MATTER;XIRECS;10988.0;1
57800;SUBMISSION;;OXYGEN_SHAKE_CHOCOLATE;XIRECS;9052.0;1
57800;SUBMISSION;;PANEL_1X2;XIRECS;8773.0;1
57800;SUBMISSION;;PANEL_2X4;XIRECS;10951.0;1
57800;SUBMISSION;;PANEL_4X4;XIRECS;10645.0;1
57800;SUBMISSION;;ROBOT_MOPPING;XIRECS;11636.0;1
57800;SUBMISSION;;ROBOT_VACUUMING;XIRECS;8817.0;1
57800;SUBMISSION;;SNACKPACK_CHOCOLATE;XIRECS;9664.0;1
57800;SUBMISSION;;SNACKPACK_STRAWBERRY;XIRECS;10879.0;1
57800;SUBMISSION;;UV_VISOR_AMBER;XIRECS;6812.0;1
57800;SUBMISSION;;UV_VISOR_MAGENTA;XIRECS;11249.0;1
57800;SUBMISSION;;UV_VISOR_ORANGE;XIRECS;10404.0;1
57800;SUBMISSION;;UV_VISOR_YELLOW;XIRECS;12208.0;1
57800;;;GALAXY_SOUNDS_BLACK_HOLES;XIRECS;11901.0;1
57800;;;GALAXY_SOUNDS_PLANETARY_RINGS;XIRECS;10918.0;1
57800;;;GALAXY_SOUNDS_SOLAR_FLAMES;XIRECS;10663.0;1
57800;;;GALAXY_SOUNDS_SOLAR_WINDS;XIRECS;10557.0;1
57800;;;OXYGEN_SHAKE_EVENING_BREATH;XIRECS;9354.0;1
57800;;;OXYGEN_SHAKE_GARLIC;XIRECS;11660.0;1
57800;;;OXYGEN_SHAKE_MINT;XIRECS;9743.0;1
57800;;;OXYGEN_SHAKE_MORNING_BREATH;XIRECS;9766.0;1
57800;;;PANEL_1X4;XIRECS;8649.0;1
57800;;;PANEL_2X2;XIRECS;9014.0;1
57800;;;ROBOT_DISHES;XIRECS;10242.0;1
57800;;;ROBOT_IRONING;XIRECS;7837.0;1
57800;;;ROBOT_LAUNDRY;XIRECS;9055.0;1
57800;;;SLEEP_POD_COTTON;XIRECS;12503.0;1
57800;;;SLEEP_POD_LAMB_WOOL;XIRECS;10506.0;1
57800;;;SLEEP_POD_NYLON;XIRECS;9936.0;1
57800;;;SLEEP_POD_POLYESTER;XIRECS;13099.0;1
57800;;;SLEEP_POD_SUEDE;XIRECS;12382.0;1
57800;;;SNACKPACK_PISTACHIO;XIRECS;9431.0;1
57800;;;SNACKPACK_RASPBERRY;XIRECS;10042.0;1
57800;;;SNACKPACK_VANILLA;XIRECS;10201.0;1
57800;;;TRANSLATOR_ASTRO_BLACK;XIRECS;9366.0;1
57800;;;TRANSLATOR_ECLIPSE_CHARCOAL;XIRECS;9749.0;1
57800;;;TRANSLATOR_GRAPHITE_MIST;XIRECS;11395.0;1
57800;;;TRANSLATOR_SPACE_GRAY;XIRECS;10117.0;1
57800;;;TRANSLATOR_VOID_BLUE;XIRECS;10706.0;1
57800;;;UV_VISOR_RED;XIRECS;11257.0;1
57900;;SUBMISSION;MICROCHIP_TRIANGLE;XIRECS;9523.0;3
57900;;SUBMISSION;PEBBLES_M;XIRECS;11074.0;2
57900;;SUBMISSION;PEBBLES_S;XIRECS;8782.0;2
57900;;;MICROCHIP_CIRCLE;XIRECS;8584.0;3
57900;;;MICROCHIP_OVAL;XIRECS;7409.0;3
57900;;;MICROCHIP_RECTANGLE;XIRECS;7737.0;3
57900;;;MICROCHIP_SQUARE;XIRECS;15834.0;3
57900;;;PEBBLES_L;XIRECS;10945.0;5
57900;;;PEBBLES_XL;XIRECS;12211.0;5
57900;;;PEBBLES_XS;XIRECS;7009.0;5
59300;;;PEBBLES_L;XIRECS;10928.0;4
59300;;;PEBBLES_M;XIRECS;11143.0;4
59300;;;PEBBLES_S;XIRECS;8746.0;4
59300;;;PEBBLES_XL;XIRECS;12134.0;4
59300;;;PEBBLES_XS;XIRECS;7082.0;4
59400;SUBMISSION;;PEBBLES_L;XIRECS;10901.0;4
59400;SUBMISSION;;PEBBLES_M;XIRECS;11137.0;4
59400;SUBMISSION;;PEBBLES_S;XIRECS;8743.0;4
59400;SUBMISSION;;PEBBLES_XL;XIRECS;12143.0;3
59400;SUBMISSION;;PEBBLES_XS;XIRECS;7063.0;4
59800;;SUBMISSION;SLEEP_POD_LAMB_WOOL;XIRECS;10528.0;4
59900;;SUBMISSION;GALAXY_SOUNDS_DARK_MATTER;XIRECS;11012.0;3
59900;;SUBMISSION;GALAXY_SOUNDS_PLANETARY_RINGS;XIRECS;10988.0;3
59900;;SUBMISSION;GALAXY_SOUNDS_SOLAR_WINDS;XIRECS;10585.0;3
59900;;SUBMISSION;OXYGEN_SHAKE_EVENING_BREATH;XIRECS;9340.0;3
59900;;SUBMISSION;PANEL_1X2;XIRECS;8787.0;3
59900;;SUBMISSION;PANEL_2X4;XIRECS;10945.0;3
59900;;SUBMISSION;SNACKPACK_CHOCOLATE;XIRECS;9663.0;3
59900;;SUBMISSION;SNACKPACK_VANILLA;XIRECS;10211.0;3
59900;;SUBMISSION;UV_VISOR_AMBER;XIRECS;6857.0;2
59900;;SUBMISSION;UV_VISOR_MAGENTA;XIRECS;11310.0;3
59900;;SUBMISSION;UV_VISOR_YELLOW;XIRECS;12181.0;3
60200;SUBMISSION;;GALAXY_SOUNDS_DARK_MATTER;XIRECS;11028.0;3
60200;SUBMISSION;;GALAXY_SOUNDS_PLANETARY_RINGS;XIRECS;10987.0;3
60200;SUBMISSION;;GALAXY_SOUNDS_SOLAR_WINDS;XIRECS;10557.0;3
60200;SUBMISSION;;OXYGEN_SHAKE_CHOCOLATE;XIRECS;9053.0;3
60200;SUBMISSION;;OXYGEN_SHAKE_EVENING_BREATH;XIRECS;9327.0;3
60200;SUBMISSION;;OXYGEN_SHAKE_MORNING_BREATH;XIRECS;9732.0;3
60200;SUBMISSION;;PANEL_1X2;XIRECS;8825.0;3
60200;SUBMISSION;;PANEL_1X4;XIRECS;8637.0;3
60200;SUBMISSION;;PANEL_2X4;XIRECS;10916.0;3
60200;SUBMISSION;;ROBOT_VACUUMING;XIRECS;8879.0;3
60200;SUBMISSION;;SLEEP_POD_LAMB_WOOL;XIRECS;10514.0;3
60200;SUBMISSION;;SNACKPACK_CHOCOLATE;XIRECS;9655.0;3
60200;SUBMISSION;;SNACKPACK_RASPBERRY;XIRECS;10028.0;3
60200;SUBMISSION;;SNACKPACK_STRAWBERRY;XIRECS;10891.0;3
60200;SUBMISSION;;SNACKPACK_VANILLA;XIRECS;10211.0;3
60200;SUBMISSION;;TRANSLATOR_SPACE_GRAY;XIRECS;9992.0;3
60200;SUBMISSION;;UV_VISOR_AMBER;XIRECS;6844.0;3
60200;SUBMISSION;;UV_VISOR_MAGENTA;XIRECS;11293.0;3
60200;SUBMISSION;;UV_VISOR_ORANGE;XIRECS;10388.0;1
60200;;;GALAXY_SOUNDS_BLACK_HOLES;XIRECS;11874.0;3
60200;;;GALAXY_SOUNDS_SOLAR_FLAMES;XIRECS;10698.0;3
60200;;;OXYGEN_SHAKE_GARLIC;XIRECS;11637.0;3
60200;;;OXYGEN_SHAKE_MINT;XIRECS;9691.0;3
60200;;;PANEL_2X2;XIRECS;8963.0;3
60200;;;PANEL_4X4;XIRECS;10819.0;3
60200;;;ROBOT_DISHES;XIRECS;10190.0;3
60200;;;ROBOT_IRONING;XIRECS;7827.0;3
60200;;;ROBOT_LAUNDRY;XIRECS;9022.0;3
60200;;;ROBOT_MOPPING;XIRECS;11670.0;3
60200;;;SLEEP_POD_COTTON;XIRECS;12491.0;3
60200;;;SLEEP_POD_NYLON;XIRECS;9950.0;3
60200;;;SLEEP_POD_POLYESTER;XIRECS;13218.0;3
60200;;;SLEEP_POD_SUEDE;XIRECS;12408.0;3
60200;;;SNACKPACK_PISTACHIO;XIRECS;9451.0;3
60200;;;TRANSLATOR_ASTRO_BLACK;XIRECS;9376.0;3
60200;;;TRANSLATOR_ECLIPSE_CHARCOAL;XIRECS;9789.0;3
60200;;;TRANSLATOR_GRAPHITE_MIST;XIRECS;11381.0;3
60200;;;TRANSLATOR_VOID_BLUE;XIRECS;10654.0;3
60200;;;UV_VISOR_RED;XIRECS;11264.0;3
60200;;;UV_VISOR_YELLOW;XIRECS;12185.0;3
60900;;SUBMISSION;MICROCHIP_RECTANGLE;XIRECS;7637.0;1
60900;;;MICROCHIP_CIRCLE;XIRECS;8589.0;2
60900;;;MICROCHIP_OVAL;XIRECS;7314.0;2
60900;;;MICROCHIP_SQUARE;XIRECS;15875.0;2
60900;;;MICROCHIP_TRIANGLE;XIRECS;9507.0;2
61600;;SUBMISSION;PANEL_1X4;XIRECS;8597.0;4
62100;SUBMISSION;;MICROCHIP_TRIANGLE;XIRECS;9446.0;2
63100;;;MICROCHIP_CIRCLE;XIRECS;8580.0;3
63100;;;MICROCHIP_OVAL;XIRECS;7241.0;3
63100;;;MICROCHIP_RECTANGLE;XIRECS;7636.0;3
63100;;;MICROCHIP_SQUARE;XIRECS;15794.0;3
63100;;;MICROCHIP_TRIANGLE;XIRECS;9466.0;3
63500;SUBMISSION;;GALAXY_SOUNDS_BLACK_HOLES;XIRECS;11788.0;2
63500;SUBMISSION;;GALAXY_SOUNDS_DARK_MATTER;XIRECS;10932.0;2
63500;SUBMISSION;;PANEL_1X4;XIRECS;8546.0;2
63500;SUBMISSION;;PANEL_4X4;XIRECS;10846.0;1
63500;SUBMISSION;;SNACKPACK_VANILLA;XIRECS;10178.0;2
63500;SUBMISSION;;UV_VISOR_YELLOW;XIRECS;12085.0;2
63500;;;GALAXY_SOUNDS_PLANETARY_RINGS;XIRECS;10871.0;2
63500;;;GALAXY_SOUNDS_SOLAR_FLAMES;XIRECS;10701.0;2
63500;;;GALAXY_SOUNDS_SOLAR_WINDS;XIRECS;10518.0;2
63500;;;OXYGEN_SHAKE_CHOCOLATE;XIRECS;9026.0;2
63500;;;OXYGEN_SHAKE_EVENING_BREATH;XIRECS;9364.0;2
63500;;;OXYGEN_SHAKE_GARLIC;XIRECS;11674.0;2
63500;;;OXYGEN_SHAKE_MINT;XIRECS;9617.0;2
63500;;;OXYGEN_SHAKE_MORNING_BREATH;XIRECS;9696.0;2
63500;;;PANEL_1X2;XIRECS;8782.0;2
63500;;;PANEL_2X2;XIRECS;8951.0;2
63500;;;PANEL_2X4;XIRECS;10968.0;2
63500;;;ROBOT_DISHES;XIRECS;10200.0;2
63500;;;ROBOT_IRONING;XIRECS;7837.0;2
63500;;;ROBOT_LAUNDRY;XIRECS;9059.0;2
63500;;;ROBOT_MOPPING;XIRECS;11685.0;2
63500;;;ROBOT_VACUUMING;XIRECS;8815.0;2
63500;;;SLEEP_POD_COTTON;XIRECS;12398.0;2
63500;;;SLEEP_POD_LAMB_WOOL;XIRECS;10544.0;2
63500;;;SLEEP_POD_NYLON;XIRECS;9937.0;2
63500;;;SLEEP_POD_POLYESTER;XIRECS;13133.0;2
63500;;;SLEEP_POD_SUEDE;XIRECS;12417.0;2
63500;;;SNACKPACK_CHOCOLATE;XIRECS;9680.0;2
63500;;;SNACKPACK_PISTACHIO;XIRECS;9428.0;2
63500;;;SNACKPACK_RASPBERRY;XIRECS;10045.0;2
63500;;;SNACKPACK_STRAWBERRY;XIRECS;10866.0;2
63500;;;TRANSLATOR_ASTRO_BLACK;XIRECS;9415.0;2
63500;;;TRANSLATOR_ECLIPSE_CHARCOAL;XIRECS;9822.0;2
63500;;;TRANSLATOR_GRAPHITE_MIST;XIRECS;11432.0;2
63500;;;TRANSLATOR_SPACE_GRAY;XIRECS;9907.0;2
63500;;;TRANSLATOR_VOID_BLUE;XIRECS;10593.0;2
63500;;;UV_VISOR_AMBER;XIRECS;6849.0;2
63500;;;UV_VISOR_MAGENTA;XIRECS;11324.0;2
63500;;;UV_VISOR_ORANGE;XIRECS;10359.0;2
63500;;;UV_VISOR_RED;XIRECS;11336.0;2
63700;;SUBMISSION;PEBBLES_S;XIRECS;8715.0;4
63700;;SUBMISSION;PEBBLES_XS;XIRECS;7203.0;4
63800;;SUBMISSION;ROBOT_DISHES;XIRECS;10208.0;4
64100;;SUBMISSION;OXYGEN_SHAKE_CHOCOLATE;XIRECS;9064.0;4
65000;;SUBMISSION;GALAXY_SOUNDS_BLACK_HOLES;XIRECS;11841.0;4
65000;;SUBMISSION;GALAXY_SOUNDS_DARK_MATTER;XIRECS;10895.0;4
65000;;SUBMISSION;GALAXY_SOUNDS_PLANETARY_RINGS;XIRECS;10804.0;4
65000;;SUBMISSION;GALAXY_SOUNDS_SOLAR_FLAMES;XIRECS;10775.0;4
65000;;SUBMISSION;GALAXY_SOUNDS_SOLAR_WINDS;XIRECS;10510.0;4
65000;;SUBMISSION;OXYGEN_SHAKE_CHOCOLATE;XIRECS;9065.0;4
65000;;SUBMISSION;OXYGEN_SHAKE_EVENING_BREATH;XIRECS;9397.0;4
65000;;SUBMISSION;OXYGEN_SHAKE_GARLIC;XIRECS;11727.0;4
65000;;SUBMISSION;OXYGEN_SHAKE_MINT;XIRECS;9593.0;4
65000;;SUBMISSION;OXYGEN_SHAKE_MORNING_BREATH;XIRECS;9645.0;4
65000;;SUBMISSION;PANEL_1X2;XIRECS;8825.0;3
65000;;SUBMISSION;PANEL_1X4;XIRECS;8530.0;2
65000;;SUBMISSION;PANEL_2X2;XIRECS;8921.0;3
65000;;SUBMISSION;PANEL_2X4;XIRECS;10960.0;3
65000;;SUBMISSION;PANEL_4X4;XIRECS;10879.0;4
65000;;SUBMISSION;ROBOT_LAUNDRY;XIRECS;9017.0;3
65000;;SUBMISSION;ROBOT_MOPPING;XIRECS;11676.0;2
65000;;SUBMISSION;ROBOT_VACUUMING;XIRECS;8872.0;4
65000;;SUBMISSION;SLEEP_POD_COTTON;XIRECS;12419.0;4
65000;;SUBMISSION;SLEEP_POD_LAMB_WOOL;XIRECS;10510.0;3
65000;;SUBMISSION;SLEEP_POD_NYLON;XIRECS;9953.0;4
65000;;SUBMISSION;SLEEP_POD_POLYESTER;XIRECS;13092.0;4
65000;;SUBMISSION;SLEEP_POD_SUEDE;XIRECS;12471.0;4
65000;;SUBMISSION;SNACKPACK_CHOCOLATE;XIRECS;9681.0;4
65000;;SUBMISSION;SNACKPACK_PISTACHIO;XIRECS;9400.0;4
65000;;SUBMISSION;SNACKPACK_RASPBERRY;XIRECS;10125.0;4
65000;;SUBMISSION;SNACKPACK_STRAWBERRY;XIRECS;10808.0;4
65000;;SUBMISSION;SNACKPACK_VANILLA;XIRECS;10188.0;4
65000;;SUBMISSION;TRANSLATOR_ASTRO_BLACK;XIRECS;9449.0;4
65000;;SUBMISSION;TRANSLATOR_ECLIPSE_CHARCOAL;XIRECS;9818.0;4
65000;;SUBMISSION;TRANSLATOR_GRAPHITE_MIST;XIRECS;11417.0;4
65000;;SUBMISSION;TRANSLATOR_SPACE_GRAY;XIRECS;9855.0;4
65000;;SUBMISSION;TRANSLATOR_VOID_BLUE;XIRECS;10603.0;4
65000;;SUBMISSION;UV_VISOR_AMBER;XIRECS;6850.0;3
65000;;SUBMISSION;UV_VISOR_MAGENTA;XIRECS;11269.0;3
65000;;SUBMISSION;UV_VISOR_ORANGE;XIRECS;10464.0;4
65000;;SUBMISSION;UV_VISOR_RED;XIRECS;11400.0;4
65000;;SUBMISSION;UV_VISOR_YELLOW;XIRECS;12065.0;4
65000;;;ROBOT_DISHES;XIRECS;10193.0;4
65000;;;ROBOT_IRONING;XIRECS;7833.0;4
65900;SUBMISSION;;ROBOT_VACUUMING;XIRECS;8870.0;4
66300;SUBMISSION;;GALAXY_SOUNDS_SOLAR_FLAMES;XIRECS;10766.0;2
66300;SUBMISSION;;OXYGEN_SHAKE_GARLIC;XIRECS;11742.0;2
66300;SUBMISSION;;PANEL_1X4;XIRECS;8482.0;2
66300;SUBMISSION;;PANEL_4X4;XIRECS;10903.0;2
66300;SUBMISSION;;SLEEP_POD_COTTON;XIRECS;12433.0;2
66300;SUBMISSION;;SLEEP_POD_NYLON;XIRECS;9926.0;2
66300;SUBMISSION;;SLEEP_POD_POLYESTER;XIRECS;13115.0;2
66300;SUBMISSION;;SLEEP_POD_SUEDE;XIRECS;12449.0;2
66300;SUBMISSION;;TRANSLATOR_GRAPHITE_MIST;XIRECS;11390.0;2
66300;SUBMISSION;;TRANSLATOR_VOID_BLUE;XIRECS;10601.0;2
66300;SUBMISSION;;UV_VISOR_ORANGE;XIRECS;10473.0;2
66300;SUBMISSION;;UV_VISOR_RED;XIRECS;11420.0;2
66600;SUBMISSION;;PEBBLES_XS;XIRECS;7095.0;3
67300;SUBMISSION;;OXYGEN_SHAKE_CHOCOLATE;XIRECS;9055.0;4
67500;SUBMISSION;;UV_VISOR_AMBER;XIRECS;6788.0;4
67900;;;MICROCHIP_CIRCLE;XIRECS;8571.0;2
67900;;;MICROCHIP_OVAL;XIRECS;7230.0;2
67900;;;MICROCHIP_RECTANGLE;XIRECS;7672.0;2
67900;;;MICROCHIP_SQUARE;XIRECS;15921.0;2
67900;;;MICROCHIP_TRIANGLE;XIRECS;9415.0;2
69600;;SUBMISSION;UV_VISOR_AMBER;XIRECS;6816.0;4
71300;;SUBMISSION;PEBBLES_L;XIRECS;10989.0;4
71300;;SUBMISSION;PEBBLES_M;XIRECS;11188.0;4
72000;SUBMISSION;;GALAXY_SOUNDS_BLACK_HOLES;XIRECS;11893.0;4
72000;SUBMISSION;;GALAXY_SOUNDS_DARK_MATTER;XIRECS;10874.0;4
72000;SUBMISSION;;GALAXY_SOUNDS_PLANETARY_RINGS;XIRECS;10876.0;4
72000;SUBMISSION;;GALAXY_SOUNDS_SOLAR_FLAMES;XIRECS;10650.0;2
72000;SUBMISSION;;GALAXY_SOUNDS_SOLAR_WINDS;XIRECS;10492.0;4
72000;SUBMISSION;;OXYGEN_SHAKE_CHOCOLATE;XIRECS;9057.0;4
72000;SUBMISSION;;OXYGEN_SHAKE_EVENING_BREATH;XIRECS;9527.0;4
72000;SUBMISSION;;OXYGEN_SHAKE_GARLIC;XIRECS;11716.0;2
72000;SUBMISSION;;OXYGEN_SHAKE_MINT;XIRECS;9573.0;4
72000;SUBMISSION;;OXYGEN_SHAKE_MORNING_BREATH;XIRECS;9672.0;4
72000;SUBMISSION;;PANEL_1X2;XIRECS;8710.0;4
72000;SUBMISSION;;PANEL_2X2;XIRECS;8937.0;4
72000;SUBMISSION;;PANEL_2X4;XIRECS;10818.0;4
72000;SUBMISSION;;PANEL_4X4;XIRECS;10813.0;2
72000;SUBMISSION;;SLEEP_POD_COTTON;XIRECS;12484.0;2
72000;SUBMISSION;;SLEEP_POD_LAMB_WOOL;XIRECS;10271.0;4
72000;SUBMISSION;;SLEEP_POD_NYLON;XIRECS;9826.0;2
72000;SUBMISSION;;SLEEP_POD_POLYESTER;XIRECS;12916.0;2
72000;SUBMISSION;;SLEEP_POD_SUEDE;XIRECS;12406.0;2
72000;SUBMISSION;;SNACKPACK_CHOCOLATE;XIRECS;9764.0;4
72000;SUBMISSION;;SNACKPACK_PISTACHIO;XIRECS;9364.0;4
72000;SUBMISSION;;SNACKPACK_RASPBERRY;XIRECS;10128.0;4
72000;SUBMISSION;;SNACKPACK_STRAWBERRY;XIRECS;10776.0;4
72000;SUBMISSION;;SNACKPACK_VANILLA;XIRECS;10096.0;4
72000;SUBMISSION;;TRANSLATOR_ASTRO_BLACK;XIRECS;9495.0;4
72000;SUBMISSION;;TRANSLATOR_ECLIPSE_CHARCOAL;XIRECS;9844.0;4
72000;SUBMISSION;;TRANSLATOR_GRAPHITE_MIST;XIRECS;11213.0;2
72000;SUBMISSION;;TRANSLATOR_SPACE_GRAY;XIRECS;9801.0;4
72000;SUBMISSION;;TRANSLATOR_VOID_BLUE;XIRECS;10595.0;2
72000;SUBMISSION;;UV_VISOR_AMBER;XIRECS;6859.0;4
72000;SUBMISSION;;UV_VISOR_MAGENTA;XIRECS;11150.0;4
72000;SUBMISSION;;UV_VISOR_ORANGE;XIRECS;10637.0;2
72000;SUBMISSION;;UV_VISOR_RED;XIRECS;11446.0;2
72000;SUBMISSION;;UV_VISOR_YELLOW;XIRECS;12075.0;4
72000;;;PANEL_1X4;XIRECS;8424.0;4
72000;;;ROBOT_DISHES;XIRECS;10308.0;4
72000;;;ROBOT_IRONING;XIRECS;7867.0;4
72000;;;ROBOT_LAUNDRY;XIRECS;9074.0;4
72000;;;ROBOT_MOPPING;XIRECS;11758.0;4
72000;;;ROBOT_VACUUMING;XIRECS;8890.0;4
72500;;SUBMISSION;PEBBLES_XL;XIRECS;12377.0;4
72500;;SUBMISSION;PEBBLES_XS;XIRECS;6985.0;3
72500;;;PEBBLES_L;XIRECS;10906.0;4
72500;;;PEBBLES_M;XIRECS;11135.0;4
72500;;;PEBBLES_S;XIRECS;8618.0;4
72600;SUBMISSION;;ROBOT_DISHES;XIRECS;10269.0;4
72600;;SUBMISSION;SLEEP_POD_LAMB_WOOL;XIRECS;10320.0;4
72600;;SUBMISSION;UV_VISOR_AMBER;XIRECS;6886.0;4
73100;SUBMISSION;;MICROCHIP_CIRCLE;XIRECS;8488.0;3
73100;SUBMISSION;;MICROCHIP_RECTANGLE;XIRECS;7661.0;3
73100;SUBMISSION;;MICROCHIP_SQUARE;XIRECS;15855.0;3
73100;SUBMISSION;;MICROCHIP_TRIANGLE;XIRECS;9349.0;2
73100;;;MICROCHIP_OVAL;XIRECS;7150.0;3
73500;;SUBMISSION;ROBOT_DISHES;XIRECS;10304.0;4
73600;;SUBMISSION;GALAXY_SOUNDS_BLACK_HOLES;XIRECS;11965.0;2
73600;;SUBMISSION;GALAXY_SOUNDS_DARK_MATTER;XIRECS;10794.0;2
73600;;SUBMISSION;GALAXY_SOUNDS_PLANETARY_RINGS;XIRECS;10886.0;2
73600;;SUBMISSION;GALAXY_SOUNDS_SOLAR_FLAMES;XIRECS;10725.0;2
73600;;SUBMISSION;GALAXY_SOUNDS_SOLAR_WINDS;XIRECS;10446.0;2
73600;;SUBMISSION;OXYGEN_SHAKE_CHOCOLATE;XIRECS;9072.0;2
73600;;SUBMISSION;OXYGEN_SHAKE_EVENING_BREATH;XIRECS;9479.0;2
73600;;SUBMISSION;OXYGEN_SHAKE_GARLIC;XIRECS;11704.0;2
73600;;SUBMISSION;OXYGEN_SHAKE_MINT;XIRECS;9621.0;2
73600;;SUBMISSION;OXYGEN_SHAKE_MORNING_BREATH;XIRECS;9613.0;2
73600;;SUBMISSION;PANEL_1X2;XIRECS;8682.0;2
73600;;SUBMISSION;PANEL_1X4;XIRECS;8473.0;2
73600;;SUBMISSION;PANEL_2X2;XIRECS;8873.0;2
73600;;SUBMISSION;PANEL_2X4;XIRECS;10829.0;2
73600;;SUBMISSION;PANEL_4X4;XIRECS;10828.0;2
73600;SUBMISSION;;PEBBLES_XL;XIRECS;12199.0;4
73600;;SUBMISSION;ROBOT_VACUUMING;XIRECS;8865.0;2
73600;;SUBMISSION;SLEEP_POD_COTTON;XIRECS;12533.0;2
73600;;SUBMISSION;SLEEP_POD_POLYESTER;XIRECS;12866.0;2
73600;;SUBMISSION;SLEEP_POD_SUEDE;XIRECS;12475.0;2
73600;;SUBMISSION;SNACKPACK_CHOCOLATE;XIRECS;9732.0;2
73600;;SUBMISSION;SNACKPACK_PISTACHIO;XIRECS;9339.0;2
73600;;SUBMISSION;SNACKPACK_RASPBERRY;XIRECS;10162.0;2
73600;;SUBMISSION;SNACKPACK_STRAWBERRY;XIRECS;10752.0;2
73600;;SUBMISSION;SNACKPACK_VANILLA;XIRECS;10143.0;2
73600;;SUBMISSION;TRANSLATOR_ASTRO_BLACK;XIRECS;9478.0;2
73600;;SUBMISSION;TRANSLATOR_ECLIPSE_CHARCOAL;XIRECS;9819.0;2
73600;;SUBMISSION;TRANSLATOR_GRAPHITE_MIST;XIRECS;11244.0;2
73600;;SUBMISSION;TRANSLATOR_SPACE_GRAY;XIRECS;9797.0;2
73600;;SUBMISSION;TRANSLATOR_VOID_BLUE;XIRECS;10646.0;2
73600;;SUBMISSION;UV_VISOR_MAGENTA;XIRECS;11071.0;2
73600;;SUBMISSION;UV_VISOR_ORANGE;XIRECS;10627.0;2
73600;;SUBMISSION;UV_VISOR_RED;XIRECS;11437.0;2
73600;;SUBMISSION;UV_VISOR_YELLOW;XIRECS;12124.0;2
73600;;;ROBOT_DISHES;XIRECS;10319.0;2
73600;;;ROBOT_IRONING;XIRECS;7863.0;2
73600;;;ROBOT_LAUNDRY;XIRECS;9103.0;2
73600;;;ROBOT_MOPPING;XIRECS;11763.0;2
73600;;;SLEEP_POD_LAMB_WOOL;XIRECS;10335.0;2
73600;;;SLEEP_POD_NYLON;XIRECS;9835.0;2
73600;;;UV_VISOR_AMBER;XIRECS;6928.0;2
75300;SUBMISSION;;GALAXY_SOUNDS_BLACK_HOLES;XIRECS;11934.0;1
75300;SUBMISSION;;GALAXY_SOUNDS_SOLAR_FLAMES;XIRECS;10627.0;1
75300;SUBMISSION;;OXYGEN_SHAKE_GARLIC;XIRECS;11858.0;1
75300;SUBMISSION;;OXYGEN_SHAKE_MINT;XIRECS;9585.0;1
75300;SUBMISSION;;PANEL_1X2;XIRECS;8654.0;1
75300;SUBMISSION;;PANEL_1X4;XIRECS;8442.0;1
75300;SUBMISSION;;PANEL_4X4;XIRECS;10778.0;1
75300;SUBMISSION;;ROBOT_DISHES;XIRECS;10390.0;1
75300;SUBMISSION;;ROBOT_LAUNDRY;XIRECS;9058.0;1
75300;SUBMISSION;;ROBOT_MOPPING;XIRECS;11757.0;1
75300;SUBMISSION;;ROBOT_VACUUMING;XIRECS;8862.0;1
75300;SUBMISSION;;SLEEP_POD_COTTON;XIRECS;12508.0;1
75300;SUBMISSION;;SLEEP_POD_LAMB_WOOL;XIRECS;10311.0;1
75300;SUBMISSION;;SLEEP_POD_POLYESTER;XIRECS;12767.0;1
75300;SUBMISSION;;SLEEP_POD_SUEDE;XIRECS;12422.0;1
75300;SUBMISSION;;SNACKPACK_PISTACHIO;XIRECS;9302.0;1
75300;SUBMISSION;;SNACKPACK_STRAWBERRY;XIRECS;10735.0;1
75300;SUBMISSION;;SNACKPACK_VANILLA;XIRECS;10099.0;1
75300;SUBMISSION;;TRANSLATOR_ASTRO_BLACK;XIRECS;9418.0;1
75300;SUBMISSION;;TRANSLATOR_ECLIPSE_CHARCOAL;XIRECS;9838.0;1
75300;SUBMISSION;;TRANSLATOR_GRAPHITE_MIST;XIRECS;11230.0;1
75300;SUBMISSION;;TRANSLATOR_VOID_BLUE;XIRECS;10665.0;1
75300;SUBMISSION;;UV_VISOR_AMBER;XIRECS;6943.0;1
75300;SUBMISSION;;UV_VISOR_ORANGE;XIRECS;10611.0;1
75300;SUBMISSION;;UV_VISOR_RED;XIRECS;11424.0;1
75300;SUBMISSION;;UV_VISOR_YELLOW;XIRECS;12090.0;1
75300;;;GALAXY_SOUNDS_DARK_MATTER;XIRECS;10771.0;1
75300;;;GALAXY_SOUNDS_PLANETARY_RINGS;XIRECS;10925.0;1
75300;;;GALAXY_SOUNDS_SOLAR_WINDS;XIRECS;10471.0;1
75300;;;OXYGEN_SHAKE_CHOCOLATE;XIRECS;9071.0;1
75300;;;OXYGEN_SHAKE_EVENING_BREATH;XIRECS;9534.0;1
75300;;;OXYGEN_SHAKE_MORNING_BREATH;XIRECS;9632.0;1
75300;;;PANEL_2X2;XIRECS;8874.0;1
75300;;;PANEL_2X4;XIRECS;10823.0;1
75300;;;ROBOT_IRONING;XIRECS;7847.0;1
75300;;;SLEEP_POD_NYLON;XIRECS;9842.0;1
75300;;;SNACKPACK_CHOCOLATE;XIRECS;9758.0;1
75300;;;SNACKPACK_RASPBERRY;XIRECS;10175.0;1
75300;;;TRANSLATOR_SPACE_GRAY;XIRECS;9707.0;1
75300;;;UV_VISOR_MAGENTA;XIRECS;11167.0;1
76600;;SUBMISSION;OXYGEN_SHAKE_MINT;XIRECS;9597.0;3
76600;;SUBMISSION;PANEL_1X2;XIRECS;8660.0;3
76600;;SUBMISSION;ROBOT_IRONING;XIRECS;7890.0;4
76600;;SUBMISSION;SNACKPACK_STRAWBERRY;XIRECS;10794.0;4
76600;;SUBMISSION;SNACKPACK_VANILLA;XIRECS;10109.0;4
79000;SUBMISSION;;ROBOT_IRONING;XIRECS;7903.0;4
79300;SUBMISSION;;MICROCHIP_OVAL;XIRECS;7130.0;3
79300;;SUBMISSION;SNACKPACK_CHOCOLATE;XIRECS;9778.0;4
79300;;SUBMISSION;SNACKPACK_VANILLA;XIRECS;10109.0;4
79300;;;MICROCHIP_CIRCLE;XIRECS;8497.0;3
79300;;;MICROCHIP_RECTANGLE;XIRECS;7590.0;3
79300;;;MICROCHIP_SQUARE;XIRECS;16126.0;3
79300;;;MICROCHIP_TRIANGLE;XIRECS;9429.0;3
79600;;SUBMISSION;GALAXY_SOUNDS_BLACK_HOLES;XIRECS;11923.0;3
79600;;SUBMISSION;GALAXY_SOUNDS_DARK_MATTER;XIRECS;10931.0;3
79600;;SUBMISSION;OXYGEN_SHAKE_CHOCOLATE;XIRECS;9102.0;4
79600;;SUBMISSION;UV_VISOR_YELLOW;XIRECS;12064.0;3
80300;SUBMISSION;;ROBOT_DISHES;XIRECS;10298.0;4
81000;SUBMISSION;;PEBBLES_L;XIRECS;10938.0;3
81000;SUBMISSION;;PEBBLES_M;XIRECS;11146.0;3
81000;SUBMISSION;;PEBBLES_S;XIRECS;8629.0;3
81000;SUBMISSION;;PEBBLES_XS;XIRECS;6717.0;3
81000;;;PEBBLES_XL;XIRECS;12550.0;3
81200;;SUBMISSION;MICROCHIP_OVAL;XIRECS;7118.0;4
81500;;SUBMISSION;MICROCHIP_RECTANGLE;XIRECS;7546.0;3
81500;;SUBMISSION;MICROCHIP_SQUARE;XIRECS;16050.0;3
81500;;SUBMISSION;MICROCHIP_TRIANGLE;XIRECS;9436.0;3
81500;;;MICROCHIP_CIRCLE;XIRECS;8416.0;3
81500;;;MICROCHIP_OVAL;XIRECS;7138.0;3
83000;;SUBMISSION;SNACKPACK_CHOCOLATE;XIRECS;9840.0;4
83400;SUBMISSION;;GALAXY_SOUNDS_BLACK_HOLES;XIRECS;11900.0;3
83400;SUBMISSION;;GALAXY_SOUNDS_DARK_MATTER;XIRECS;10908.0;3
83400;SUBMISSION;;GALAXY_SOUNDS_PLANETARY_RINGS;XIRECS;10780.0;3
83400;SUBMISSION;;GALAXY_SOUNDS_SOLAR_FLAMES;XIRECS;10735.0;1
83400;SUBMISSION;;OXYGEN_SHAKE_CHOCOLATE;XIRECS;9074.0;3
83400;SUBMISSION;;OXYGEN_SHAKE_GARLIC;XIRECS;11927.0;1
83400;SUBMISSION;;OXYGEN_SHAKE_MINT;XIRECS;9628.0;3
83400;SUBMISSION;;OXYGEN_SHAKE_MORNING_BREATH;XIRECS;9446.0;3
83400;SUBMISSION;;PANEL_1X2;XIRECS;8620.0;3
83400;SUBMISSION;;PANEL_4X4;XIRECS;10804.0;1
83400;SUBMISSION;;ROBOT_LAUNDRY;XIRECS;8933.0;3
83400;SUBMISSION;;ROBOT_VACUUMING;XIRECS;8753.0;1
83400;SUBMISSION;;SLEEP_POD_COTTON;XIRECS;12833.0;1
83400;SUBMISSION;;SLEEP_POD_POLYESTER;XIRECS;12848.0;1
83400;SUBMISSION;;SLEEP_POD_SUEDE;XIRECS;12305.0;1
83400;SUBMISSION;;SNACKPACK_CHOCOLATE;XIRECS;9826.0;3
83400;SUBMISSION;;SNACKPACK_STRAWBERRY;XIRECS;10796.0;3
83400;SUBMISSION;;SNACKPACK_VANILLA;XIRECS;10067.0;3
83400;SUBMISSION;;TRANSLATOR_ASTRO_BLACK;XIRECS;9434.0;1
83400;SUBMISSION;;TRANSLATOR_ECLIPSE_CHARCOAL;XIRECS;9824.0;1
83400;SUBMISSION;;TRANSLATOR_GRAPHITE_MIST;XIRECS;11293.0;1
83400;SUBMISSION;;TRANSLATOR_VOID_BLUE;XIRECS;10615.0;1
83400;SUBMISSION;;UV_VISOR_AMBER;XIRECS;6962.0;3
83400;SUBMISSION;;UV_VISOR_ORANGE;XIRECS;10751.0;1
83400;SUBMISSION;;UV_VISOR_RED;XIRECS;11510.0;1
83400;SUBMISSION;;UV_VISOR_YELLOW;XIRECS;12117.0;3
83400;;;GALAXY_SOUNDS_SOLAR_WINDS;XIRECS;10589.0;3
83400;;;OXYGEN_SHAKE_EVENING_BREATH;XIRECS;9494.0;3
83400;;;PANEL_1X4;XIRECS;8435.0;3
83400;;;PANEL_2X2;XIRECS;8806.0;3
83400;;;PANEL_2X4;XIRECS;10858.0;3
83400;;;ROBOT_DISHES;XIRECS;10297.0;3
83400;;;ROBOT_IRONING;XIRECS;7907.0;3
83400;;;ROBOT_MOPPING;XIRECS;11878.0;3
83400;;;SLEEP_POD_LAMB_WOOL;XIRECS;10357.0;3
83400;;;SLEEP_POD_NYLON;XIRECS;9863.0;3
83400;;;SNACKPACK_PISTACHIO;XIRECS;9342.0;3
83400;;;SNACKPACK_RASPBERRY;XIRECS;10127.0;3
83400;;;TRANSLATOR_SPACE_GRAY;XIRECS;9670.0;3
83400;;;UV_VISOR_MAGENTA;XIRECS;11050.0;3
84300;;SUBMISSION;ROBOT_DISHES;XIRECS;10303.0;4
85400;SUBMISSION;;PEBBLES_M;XIRECS;10945.0;3
85400;;;PEBBLES_L;XIRECS;10982.0;3
85400;;;PEBBLES_S;XIRECS;8679.0;3
85400;;;PEBBLES_XL;XIRECS;12689.0;3
85400;;;PEBBLES_XS;XIRECS;6673.0;3
85700;;SUBMISSION;OXYGEN_SHAKE_MORNING_BREATH;XIRECS;9483.0;4
86000;SUBMISSION;;GALAXY_SOUNDS_DARK_MATTER;XIRECS;10837.0;3
86000;SUBMISSION;;ROBOT_LAUNDRY;XIRECS;8862.0;3
86000;SUBMISSION;;SNACKPACK_CHOCOLATE;XIRECS;9841.0;3
86000;SUBMISSION;;SNACKPACK_PISTACHIO;XIRECS;9302.0;3
86000;SUBMISSION;;SNACKPACK_STRAWBERRY;XIRECS;10729.0;3
86000;SUBMISSION;;SNACKPACK_VANILLA;XIRECS;10047.0;3
86000;SUBMISSION;;UV_VISOR_MAGENTA;XIRECS;11024.0;3
86000;SUBMISSION;;UV_VISOR_YELLOW;XIRECS;12014.0;3
86000;;;GALAXY_SOUNDS_BLACK_HOLES;XIRECS;11947.0;3
86000;;;GALAXY_SOUNDS_PLANETARY_RINGS;XIRECS;10714.0;3
86000;;;GALAXY_SOUNDS_SOLAR_FLAMES;XIRECS;10736.0;3
86000;;;GALAXY_SOUNDS_SOLAR_WINDS;XIRECS;10612.0;3
86000;;;OXYGEN_SHAKE_CHOCOLATE;XIRECS;9101.0;3
86000;;;OXYGEN_SHAKE_EVENING_BREATH;XIRECS;9484.0;3
86000;;;OXYGEN_SHAKE_GARLIC;XIRECS;11948.0;3
86000;;;OXYGEN_SHAKE_MINT;XIRECS;9580.0;3
86000;;;OXYGEN_SHAKE_MORNING_BREATH;XIRECS;9468.0;3
86000;;;PANEL_1X2;XIRECS;8586.0;3
86000;;;PANEL_1X4;XIRECS;8420.0;3
86000;;;PANEL_2X2;XIRECS;8818.0;3
86000;;;PANEL_2X4;XIRECS;10964.0;3
86000;;;PANEL_4X4;XIRECS;10818.0;3
86000;;;ROBOT_DISHES;XIRECS;10341.0;3
86000;;;ROBOT_IRONING;XIRECS;7887.0;3
86000;;;ROBOT_MOPPING;XIRECS;11903.0;3
86000;;;ROBOT_VACUUMING;XIRECS;8747.0;3
86000;;;SLEEP_POD_COTTON;XIRECS;12859.0;3
86000;;;SLEEP_POD_LAMB_WOOL;XIRECS;10370.0;3
86000;;;SLEEP_POD_NYLON;XIRECS;9916.0;3
86000;;;SLEEP_POD_POLYESTER;XIRECS;12791.0;3
86000;;;SLEEP_POD_SUEDE;XIRECS;12326.0;3
86000;;;SNACKPACK_RASPBERRY;XIRECS;10177.0;3
86000;;;TRANSLATOR_ASTRO_BLACK;XIRECS;9412.0;3
86000;;;TRANSLATOR_ECLIPSE_CHARCOAL;XIRECS;9828.0;3
86000;;;TRANSLATOR_GRAPHITE_MIST;XIRECS;11300.0;3
86000;;;TRANSLATOR_SPACE_GRAY;XIRECS;9686.0;3
86000;;;TRANSLATOR_VOID_BLUE;XIRECS;10695.0;3
86000;;;UV_VISOR_AMBER;XIRECS;6973.0;3
86000;;;UV_VISOR_ORANGE;XIRECS;10757.0;3
86000;;;UV_VISOR_RED;XIRECS;11527.0;3
87300;;SUBMISSION;MICROCHIP_CIRCLE;XIRECS;8424.0;1
87300;;;MICROCHIP_OVAL;XIRECS;7045.0;1
87300;;;MICROCHIP_RECTANGLE;XIRECS;7573.0;1
87300;;;MICROCHIP_SQUARE;XIRECS;15772.0;1
87300;;;MICROCHIP_TRIANGLE;XIRECS;9507.0;1
87500;;SUBMISSION;PEBBLES_M;XIRECS;11014.0;4
87500;;SUBMISSION;PEBBLES_XS;XIRECS;6711.0;3
88400;SUBMISSION;;ROBOT_DISHES;XIRECS;10271.0;4
88500;;SUBMISSION;ROBOT_VACUUMING;XIRECS;8777.0;4
88600;;SUBMISSION;GALAXY_SOUNDS_BLACK_HOLES;XIRECS;12012.0;3
88600;;SUBMISSION;GALAXY_SOUNDS_DARK_MATTER;XIRECS;10788.0;4
88600;;SUBMISSION;GALAXY_SOUNDS_PLANETARY_RINGS;XIRECS;10744.0;4
88600;;SUBMISSION;PANEL_1X2;XIRECS;8603.0;3
88600;;SUBMISSION;SNACKPACK_PISTACHIO;XIRECS;9348.0;4
88600;;SUBMISSION;UV_VISOR_MAGENTA;XIRECS;10975.0;4
88600;;SUBMISSION;UV_VISOR_YELLOW;XIRECS;12094.0;4
88900;SUBMISSION;;PEBBLES_L;XIRECS;10907.0;2
88900;SUBMISSION;;PEBBLES_XS;XIRECS;6690.0;2
88900;SUBMISSION;;ROBOT_VACUUMING;XIRECS;8765.0;4
88900;;;PEBBLES_M;XIRECS;11033.0;2
88900;;;PEBBLES_S;XIRECS;8613.0;2
88900;;;PEBBLES_XL;XIRECS;12726.0;2
89500;SUBMISSION;;MICROCHIP_TRIANGLE;XIRECS;9477.0;2
90500;;SUBMISSION;PEBBLES_L;XIRECS;10966.0;4
91100;SUBMISSION;;MICROCHIP_OVAL;XIRECS;7078.0;2
91100;SUBMISSION;;MICROCHIP_RECTANGLE;XIRECS;7609.0;2
91100;SUBMISSION;;MICROCHIP_SQUARE;XIRECS;15529.0;2
91100;SUBMISSION;;MICROCHIP_TRIANGLE;XIRECS;9479.0;1
91100;;;MICROCHIP_CIRCLE;XIRECS;8444.0;2
92100;;SUBMISSION;GALAXY_SOUNDS_DARK_MATTER;XIRECS;10641.0;2
92100;;SUBMISSION;GALAXY_SOUNDS_PLANETARY_RINGS;XIRECS;10736.0;1
92100;;SUBMISSION;GALAXY_SOUNDS_SOLAR_FLAMES;XIRECS;10822.0;4
92100;;SUBMISSION;GALAXY_SOUNDS_SOLAR_WINDS;XIRECS;10781.0;2
92100;;SUBMISSION;OXYGEN_SHAKE_CHOCOLATE;XIRECS;9118.0;4
92100;;SUBMISSION;OXYGEN_SHAKE_EVENING_BREATH;XIRECS;9420.0;2
92100;;SUBMISSION;OXYGEN_SHAKE_GARLIC;XIRECS;12042.0;4
92100;;SUBMISSION;OXYGEN_SHAKE_MINT;XIRECS;9493.0;3
92100;;SUBMISSION;OXYGEN_SHAKE_MORNING_BREATH;XIRECS;9492.0;2
92100;;SUBMISSION;PANEL_2X2;XIRECS;8805.0;2
92100;;SUBMISSION;PANEL_2X4;XIRECS;11003.0;2
92100;;SUBMISSION;PANEL_4X4;XIRECS;11029.0;4
92100;;SUBMISSION;ROBOT_DISHES;XIRECS;10214.0;4
92100;;SUBMISSION;ROBOT_LAUNDRY;XIRECS;8892.0;4
92100;;SUBMISSION;ROBOT_MOPPING;XIRECS;11938.0;1
92100;;SUBMISSION;ROBOT_VACUUMING;XIRECS;8773.0;4
92100;;SUBMISSION;SLEEP_POD_COTTON;XIRECS;12708.0;4
92100;;SUBMISSION;SLEEP_POD_LAMB_WOOL;XIRECS;10390.0;1
92100;;SUBMISSION;SLEEP_POD_NYLON;XIRECS;9872.0;4
92100;;SUBMISSION;SLEEP_POD_POLYESTER;XIRECS;12806.0;4
92100;;SUBMISSION;SLEEP_POD_SUEDE;XIRECS;12450.0;4
92100;;SUBMISSION;SNACKPACK_CHOCOLATE;XIRECS;9876.0;4
92100;;SUBMISSION;SNACKPACK_PISTACHIO;XIRECS;9372.0;4
92100;;SUBMISSION;SNACKPACK_RASPBERRY;XIRECS;10081.0;4
92100;;SUBMISSION;SNACKPACK_STRAWBERRY;XIRECS;10829.0;4
92100;;SUBMISSION;SNACKPACK_VANILLA;XIRECS;10019.0;4
92100;;SUBMISSION;TRANSLATOR_ASTRO_BLACK;XIRECS;9490.0;4
92100;;SUBMISSION;TRANSLATOR_ECLIPSE_CHARCOAL;XIRECS;9890.0;4
92100;;SUBMISSION;TRANSLATOR_GRAPHITE_MIST;XIRECS;11372.0;4
92100;;SUBMISSION;TRANSLATOR_SPACE_GRAY;XIRECS;9566.0;2
92100;;SUBMISSION;TRANSLATOR_VOID_BLUE;XIRECS;10677.0;4
92100;;SUBMISSION;UV_VISOR_AMBER;XIRECS;6940.0;4
92100;;SUBMISSION;UV_VISOR_MAGENTA;XIRECS;10930.0;1
92100;;SUBMISSION;UV_VISOR_ORANGE;XIRECS;10787.0;4
92100;;SUBMISSION;UV_VISOR_RED;XIRECS;11582.0;4
92100;;SUBMISSION;UV_VISOR_YELLOW;XIRECS;12032.0;2
92100;;;GALAXY_SOUNDS_BLACK_HOLES;XIRECS;11970.0;4
92100;;;PANEL_1X2;XIRECS;8588.0;4
92100;;;PANEL_1X4;XIRECS;8314.0;4
92100;;;ROBOT_IRONING;XIRECS;7883.0;4
92400;SUBMISSION;;GALAXY_SOUNDS_BLACK_HOLES;XIRECS;11957.0;3
92400;SUBMISSION;;GALAXY_SOUNDS_DARK_MATTER;XIRECS;10621.0;3
92400;SUBMISSION;;GALAXY_SOUNDS_PLANETARY_RINGS;XIRECS;10720.0;3
92400;SUBMISSION;;GALAXY_SOUNDS_SOLAR_FLAMES;XIRECS;10818.0;3
92400;SUBMISSION;;GALAXY_SOUNDS_SOLAR_WINDS;XIRECS;10793.0;3
92400;SUBMISSION;;OXYGEN_SHAKE_CHOCOLATE;XIRECS;9124.0;3
92400;SUBMISSION;;OXYGEN_SHAKE_EVENING_BREATH;XIRECS;9399.0;3
92400;SUBMISSION;;OXYGEN_SHAKE_GARLIC;XIRECS;12012.0;3
92400;SUBMISSION;;OXYGEN_SHAKE_MINT;XIRECS;9479.0;3
92400;SUBMISSION;;OXYGEN_SHAKE_MORNING_BREATH;XIRECS;9483.0;3
92400;SUBMISSION;;PANEL_1X2;XIRECS;8587.0;3
92400;SUBMISSION;;PANEL_1X4;XIRECS;8303.0;3
92400;SUBMISSION;;PANEL_2X2;XIRECS;8788.0;3
92400;SUBMISSION;;PANEL_2X4;XIRECS;11001.0;3
92400;SUBMISSION;;PANEL_4X4;XIRECS;11033.0;3
92400;SUBMISSION;;ROBOT_MOPPING;XIRECS;11913.0;3
92400;SUBMISSION;;ROBOT_VACUUMING;XIRECS;8790.0;3
92400;SUBMISSION;;SLEEP_POD_COTTON;XIRECS;12726.0;3
92400;SUBMISSION;;SLEEP_POD_LAMB_WOOL;XIRECS;10401.0;3
92400;SUBMISSION;;SLEEP_POD_NYLON;XIRECS;9875.0;3
92400;SUBMISSION;;SLEEP_POD_POLYESTER;XIRECS;12832.0;3
92400;SUBMISSION;;SLEEP_POD_SUEDE;XIRECS;12460.0;3
92400;SUBMISSION;;SNACKPACK_CHOCOLATE;XIRECS;9884.0;3
92400;SUBMISSION;;SNACKPACK_PISTACHIO;XIRECS;9371.0;3
92400;SUBMISSION;;SNACKPACK_RASPBERRY;XIRECS;10064.0;3
92400;SUBMISSION;;SNACKPACK_VANILLA;XIRECS;10006.0;3
92400;SUBMISSION;;TRANSLATOR_ASTRO_BLACK;XIRECS;9481.0;3
92400;SUBMISSION;;TRANSLATOR_ECLIPSE_CHARCOAL;XIRECS;9905.0;3
92400;SUBMISSION;;TRANSLATOR_GRAPHITE_MIST;XIRECS;11347.0;3
92400;SUBMISSION;;TRANSLATOR_SPACE_GRAY;XIRECS;9564.0;3
92400;SUBMISSION;;TRANSLATOR_VOID_BLUE;XIRECS;10673.0;3
92400;SUBMISSION;;UV_VISOR_AMBER;XIRECS;6943.0;3
92400;SUBMISSION;;UV_VISOR_MAGENTA;XIRECS;10941.0;3
92400;SUBMISSION;;UV_VISOR_ORANGE;XIRECS;10805.0;3
92400;SUBMISSION;;UV_VISOR_RED;XIRECS;11557.0;3
92400;SUBMISSION;;UV_VISOR_YELLOW;XIRECS;12034.0;3
92400;;;ROBOT_DISHES;XIRECS;10240.0;3
92400;;;ROBOT_IRONING;XIRECS;7857.0;3
92400;;;ROBOT_LAUNDRY;XIRECS;8868.0;3
92400;;;SNACKPACK_STRAWBERRY;XIRECS;10831.0;3
92600;;SUBMISSION;PEBBLES_L;XIRECS;11080.0;1
92600;;SUBMISSION;PEBBLES_M;XIRECS;10758.0;2
92600;;SUBMISSION;PEBBLES_S;XIRECS;8526.0;3
92600;;SUBMISSION;PEBBLES_XL;XIRECS;12930.0;4
92600;;SUBMISSION;PEBBLES_XS;XIRECS;6716.0;2
93100;SUBMISSION;;GALAXY_SOUNDS_PLANETARY_RINGS;XIRECS;10675.0;2
93100;SUBMISSION;;GALAXY_SOUNDS_SOLAR_FLAMES;XIRECS;10864.0;1
93100;SUBMISSION;;OXYGEN_SHAKE_CHOCOLATE;XIRECS;9121.0;2
93100;SUBMISSION;;OXYGEN_SHAKE_EVENING_BREATH;XIRECS;9385.0;2
93100;SUBMISSION;;OXYGEN_SHAKE_GARLIC;XIRECS;12083.0;1
93100;SUBMISSION;;OXYGEN_SHAKE_MINT;XIRECS;9431.0;2
93100;SUBMISSION;;OXYGEN_SHAKE_MORNING_BREATH;XIRECS;9450.0;2
93100;SUBMISSION;;PANEL_1X2;XIRECS;8540.0;2
93100;SUBMISSION;;PANEL_2X2;XIRECS;8754.0;2
93100;SUBMISSION;;PANEL_4X4;XIRECS;11010.0;1
93100;SUBMISSION;;ROBOT_VACUUMING;XIRECS;8775.0;1
93100;SUBMISSION;;SLEEP_POD_COTTON;XIRECS;12735.0;1
93100;SUBMISSION;;SLEEP_POD_NYLON;XIRECS;9869.0;1
93100;SUBMISSION;;SLEEP_POD_SUEDE;XIRECS;12435.0;1
93100;SUBMISSION;;SNACKPACK_PISTACHIO;XIRECS;9377.0;2
93100;SUBMISSION;;SNACKPACK_RASPBERRY;XIRECS;10048.0;2
93100;SUBMISSION;;SNACKPACK_VANILLA;XIRECS;9999.0;2
93100;SUBMISSION;;TRANSLATOR_ASTRO_BLACK;XIRECS;9484.0;1
93100;SUBMISSION;;TRANSLATOR_ECLIPSE_CHARCOAL;XIRECS;9914.0;1
93100;SUBMISSION;;TRANSLATOR_GRAPHITE_MIST;XIRECS;11360.0;1
93100;SUBMISSION;;UV_VISOR_ORANGE;XIRECS;10787.0;1
93100;SUBMISSION;;UV_VISOR_RED;XIRECS;11541.0;1
93100;SUBMISSION;;UV_VISOR_YELLOW;XIRECS;11993.0;2
93100;;;GALAXY_SOUNDS_BLACK_HOLES;XIRECS;11968.0;2
93100;;;GALAXY_SOUNDS_DARK_MATTER;XIRECS;10609.0;2
93100;;;GALAXY_SOUNDS_SOLAR_WINDS;XIRECS;10816.0;2
93100;;;PANEL_1X4;XIRECS;8293.0;2
93100;;;PANEL_2X4;XIRECS;11003.0;2
93100;;;ROBOT_DISHES;XIRECS;10256.0;2
93100;;;ROBOT_IRONING;XIRECS;7887.0;2
93100;;;ROBOT_LAUNDRY;XIRECS;8868.0;2
93100;;;ROBOT_MOPPING;XIRECS;11898.0;2
93100;;;SLEEP_POD_LAMB_WOOL;XIRECS;10367.0;2
93100;;;SLEEP_POD_POLYESTER;XIRECS;12859.0;2
93100;;;SNACKPACK_CHOCOLATE;XIRECS;9884.0;2
93100;;;SNACKPACK_STRAWBERRY;XIRECS;10843.0;2
93100;;;TRANSLATOR_SPACE_GRAY;XIRECS;9563.0;2
93100;;;TRANSLATOR_VOID_BLUE;XIRECS;10703.0;2
93100;;;UV_VISOR_AMBER;XIRECS;6910.0;2
93100;;;UV_VISOR_MAGENTA;XIRECS;10986.0;2
93400;;SUBMISSION;PANEL_1X4;XIRECS;8296.0;4
94300;;SUBMISSION;MICROCHIP_CIRCLE;XIRECS;8383.0;2
94300;;SUBMISSION;MICROCHIP_OVAL;XIRECS;7125.0;2
94300;;SUBMISSION;MICROCHIP_RECTANGLE;XIRECS;7601.0;2
94300;;SUBMISSION;MICROCHIP_SQUARE;XIRECS;15367.0;2
94300;;SUBMISSION;MICROCHIP_TRIANGLE;XIRECS;9502.0;3
94500;;SUBMISSION;PANEL_2X2;XIRECS;8762.0;4
94500;;SUBMISSION;ROBOT_VACUUMING;XIRECS;8803.0;4
94600;SUBMISSION;;PANEL_1X4;XIRECS;8313.0;4
94600;SUBMISSION;;ROBOT_LAUNDRY;XIRECS;8851.0;4
94600;SUBMISSION;;ROBOT_MOPPING;XIRECS;11869.0;4
94600;SUBMISSION;;ROBOT_VACUUMING;XIRECS;8799.0;4
94600;SUBMISSION;;SNACKPACK_CHOCOLATE;XIRECS;9870.0;4
94600;SUBMISSION;;SNACKPACK_PISTACHIO;XIRECS;9368.0;4
94600;SUBMISSION;;SNACKPACK_RASPBERRY;XIRECS;10060.0;3
94600;;;GALAXY_SOUNDS_BLACK_HOLES;XIRECS;11948.0;4
94600;;;GALAXY_SOUNDS_DARK_MATTER;XIRECS;10552.0;4
94600;;;GALAXY_SOUNDS_PLANETARY_RINGS;XIRECS;10699.0;4
94600;;;GALAXY_SOUNDS_SOLAR_FLAMES;XIRECS;10840.0;4
94600;;;GALAXY_SOUNDS_SOLAR_WINDS;XIRECS;10807.0;4
94600;;;OXYGEN_SHAKE_CHOCOLATE;XIRECS;9158.0;4
94600;;;OXYGEN_SHAKE_EVENING_BREATH;XIRECS;9324.0;4
94600;;;OXYGEN_SHAKE_GARLIC;XIRECS;12136.0;4
94600;;;OXYGEN_SHAKE_MINT;XIRECS;9441.0;4
94600;;;OXYGEN_SHAKE_MORNING_BREATH;XIRECS;9409.0;4
94600;;;PANEL_1X2;XIRECS;8505.0;4
94600;;;PANEL_2X2;XIRECS;8759.0;4
94600;;;PANEL_2X4;XIRECS;11011.0;4
94600;;;PANEL_4X4;XIRECS;10993.0;4
94600;;;ROBOT_DISHES;XIRECS;10308.0;4
94600;;;ROBOT_IRONING;XIRECS;7847.0;4
94600;;;SLEEP_POD_COTTON;XIRECS;12727.0;4
94600;;;SLEEP_POD_LAMB_WOOL;XIRECS;10371.0;4
94600;;;SLEEP_POD_NYLON;XIRECS;9840.0;4
94600;;;SLEEP_POD_POLYESTER;XIRECS;12867.0;4
94600;;;SLEEP_POD_SUEDE;XIRECS;12445.0;4
94600;;;SNACKPACK_STRAWBERRY;XIRECS;10831.0;4
94600;;;SNACKPACK_VANILLA;XIRECS;10015.0;4
94600;;;TRANSLATOR_ASTRO_BLACK;XIRECS;9486.0;4
94600;;;TRANSLATOR_ECLIPSE_CHARCOAL;XIRECS;9930.0;4
94600;;;TRANSLATOR_GRAPHITE_MIST;XIRECS;11397.0;4
94600;;;TRANSLATOR_SPACE_GRAY;XIRECS;9560.0;4
94600;;;TRANSLATOR_VOID_BLUE;XIRECS;10794.0;4
94600;;;UV_VISOR_AMBER;XIRECS;6922.0;4
94600;;;UV_VISOR_MAGENTA;XIRECS;11059.0;4
94600;;;UV_VISOR_ORANGE;XIRECS;10794.0;4
94600;;;UV_VISOR_RED;XIRECS;11535.0;4
94600;;;UV_VISOR_YELLOW;XIRECS;12092.0;4
94700;;SUBMISSION;PANEL_1X4;XIRECS;8310.0;4
94900;;SUBMISSION;ROBOT_MOPPING;XIRECS;11858.0;4
95300;SUBMISSION;;PEBBLES_L;XIRECS;11004.0;2
95300;SUBMISSION;;PEBBLES_M;XIRECS;10803.0;2
95300;SUBMISSION;;PEBBLES_S;XIRECS;8479.0;2
95300;SUBMISSION;;PEBBLES_XL;XIRECS;12980.0;2
95300;SUBMISSION;;PEBBLES_XS;XIRECS;6722.0;2
95800;;SUBMISSION;SNACKPACK_CHOCOLATE;XIRECS;9898.0;4
96100;SUBMISSION;;MICROCHIP_OVAL;XIRECS;7047.0;2
96100;SUBMISSION;;MICROCHIP_RECTANGLE;XIRECS;7576.0;2
96100;SUBMISSION;;MICROCHIP_SQUARE;XIRECS;15364.0;2
96100;SUBMISSION;;MICROCHIP_TRIANGLE;XIRECS;9505.0;2
96100;;;MICROCHIP_CIRCLE;XIRECS;8360.0;2
97400;;SUBMISSION;MICROCHIP_RECTANGLE;XIRECS;7609.0;1
97400;;SUBMISSION;MICROCHIP_SQUARE;XIRECS;15459.0;1
97400;;;MICROCHIP_CIRCLE;XIRECS;8357.0;1
97400;;;MICROCHIP_OVAL;XIRECS;7041.0;1
97400;;;MICROCHIP_TRIANGLE;XIRECS;9452.0;1
98600;SUBMISSION;;ROBOT_DISHES;XIRECS;10216.0;4
99400;;SUBMISSION;GALAXY_SOUNDS_BLACK_HOLES;XIRECS;12041.0;3
99400;;SUBMISSION;GALAXY_SOUNDS_DARK_MATTER;XIRECS;10475.0;3
99400;;SUBMISSION;GALAXY_SOUNDS_PLANETARY_RINGS;XIRECS;10646.0;3
99400;;SUBMISSION;GALAXY_SOUNDS_SOLAR_FLAMES;XIRECS;10784.0;3
99400;;SUBMISSION;GALAXY_SOUNDS_SOLAR_WINDS;XIRECS;10773.0;3
99400;;SUBMISSION;OXYGEN_SHAKE_CHOCOLATE;XIRECS;9278.0;3
99400;;SUBMISSION;OXYGEN_SHAKE_EVENING_BREATH;XIRECS;9338.0;3
99400;;SUBMISSION;OXYGEN_SHAKE_GARLIC;XIRECS;12144.0;3
99400;;SUBMISSION;OXYGEN_SHAKE_MINT;XIRECS;9429.0;3
99400;;SUBMISSION;OXYGEN_SHAKE_MORNING_BREATH;XIRECS;9322.0;3
99400;;SUBMISSION;PANEL_1X2;XIRECS;8479.0;3
99400;;SUBMISSION;PANEL_2X2;XIRECS;8812.0;1
99400;;SUBMISSION;PANEL_2X4;XIRECS;11102.0;3
99400;;SUBMISSION;PANEL_4X4;XIRECS;11073.0;3
99400;;SUBMISSION;ROBOT_DISHES;XIRECS;10175.0;3
99400;;SUBMISSION;ROBOT_IRONING;XIRECS;8002.0;3
99400;;SUBMISSION;ROBOT_LAUNDRY;XIRECS;8920.0;3
99400;;SUBMISSION;ROBOT_MOPPING;XIRECS;11828.0;3
99400;;SUBMISSION;ROBOT_VACUUMING;XIRECS;8803.0;3
99400;;SUBMISSION;SLEEP_POD_COTTON;XIRECS;12884.0;3
99400;;SUBMISSION;SLEEP_POD_LAMB_WOOL;XIRECS;10197.0;3
99400;;SUBMISSION;SLEEP_POD_NYLON;XIRECS;9889.0;3
99400;;SUBMISSION;SLEEP_POD_POLYESTER;XIRECS;12976.0;3
99400;;SUBMISSION;SLEEP_POD_SUEDE;XIRECS;12300.0;3
99400;;SUBMISSION;SNACKPACK_CHOCOLATE;XIRECS;9938.0;3
99400;;SUBMISSION;SNACKPACK_PISTACHIO;XIRECS;9342.0;3
99400;;SUBMISSION;SNACKPACK_RASPBERRY;XIRECS;10133.0;3
99400;;SUBMISSION;SNACKPACK_STRAWBERRY;XIRECS;10777.0;3
99400;;SUBMISSION;SNACKPACK_VANILLA;XIRECS;9967.0;3
99400;;SUBMISSION;TRANSLATOR_ASTRO_BLACK;XIRECS;9511.0;3
99400;;SUBMISSION;TRANSLATOR_ECLIPSE_CHARCOAL;XIRECS;9993.0;3
99400;;SUBMISSION;TRANSLATOR_GRAPHITE_MIST;XIRECS;11522.0;3
99400;;SUBMISSION;TRANSLATOR_SPACE_GRAY;XIRECS;9462.0;3
99400;;SUBMISSION;TRANSLATOR_VOID_BLUE;XIRECS;10867.0;3
99400;;SUBMISSION;UV_VISOR_AMBER;XIRECS;6947.0;3
99400;;SUBMISSION;UV_VISOR_MAGENTA;XIRECS;11204.0;3
99400;;SUBMISSION;UV_VISOR_ORANGE;XIRECS;10727.0;3
99400;;SUBMISSION;UV_VISOR_RED;XIRECS;11604.0;3
99400;;SUBMISSION;UV_VISOR_YELLOW;XIRECS;12009.0;3
99400;;;PANEL_1X4;XIRECS;8361.0;3
99700;SUBMISSION;;ROBOT_VACUUMING;XIRECS;8806.0;3
