timestamp;buyer;seller;symbol;currency;price;quantity
4500;SUBMISSION;;VEV_5400;XIREC;18.0;2
4500;SUBMISSION;;VEV_5500;XIREC;8.0;2
4500;;;VEV_6000;XIREC;0.0;2
4500;;;VEV_6500;XIREC;0.0;2
5100;;;HYDROGEL_PACK;XIREC;9960.0;4
5200;;SUBMISSION;VELVETFRUIT_EXTRACT;XIREC;5251.0;18
5300;;SUBMISSION;VEV_4000;XIREC;1259.0;2
6100;;SUBMISSION;VELVETFRUIT_EXTRACT;XIREC;5254.0;3
6200;;;HYDROGEL_PACK;XIREC;9955.0;5
6500;SUBMISSION;;HYDROGEL_PACK;XIREC;9944.0;4
6500;SUBMISSION;;HYDROGEL_PACK;XIREC;9953.0;12
6800;SUBMISSION;;HYDROGEL_PACK;XIREC;9952.0;12
6900;SUBMISSION;;HYDROGEL_PACK;XIREC;9952.0;11
7800;SUBMISSION;;HYDROGEL_PACK;XIREC;9952.0;15
8300;SUBMISSION;;HYDROGEL_PACK;XIREC;9950.0;15
8300;SUBMISSION;;HYDROGEL_PACK;XIREC;9952.0;28
8400;SUBMISSION;;HYDROGEL_PACK;XIREC;9949.0;3
9400;SUBMISSION;;VELVETFRUIT_EXTRACT;XIREC;5244.0;14
9400;SUBMISSION;;VELVETFRUIT_EXTRACT;XIREC;5244.0;8
9500;SUBMISSION;;VELVETFRUIT_EXTRACT;XIREC;5245.0;6
9600;SUBMISSION;;VEV_5400;XIREC;16.0;4
9600;SUBMISSION;;VEV_5500;XIREC;7.0;4
9600;;;VEV_6000;XIREC;0.0;4
9600;;;VEV_6500;XIREC;0.0;4
9900;SUBMISSION;;VEV_5200;XIREC;97.0;30
9900;SUBMISSION;;VEV_5300;XIREC;48.0;19
9900;SUBMISSION;;VEV_5400;XIREC;17.0;19
9900;SUBMISSION;;VEV_5500;XIREC;8.0;19
10000;SUBMISSION;;VEV_5200;XIREC;97.0;25
10000;SUBMISSION;;VEV_5300;XIREC;48.0;24
10000;SUBMISSION;;VEV_5400;XIREC;17.0;24
10000;SUBMISSION;;VEV_5500;XIREC;8.0;24
10100;SUBMISSION;;VEV_5200;XIREC;96.0;9
10100;SUBMISSION;;VEV_5200;XIREC;97.0;16
10100;SUBMISSION;;VEV_5300;XIREC;47.0;5
10100;SUBMISSION;;VEV_5300;XIREC;48.0;10
10100;SUBMISSION;;VEV_5400;XIREC;17.0;15
10100;SUBMISSION;;VEV_5500;XIREC;8.0;15
10200;SUBMISSION;;VEV_5200;XIREC;96.0;15
10200;SUBMISSION;;VEV_5300;XIREC;47.0;23
10200;SUBMISSION;;VEV_5400;XIREC;17.0;23
10200;SUBMISSION;;VEV_5500;XIREC;8.0;23
10300;SUBMISSION;;VELVETFRUIT_EXTRACT;XIREC;5242.0;13
10300;SUBMISSION;;VEV_5300;XIREC;47.0;14
10300;SUBMISSION;;VEV_5400;XIREC;17.0;8
10300;SUBMISSION;;VEV_5500;XIREC;8.0;8
10400;SUBMISSION;;VELVETFRUIT_EXTRACT;XIREC;5240.0;12
10400;SUBMISSION;;VELVETFRUIT_EXTRACT;XIREC;5244.0;65
10400;SUBMISSION;;VELVETFRUIT_EXTRACT;XIREC;5240.0;3
10400;;;VELVETFRUIT_EXTRACT;XIREC;5240.0;9
11800;SUBMISSION;;VEV_5100;XIREC;162.0;4
11800;SUBMISSION;;VEV_5100;XIREC;165.0;26
11800;;;VEV_5500;XIREC;7.0;4
11800;;;VEV_6000;XIREC;0.0;4
11800;;;VEV_6500;XIREC;0.0;4
12200;;SUBMISSION;VEV_5500;XIREC;7.0;5
12200;SUBMISSION;;VEV_5500;XIREC;8.0;5
12400;;SUBMISSION;VEV_5500;XIREC;7.0;9
12400;SUBMISSION;;VEV_5500;XIREC;8.0;9
13300;;SUBMISSION;VEV_5500;XIREC;6.0;18
13300;SUBMISSION;;VEV_5500;XIREC;7.0;18
14300;;;VELVETFRUIT_EXTRACT;XIREC;5238.0;6
14800;SUBMISSION;;VEV_5100;XIREC;156.0;4
14800;SUBMISSION;;VEV_5100;XIREC;159.0;26
14800;;;VELVETFRUIT_EXTRACT;XIREC;5232.0;6
14800;;;VEV_5300;XIREC;42.0;4
14800;;;VEV_5400;XIREC;14.0;4
14800;;;VEV_5500;XIREC;6.0;4
14800;;;VEV_6000;XIREC;0.0;4
14800;;;VEV_6500;XIREC;0.0;4
15000;;SUBMISSION;HYDROGEL_PACK;XIREC;9965.0;4
15000;;SUBMISSION;VEV_5400;XIREC;14.0;26
15000;SUBMISSION;;VEV_5400;XIREC;15.0;26
15200;;SUBMISSION;VEV_5400;XIREC;14.0;15
15200;SUBMISSION;;VEV_5400;XIREC;15.0;15
15300;;SUBMISSION;VEV_5400;XIREC;14.0;23
15300;SUBMISSION;;VEV_5400;XIREC;15.0;23
15400;;SUBMISSION;VEV_5400;XIREC;14.0;23
15400;SUBMISSION;;VEV_5400;XIREC;15.0;23
15500;;SUBMISSION;VEV_5400;XIREC;14.0;25
15500;SUBMISSION;;VEV_5400;XIREC;15.0;25
15500;;SUBMISSION;VEV_5500;XIREC;6.0;25
15500;SUBMISSION;;VEV_5500;XIREC;7.0;25
15600;;SUBMISSION;VEV_5400;XIREC;14.0;22
15600;SUBMISSION;;VEV_5400;XIREC;15.0;22
15600;;SUBMISSION;VEV_5500;XIREC;6.0;22
15600;SUBMISSION;;VEV_5500;XIREC;7.0;22
15700;;SUBMISSION;VEV_5400;XIREC;14.0;24
15700;SUBMISSION;;VEV_5400;XIREC;15.0;24
15700;;SUBMISSION;VEV_5500;XIREC;6.0;24
15700;SUBMISSION;;VEV_5500;XIREC;7.0;24
15800;;SUBMISSION;VEV_5400;XIREC;14.0;15
15800;SUBMISSION;;VEV_5400;XIREC;15.0;15
15800;;SUBMISSION;VEV_5500;XIREC;6.0;15
15800;SUBMISSION;;VEV_5500;XIREC;7.0;15
15900;;SUBMISSION;VEV_5400;XIREC;14.0;22
15900;SUBMISSION;;VEV_5400;XIREC;15.0;22
15900;;SUBMISSION;VEV_5500;XIREC;6.0;22
15900;SUBMISSION;;VEV_5500;XIREC;7.0;22
16000;;SUBMISSION;VEV_5400;XIREC;14.0;19
16000;SUBMISSION;;VEV_5400;XIREC;15.0;19
16000;;SUBMISSION;VEV_5500;XIREC;6.0;19
16000;SUBMISSION;;VEV_5500;XIREC;7.0;19
16100;;SUBMISSION;VEV_5400;XIREC;14.0;21
16100;SUBMISSION;;VEV_5400;XIREC;15.0;21
16100;;SUBMISSION;VEV_5500;XIREC;6.0;21
16100;SUBMISSION;;VEV_5500;XIREC;7.0;21
16200;;SUBMISSION;VEV_5400;XIREC;14.0;26
16200;SUBMISSION;;VEV_5400;XIREC;15.0;26
16200;;SUBMISSION;VEV_5500;XIREC;6.0;26
16200;SUBMISSION;;VEV_5500;XIREC;7.0;26
16300;;SUBMISSION;VEV_5400;XIREC;14.0;26
16300;SUBMISSION;;VEV_5400;XIREC;15.0;26
16300;;SUBMISSION;VEV_5500;XIREC;6.0;26
16300;SUBMISSION;;VEV_5500;XIREC;7.0;26
16400;;SUBMISSION;VEV_5400;XIREC;14.0;9
16400;SUBMISSION;;VEV_5400;XIREC;15.0;9
16400;;SUBMISSION;VEV_5500;XIREC;6.0;26
16400;SUBMISSION;;VEV_5500;XIREC;7.0;26
16500;;SUBMISSION;VEV_5400;XIREC;14.0;22
16500;SUBMISSION;;VEV_5400;XIREC;15.0;22
16500;;SUBMISSION;VEV_5500;XIREC;6.0;22
16500;SUBMISSION;;VEV_5500;XIREC;7.0;22
16600;;SUBMISSION;VEV_5400;XIREC;14.0;25
16600;SUBMISSION;;VEV_5400;XIREC;15.0;25
16600;;SUBMISSION;VEV_5500;XIREC;6.0;25
16600;SUBMISSION;;VEV_5500;XIREC;7.0;25
16700;SUBMISSION;;VEV_4000;XIREC;1226.0;2
16700;SUBMISSION;;VEV_5100;XIREC;154.0;2
16700;SUBMISSION;;VEV_5100;XIREC;156.0;8
16700;SUBMISSION;;VEV_5100;XIREC;157.0;12
16700;;SUBMISSION;VEV_5400;XIREC;14.0;25
16700;SUBMISSION;;VEV_5400;XIREC;15.0;25
16700;;SUBMISSION;VEV_5500;XIREC;6.0;25
16700;SUBMISSION;;VEV_5500;XIREC;7.0;25
16700;;;VEV_5300;XIREC;41.0;2
16700;;;VEV_5400;XIREC;14.0;2
16700;;;VEV_5500;XIREC;6.0;2
16700;;;VEV_6000;XIREC;0.0;2
16700;;;VEV_6500;XIREC;0.0;2
16800;;SUBMISSION;VEV_5400;XIREC;14.0;7
16800;SUBMISSION;;VEV_5400;XIREC;15.0;7
16800;;SUBMISSION;VEV_5500;XIREC;6.0;17
16800;SUBMISSION;;VEV_5500;XIREC;7.0;17
16900;;SUBMISSION;VEV_5500;XIREC;6.0;23
16900;SUBMISSION;;VEV_5500;XIREC;7.0;23
17000;SUBMISSION;;VEV_5100;XIREC;155.0;13
17000;;SUBMISSION;VEV_5500;XIREC;6.0;16
17000;SUBMISSION;;VEV_5500;XIREC;7.0;16
17100;;SUBMISSION;VEV_5400;XIREC;14.0;16
17100;SUBMISSION;;VEV_5400;XIREC;15.0;16
17100;;SUBMISSION;VEV_5500;XIREC;6.0;16
17100;SUBMISSION;;VEV_5500;XIREC;7.0;16
17200;SUBMISSION;;HYDROGEL_PACK;XIREC;9951.0;4
17200;;SUBMISSION;VEV_5400;XIREC;14.0;19
17200;SUBMISSION;;VEV_5400;XIREC;15.0;19
17200;;SUBMISSION;VEV_5500;XIREC;6.0;19
17200;SUBMISSION;;VEV_5500;XIREC;7.0;19
17300;SUBMISSION;;VEV_4000;XIREC;1226.0;1
17300;;SUBMISSION;VEV_5400;XIREC;14.0;17
17300;SUBMISSION;;VEV_5400;XIREC;15.0;17
17300;;SUBMISSION;VEV_5500;XIREC;6.0;17
17300;SUBMISSION;;VEV_5500;XIREC;7.0;17
17400;;SUBMISSION;VEV_5400;XIREC;14.0;10
17400;SUBMISSION;;VEV_5400;XIREC;15.0;10
17400;;SUBMISSION;VEV_5500;XIREC;6.0;25
17400;SUBMISSION;;VEV_5500;XIREC;7.0;25
17400;;;VELVETFRUIT_EXTRACT;XIREC;5230.0;8
17500;;SUBMISSION;VEV_5400;XIREC;14.0;21
17500;SUBMISSION;;VEV_5400;XIREC;15.0;21
17500;;SUBMISSION;VEV_5500;XIREC;6.0;21
17500;SUBMISSION;;VEV_5500;XIREC;7.0;21
17600;;SUBMISSION;VEV_5400;XIREC;14.0;18
17600;SUBMISSION;;VEV_5400;XIREC;15.0;18
17600;;SUBMISSION;VEV_5500;XIREC;6.0;18
17600;SUBMISSION;;VEV_5500;XIREC;7.0;18
17700;;SUBMISSION;VEV_5400;XIREC;14.0;21
17700;SUBMISSION;;VEV_5400;XIREC;15.0;21
17700;;SUBMISSION;VEV_5500;XIREC;6.0;21
17700;SUBMISSION;;VEV_5500;XIREC;7.0;21
17800;;SUBMISSION;VEV_5400;XIREC;14.0;18
17800;SUBMISSION;;VEV_5400;XIREC;15.0;18
17800;;SUBMISSION;VEV_5500;XIREC;6.0;18
17800;SUBMISSION;;VEV_5500;XIREC;7.0;18
17900;;SUBMISSION;VEV_4000;XIREC;1238.0;1
17900;;SUBMISSION;VEV_5400;XIREC;14.0;27
17900;SUBMISSION;;VEV_5400;XIREC;15.0;27
17900;;SUBMISSION;VEV_5500;XIREC;6.0;27
17900;SUBMISSION;;VEV_5500;XIREC;7.0;27
18000;;SUBMISSION;VEV_5400;XIREC;14.0;29
18000;SUBMISSION;;VEV_5400;XIREC;15.0;29
18000;;SUBMISSION;VEV_5500;XIREC;6.0;29
18000;SUBMISSION;;VEV_5500;XIREC;7.0;29
18100;;SUBMISSION;VEV_5400;XIREC;14.0;23
18100;SUBMISSION;;VEV_5400;XIREC;15.0;23
18100;;SUBMISSION;VEV_5500;XIREC;6.0;23
18100;SUBMISSION;;VEV_5500;XIREC;7.0;23
18200;;SUBMISSION;VEV_5400;XIREC;14.0;10
18200;SUBMISSION;;VEV_5400;XIREC;15.0;10
18200;;SUBMISSION;VEV_5500;XIREC;6.0;30
18200;SUBMISSION;;VEV_5500;XIREC;7.0;30
18300;;SUBMISSION;VEV_5500;XIREC;6.0;22
18300;SUBMISSION;;VEV_5500;XIREC;7.0;22
18400;;SUBMISSION;VEV_5500;XIREC;6.0;23
18400;SUBMISSION;;VEV_5500;XIREC;7.0;23
18500;;SUBMISSION;VEV_5300;XIREC;40.0;5
18500;SUBMISSION;;VEV_5300;XIREC;41.0;5
18800;;SUBMISSION;VEV_5300;XIREC;40.0;5
18800;SUBMISSION;;VEV_5300;XIREC;41.0;5
19100;;SUBMISSION;VEV_5500;XIREC;6.0;26
19100;SUBMISSION;;VEV_5500;XIREC;7.0;26
19300;;;VELVETFRUIT_EXTRACT;XIREC;5226.0;5
19600;;SUBMISSION;VEV_5500;XIREC;6.0;5
19600;SUBMISSION;;VEV_5500;XIREC;7.0;5
19700;;SUBMISSION;VEV_5500;XIREC;6.0;16
19700;SUBMISSION;;VEV_5500;XIREC;7.0;16
20200;;;VELVETFRUIT_EXTRACT;XIREC;5224.0;5
21500;;SUBMISSION;VEV_5500;XIREC;6.0;29
21500;SUBMISSION;;VEV_5500;XIREC;7.0;29
21600;;SUBMISSION;VEV_5500;XIREC;6.0;22
21600;SUBMISSION;;VEV_5500;XIREC;7.0;22
21700;;SUBMISSION;VEV_5500;XIREC;6.0;26
21700;SUBMISSION;;VEV_5500;XIREC;7.0;26
21800;;SUBMISSION;VEV_5500;XIREC;6.0;24
21800;SUBMISSION;;VEV_5500;XIREC;7.0;24
22100;;SUBMISSION;VEV_5500;XIREC;6.0;24
22100;SUBMISSION;;VEV_5500;XIREC;7.0;24
22300;;SUBMISSION;VEV_5500;XIREC;6.0;7
22300;SUBMISSION;;VEV_5500;XIREC;7.0;7
22400;;SUBMISSION;VEV_5500;XIREC;6.0;26
22400;SUBMISSION;;VEV_5500;XIREC;7.0;26
22500;;SUBMISSION;VEV_5500;XIREC;6.0;22
22500;SUBMISSION;;VEV_5500;XIREC;7.0;22
22600;;SUBMISSION;VEV_5500;XIREC;6.0;19
22600;SUBMISSION;;VEV_5500;XIREC;7.0;19
22700;;SUBMISSION;VEV_5500;XIREC;6.0;19
22700;SUBMISSION;;VEV_5500;XIREC;7.0;19
22800;;SUBMISSION;VEV_5500;XIREC;6.0;26
22800;SUBMISSION;;VEV_5500;XIREC;7.0;26
22800;;;HYDROGEL_PACK;XIREC;9946.0;6
22900;;SUBMISSION;VEV_5500;XIREC;6.0;16
22900;SUBMISSION;;VEV_5500;XIREC;7.0;16
23000;;SUBMISSION;VEV_5500;XIREC;6.0;26
23000;SUBMISSION;;VEV_5500;XIREC;7.0;26
23100;;SUBMISSION;VEV_5500;XIREC;6.0;21
23100;SUBMISSION;;VEV_5500;XIREC;7.0;21
23200;;SUBMISSION;VEV_5500;XIREC;6.0;27
23200;SUBMISSION;;VEV_5500;XIREC;7.0;27
23300;;SUBMISSION;VEV_5500;XIREC;6.0;29
23300;SUBMISSION;;VEV_5500;XIREC;7.0;29
23400;;SUBMISSION;VEV_5500;XIREC;6.0;20
23400;SUBMISSION;;VEV_5500;XIREC;7.0;20
23500;;SUBMISSION;VEV_5400;XIREC;14.0;26
23500;SUBMISSION;;VEV_5400;XIREC;15.0;26
23500;;SUBMISSION;VEV_5500;XIREC;6.0;26
23500;SUBMISSION;;VEV_5500;XIREC;7.0;26
23600;;SUBMISSION;VEV_5400;XIREC;14.0;22
23600;SUBMISSION;;VEV_5400;XIREC;15.0;22
23600;;SUBMISSION;VEV_5500;XIREC;6.0;22
23600;SUBMISSION;;VEV_5500;XIREC;7.0;22
23700;;SUBMISSION;VEV_5400;XIREC;14.0;15
23700;SUBMISSION;;VEV_5400;XIREC;15.0;15
23700;;SUBMISSION;VEV_5500;XIREC;6.0;15
23700;SUBMISSION;;VEV_5500;XIREC;7.0;15
23800;;SUBMISSION;VEV_5400;XIREC;14.0;18
23800;SUBMISSION;;VEV_5400;XIREC;15.0;18
23800;;SUBMISSION;VEV_5500;XIREC;6.0;18
23800;SUBMISSION;;VEV_5500;XIREC;7.0;18
23900;;SUBMISSION;VEV_5400;XIREC;14.0;17
23900;SUBMISSION;;VEV_5400;XIREC;15.0;17
23900;;SUBMISSION;VEV_5500;XIREC;6.0;17
23900;SUBMISSION;;VEV_5500;XIREC;7.0;17
24000;;SUBMISSION;VEV_5400;XIREC;14.0;23
24000;SUBMISSION;;VEV_5400;XIREC;15.0;23
24000;;SUBMISSION;VEV_5500;XIREC;6.0;23
24000;SUBMISSION;;VEV_5500;XIREC;7.0;23
24100;;SUBMISSION;VEV_5400;XIREC;14.0;23
24100;SUBMISSION;;VEV_5400;XIREC;15.0;23
24100;;SUBMISSION;VEV_5500;XIREC;6.0;23
24100;SUBMISSION;;VEV_5500;XIREC;7.0;23
24200;;SUBMISSION;VEV_5500;XIREC;6.0;24
24200;SUBMISSION;;VEV_5500;XIREC;7.0;24
24300;;SUBMISSION;VEV_5400;XIREC;14.0;27
24300;SUBMISSION;;VEV_5400;XIREC;15.0;27
24300;;SUBMISSION;VEV_5500;XIREC;6.0;27
24300;SUBMISSION;;VEV_5500;XIREC;7.0;27
24400;;SUBMISSION;VEV_5500;XIREC;6.0;21
24400;SUBMISSION;;VEV_5500;XIREC;7.0;21
24500;;SUBMISSION;VEV_5500;XIREC;6.0;24
24500;SUBMISSION;;VEV_5500;XIREC;7.0;24
24600;;SUBMISSION;VEV_5500;XIREC;6.0;24
24600;SUBMISSION;;VEV_5500;XIREC;7.0;24
24700;;SUBMISSION;VEV_5400;XIREC;14.0;23
24700;SUBMISSION;;VEV_5400;XIREC;15.0;23
24700;;SUBMISSION;VEV_5500;XIREC;6.0;23
24700;SUBMISSION;;VEV_5500;XIREC;7.0;23
24800;;SUBMISSION;VEV_5400;XIREC;14.0;18
24800;SUBMISSION;;VEV_5400;XIREC;15.0;18
24800;;SUBMISSION;VEV_5500;XIREC;6.0;18
24800;SUBMISSION;;VEV_5500;XIREC;7.0;18
24900;;SUBMISSION;VEV_5400;XIREC;14.0;20
24900;SUBMISSION;;VEV_5400;XIREC;15.0;20
24900;;SUBMISSION;VEV_5500;XIREC;6.0;20
24900;SUBMISSION;;VEV_5500;XIREC;7.0;20
25000;;SUBMISSION;VEV_5400;XIREC;14.0;23
25000;SUBMISSION;;VEV_5400;XIREC;15.0;23
25000;;SUBMISSION;VEV_5500;XIREC;6.0;23
25000;SUBMISSION;;VEV_5500;XIREC;7.0;23
25100;;SUBMISSION;VEV_5400;XIREC;14.0;5
25100;SUBMISSION;;VEV_5400;XIREC;15.0;5
25100;;SUBMISSION;VEV_5500;XIREC;6.0;20
25100;SUBMISSION;;VEV_5500;XIREC;7.0;20
25200;;SUBMISSION;VEV_5400;XIREC;14.0;24
25200;SUBMISSION;;VEV_5400;XIREC;15.0;24
25200;;SUBMISSION;VEV_5500;XIREC;6.0;24
25200;SUBMISSION;;VEV_5500;XIREC;7.0;24
25300;;SUBMISSION;VEV_5400;XIREC;14.0;17
25300;SUBMISSION;;VEV_5400;XIREC;15.0;17
25300;;SUBMISSION;VEV_5500;XIREC;6.0;17
25300;SUBMISSION;;VEV_5500;XIREC;7.0;17
25400;;SUBMISSION;VEV_5400;XIREC;14.0;20
25400;SUBMISSION;;VEV_5400;XIREC;15.0;20
25400;;SUBMISSION;VEV_5500;XIREC;6.0;20
25400;SUBMISSION;;VEV_5500;XIREC;7.0;20
25500;;SUBMISSION;VEV_5400;XIREC;14.0;26
25500;SUBMISSION;;VEV_5400;XIREC;15.0;26
25500;;SUBMISSION;VEV_5500;XIREC;6.0;26
25500;SUBMISSION;;VEV_5500;XIREC;7.0;26
25600;;SUBMISSION;VEV_5400;XIREC;14.0;17
25600;SUBMISSION;;VEV_5400;XIREC;15.0;17
25600;;SUBMISSION;VEV_5500;XIREC;6.0;17
25600;SUBMISSION;;VEV_5500;XIREC;7.0;17
25700;;SUBMISSION;VEV_5500;XIREC;6.0;17
25700;SUBMISSION;;VEV_5500;XIREC;7.0;17
25700;;;VEV_4000;XIREC;1241.0;3
25800;;SUBMISSION;VEV_5400;XIREC;14.0;26
25800;SUBMISSION;;VEV_5400;XIREC;15.0;26
25800;;SUBMISSION;VEV_5500;XIREC;6.0;26
25800;SUBMISSION;;VEV_5500;XIREC;7.0;26
25900;;SUBMISSION;VEV_5500;XIREC;6.0;17
25900;SUBMISSION;;VEV_5500;XIREC;7.0;17
26000;;SUBMISSION;VEV_5400;XIREC;14.0;17
26000;SUBMISSION;;VEV_5400;XIREC;15.0;17
26000;;SUBMISSION;VEV_5500;XIREC;6.0;17
26000;SUBMISSION;;VEV_5500;XIREC;7.0;17
26100;;SUBMISSION;VEV_5400;XIREC;14.0;19
26100;SUBMISSION;;VEV_5400;XIREC;15.0;19
26100;;SUBMISSION;VEV_5500;XIREC;6.0;19
26100;SUBMISSION;;VEV_5500;XIREC;7.0;19
26200;;SUBMISSION;VEV_5500;XIREC;6.0;19
26200;SUBMISSION;;VEV_5500;XIREC;7.0;19
26300;;SUBMISSION;VEV_5500;XIREC;6.0;25
26300;SUBMISSION;;VEV_5500;XIREC;7.0;25
26400;;SUBMISSION;VEV_5500;XIREC;6.0;25
26400;SUBMISSION;;VEV_5500;XIREC;7.0;25
26500;;SUBMISSION;VEV_5500;XIREC;6.0;21
26500;SUBMISSION;;VEV_5500;XIREC;7.0;21
26600;;SUBMISSION;VEV_5500;XIREC;6.0;20
26600;SUBMISSION;;VEV_5500;XIREC;7.0;20
26700;;SUBMISSION;VEV_5500;XIREC;6.0;21
26700;SUBMISSION;;VEV_5500;XIREC;7.0;21
26800;;SUBMISSION;VEV_5500;XIREC;6.0;23
26800;SUBMISSION;;VEV_5500;XIREC;7.0;23
26900;;SUBMISSION;VEV_5500;XIREC;6.0;24
26900;SUBMISSION;;VEV_5500;XIREC;7.0;24
27000;;SUBMISSION;VEV_5400;XIREC;14.0;20
27000;SUBMISSION;;VEV_5400;XIREC;15.0;20
27000;;SUBMISSION;VEV_5500;XIREC;6.0;20
27000;SUBMISSION;;VEV_5500;XIREC;7.0;20
27100;;SUBMISSION;VEV_5400;XIREC;14.0;24
27100;SUBMISSION;;VEV_5400;XIREC;15.0;24
27100;;SUBMISSION;VEV_5500;XIREC;6.0;24
27100;SUBMISSION;;VEV_5500;XIREC;7.0;24
27200;;SUBMISSION;VEV_5400;XIREC;14.0;24
27200;SUBMISSION;;VEV_5400;XIREC;15.0;24
27200;;SUBMISSION;VEV_5500;XIREC;6.0;24
27200;SUBMISSION;;VEV_5500;XIREC;7.0;24
27300;;SUBMISSION;VEV_5400;XIREC;14.0;22
27300;SUBMISSION;;VEV_5400;XIREC;15.0;22
27300;;SUBMISSION;VEV_5500;XIREC;6.0;22
27300;SUBMISSION;;VEV_5500;XIREC;7.0;22
27400;;SUBMISSION;VEV_5500;XIREC;6.0;27
27400;SUBMISSION;;VEV_5500;XIREC;7.0;27
27500;;SUBMISSION;VEV_5500;XIREC;6.0;22
27500;SUBMISSION;;VEV_5500;XIREC;7.0;22
27600;;SUBMISSION;VEV_5500;XIREC;6.0;25
27600;SUBMISSION;;VEV_5500;XIREC;7.0;25
27700;;SUBMISSION;VEV_5500;XIREC;6.0;25
27700;SUBMISSION;;VEV_5500;XIREC;7.0;25
27800;;SUBMISSION;VEV_5500;XIREC;6.0;27
27800;SUBMISSION;;VEV_5500;XIREC;7.0;27
27900;;SUBMISSION;VEV_5500;XIREC;6.0;24
27900;SUBMISSION;;VEV_5500;XIREC;7.0;24
28000;;SUBMISSION;VEV_5500;XIREC;6.0;21
28000;SUBMISSION;;VEV_5500;XIREC;7.0;21
28200;;SUBMISSION;VEV_5500;XIREC;6.0;25
28200;SUBMISSION;;VEV_5500;XIREC;7.0;25
28300;;SUBMISSION;VEV_5500;XIREC;6.0;17
28300;SUBMISSION;;VEV_5500;XIREC;7.0;17
28400;;SUBMISSION;VEV_5500;XIREC;6.0;23
28400;SUBMISSION;;VEV_5500;XIREC;7.0;23
29000;;SUBMISSION;VEV_5500;XIREC;6.0;23
29000;SUBMISSION;;VEV_5500;XIREC;7.0;23
29100;;SUBMISSION;VEV_5500;XIREC;6.0;25
29100;SUBMISSION;;VEV_5500;XIREC;7.0;25
29300;;;VELVETFRUIT_EXTRACT;XIREC;5237.0;4
29400;;SUBMISSION;VEV_5500;XIREC;6.0;17
29400;SUBMISSION;;VEV_5500;XIREC;7.0;17
29600;;SUBMISSION;VEV_5500;XIREC;6.0;23
29600;SUBMISSION;;VEV_5500;XIREC;7.0;23
29800;;SUBMISSION;VEV_5500;XIREC;7.0;7
29900;SUBMISSION;;VEV_5500;XIREC;8.0;7
30100;;SUBMISSION;VEV_5500;XIREC;6.0;25
30100;SUBMISSION;;VEV_5500;XIREC;7.0;25
30200;;SUBMISSION;VEV_5500;XIREC;6.0;24
30200;SUBMISSION;;VEV_5500;XIREC;7.0;24
30300;;SUBMISSION;VEV_5500;XIREC;6.0;25
30300;SUBMISSION;;VEV_5500;XIREC;7.0;25
30400;;SUBMISSION;VEV_5500;XIREC;6.0;23
30400;SUBMISSION;;VEV_5500;XIREC;7.0;23
30500;;SUBMISSION;VEV_5400;XIREC;14.0;22
30500;SUBMISSION;;VEV_5400;XIREC;15.0;22
30500;;SUBMISSION;VEV_5500;XIREC;6.0;22
30500;SUBMISSION;;VEV_5500;XIREC;7.0;22
30600;;SUBMISSION;VEV_5500;XIREC;6.0;21
30600;SUBMISSION;;VEV_5500;XIREC;7.0;21
30700;;SUBMISSION;VEV_5400;XIREC;14.0;26
30700;SUBMISSION;;VEV_5400;XIREC;15.0;26
30700;;SUBMISSION;VEV_5500;XIREC;6.0;26
30700;SUBMISSION;;VEV_5500;XIREC;7.0;26
30800;;SUBMISSION;VEV_5400;XIREC;14.0;24
30800;SUBMISSION;;VEV_5400;XIREC;15.0;24
30800;;SUBMISSION;VEV_5500;XIREC;6.0;24
30800;SUBMISSION;;VEV_5500;XIREC;7.0;24
30800;;;HYDROGEL_PACK;XIREC;9940.0;2
30900;;SUBMISSION;VEV_5400;XIREC;14.0;28
30900;SUBMISSION;;VEV_5400;XIREC;15.0;26
30900;;SUBMISSION;VEV_5500;XIREC;6.0;28
30900;SUBMISSION;;VEV_5500;XIREC;7.0;26
31000;;SUBMISSION;VEV_5400;XIREC;14.0;24
31000;SUBMISSION;;VEV_5400;XIREC;15.0;24
31000;;SUBMISSION;VEV_5500;XIREC;6.0;24
31000;SUBMISSION;;VEV_5500;XIREC;7.0;24
31100;;SUBMISSION;VEV_5400;XIREC;14.0;21
31100;SUBMISSION;;VEV_5400;XIREC;15.0;21
31100;;SUBMISSION;VEV_5500;XIREC;6.0;21
31100;SUBMISSION;;VEV_5500;XIREC;7.0;21
31200;;SUBMISSION;VEV_5400;XIREC;14.0;26
31200;SUBMISSION;;VEV_5400;XIREC;15.0;26
31200;;SUBMISSION;VEV_5500;XIREC;6.0;26
31200;SUBMISSION;;VEV_5500;XIREC;7.0;26
31300;;SUBMISSION;VEV_5400;XIREC;14.0;22
31300;SUBMISSION;;VEV_5400;XIREC;15.0;22
31300;;SUBMISSION;VEV_5500;XIREC;6.0;22
31300;SUBMISSION;;VEV_5500;XIREC;7.0;22
31400;;SUBMISSION;VEV_5400;XIREC;14.0;6
31400;SUBMISSION;;VEV_5400;XIREC;15.0;8
31400;;SUBMISSION;VEV_5500;XIREC;6.0;20
31400;SUBMISSION;;VEV_5500;XIREC;7.0;20
31400;;;HYDROGEL_PACK;XIREC;9953.0;3
31500;;SUBMISSION;VEV_5500;XIREC;6.0;25
31500;SUBMISSION;;VEV_5500;XIREC;7.0;25
31600;;SUBMISSION;VEV_5400;XIREC;14.0;21
31600;SUBMISSION;;VEV_5400;XIREC;15.0;21
31600;;SUBMISSION;VEV_5500;XIREC;6.0;21
31600;SUBMISSION;;VEV_5500;XIREC;7.0;21
31700;;SUBMISSION;VEV_5400;XIREC;14.0;21
31700;SUBMISSION;;VEV_5400;XIREC;15.0;21
31700;;SUBMISSION;VEV_5500;XIREC;6.0;21
31700;SUBMISSION;;VEV_5500;XIREC;7.0;21
31700;;;VELVETFRUIT_EXTRACT;XIREC;5237.0;4
31800;;SUBMISSION;VEV_5400;XIREC;14.0;21
31800;SUBMISSION;;VEV_5400;XIREC;15.0;21
31800;;SUBMISSION;VEV_5500;XIREC;6.0;21
31800;SUBMISSION;;VEV_5500;XIREC;7.0;21
31900;;SUBMISSION;VEV_5400;XIREC;14.0;27
31900;SUBMISSION;;VEV_5400;XIREC;15.0;27
31900;;SUBMISSION;VEV_5500;XIREC;6.0;27
31900;SUBMISSION;;VEV_5500;XIREC;7.0;27
32000;;SUBMISSION;VEV_5400;XIREC;14.0;16
32000;SUBMISSION;;VEV_5400;XIREC;15.0;16
32000;;SUBMISSION;VEV_5500;XIREC;6.0;16
32000;SUBMISSION;;VEV_5500;XIREC;7.0;16
32000;;;HYDROGEL_PACK;XIREC;9938.0;5
32100;;SUBMISSION;VEV_5400;XIREC;14.0;26
32100;SUBMISSION;;VEV_5400;XIREC;15.0;26
32100;;SUBMISSION;VEV_5500;XIREC;6.0;26
32100;SUBMISSION;;VEV_5500;XIREC;7.0;26
32200;;SUBMISSION;VEV_5500;XIREC;6.0;28
32200;SUBMISSION;;VEV_5500;XIREC;7.0;28
32300;;SUBMISSION;VEV_5500;XIREC;6.0;28
32300;SUBMISSION;;VEV_5500;XIREC;7.0;28
32400;;SUBMISSION;VEV_5500;XIREC;6.0;24
32400;SUBMISSION;;VEV_5500;XIREC;7.0;24
32500;;SUBMISSION;VEV_5500;XIREC;6.0;26
32500;SUBMISSION;;VEV_5500;XIREC;7.0;26
32600;;SUBMISSION;VEV_5500;XIREC;6.0;23
32600;SUBMISSION;;VEV_5500;XIREC;7.0;23
32600;;;VELVETFRUIT_EXTRACT;XIREC;5240.0;5
32700;;SUBMISSION;VEV_5500;XIREC;6.0;22
32700;SUBMISSION;;VEV_5500;XIREC;7.0;22
32800;;SUBMISSION;VEV_5500;XIREC;6.0;21
32800;SUBMISSION;;VEV_5500;XIREC;7.0;21
32800;;;VELVETFRUIT_EXTRACT;XIREC;5238.0;7
32900;;SUBMISSION;VEV_5500;XIREC;6.0;22
32900;SUBMISSION;;VEV_5500;XIREC;7.0;22
33400;;SUBMISSION;VEV_5500;XIREC;6.0;19
33400;SUBMISSION;;VEV_5500;XIREC;7.0;19
33500;;SUBMISSION;VEV_5500;XIREC;6.0;18
33500;SUBMISSION;;VEV_5500;XIREC;7.0;18
33600;;SUBMISSION;VEV_5500;XIREC;6.0;25
33600;SUBMISSION;;VEV_5500;XIREC;7.0;25
33600;;;HYDROGEL_PACK;XIREC;9948.0;6
33700;;SUBMISSION;VEV_5400;XIREC;14.0;23
33700;SUBMISSION;;VEV_5400;XIREC;15.0;23
33700;;SUBMISSION;VEV_5500;XIREC;6.0;23
33700;SUBMISSION;;VEV_5500;XIREC;7.0;23
33800;;SUBMISSION;VEV_5400;XIREC;14.0;20
33800;SUBMISSION;;VEV_5400;XIREC;15.0;20
33800;;SUBMISSION;VEV_5500;XIREC;6.0;20
33800;SUBMISSION;;VEV_5500;XIREC;7.0;20
33900;;SUBMISSION;VEV_5500;XIREC;6.0;24
33900;SUBMISSION;;VEV_5500;XIREC;7.0;24
34000;;SUBMISSION;VEV_5400;XIREC;14.0;28
34000;SUBMISSION;;VEV_5400;XIREC;15.0;28
34000;;SUBMISSION;VEV_5500;XIREC;6.0;28
34000;SUBMISSION;;VEV_5500;XIREC;7.0;28
34100;;SUBMISSION;VEV_5400;XIREC;14.0;20
34100;SUBMISSION;;VEV_5400;XIREC;15.0;20
34100;;SUBMISSION;VEV_5500;XIREC;6.0;20
34100;SUBMISSION;;VEV_5500;XIREC;7.0;20
34200;;SUBMISSION;VEV_5400;XIREC;14.0;23
34200;SUBMISSION;;VEV_5400;XIREC;15.0;23
34200;;SUBMISSION;VEV_5500;XIREC;6.0;23
34200;SUBMISSION;;VEV_5500;XIREC;7.0;23
34300;;SUBMISSION;VEV_5400;XIREC;14.0;25
34300;SUBMISSION;;VEV_5400;XIREC;15.0;25
34300;;SUBMISSION;VEV_5500;XIREC;6.0;25
34300;SUBMISSION;;VEV_5500;XIREC;7.0;25
34400;;SUBMISSION;VEV_5400;XIREC;14.0;23
34400;SUBMISSION;;VEV_5400;XIREC;15.0;23
34400;;SUBMISSION;VEV_5500;XIREC;6.0;23
34400;SUBMISSION;;VEV_5500;XIREC;7.0;23
34500;;SUBMISSION;VEV_5400;XIREC;14.0;25
34500;SUBMISSION;;VEV_5400;XIREC;15.0;25
34500;;SUBMISSION;VEV_5500;XIREC;6.0;25
34500;SUBMISSION;;VEV_5500;XIREC;7.0;25
34600;;SUBMISSION;VEV_5400;XIREC;14.0;17
34600;SUBMISSION;;VEV_5400;XIREC;15.0;17
34600;;SUBMISSION;VEV_5500;XIREC;6.0;17
34600;SUBMISSION;;VEV_5500;XIREC;7.0;17
34700;;SUBMISSION;VEV_5400;XIREC;14.0;21
34700;SUBMISSION;;VEV_5400;XIREC;15.0;21
34700;;SUBMISSION;VEV_5500;XIREC;6.0;21
34700;SUBMISSION;;VEV_5500;XIREC;7.0;21
34800;;SUBMISSION;VEV_5400;XIREC;14.0;22
34800;SUBMISSION;;VEV_5400;XIREC;15.0;22
34800;;SUBMISSION;VEV_5500;XIREC;6.0;22
34800;SUBMISSION;;VEV_5500;XIREC;7.0;22
34900;;SUBMISSION;VEV_5400;XIREC;14.0;20
34900;SUBMISSION;;VEV_5400;XIREC;15.0;20
34900;;SUBMISSION;VEV_5500;XIREC;6.0;20
34900;SUBMISSION;;VEV_5500;XIREC;7.0;20
35000;;SUBMISSION;VEV_5400;XIREC;14.0;20
35000;SUBMISSION;;VEV_5400;XIREC;15.0;20
35000;;SUBMISSION;VEV_5500;XIREC;6.0;20
35000;SUBMISSION;;VEV_5500;XIREC;7.0;20
35100;;SUBMISSION;VEV_5400;XIREC;14.0;24
35100;SUBMISSION;;VEV_5400;XIREC;15.0;24
35100;;SUBMISSION;VEV_5500;XIREC;6.0;24
35100;SUBMISSION;;VEV_5500;XIREC;7.0;24
35200;;SUBMISSION;VEV_5400;XIREC;14.0;21
35200;SUBMISSION;;VEV_5400;XIREC;15.0;21
35200;;SUBMISSION;VEV_5500;XIREC;6.0;21
35200;SUBMISSION;;VEV_5500;XIREC;7.0;21
35300;;SUBMISSION;VEV_5400;XIREC;14.0;20
35300;SUBMISSION;;VEV_5400;XIREC;15.0;20
35300;;SUBMISSION;VEV_5500;XIREC;6.0;20
35300;SUBMISSION;;VEV_5500;XIREC;7.0;20
35400;;SUBMISSION;VEV_5400;XIREC;14.0;25
35400;SUBMISSION;;VEV_5400;XIREC;15.0;25
35400;;SUBMISSION;VEV_5500;XIREC;6.0;25
35400;SUBMISSION;;VEV_5500;XIREC;7.0;25
35500;;SUBMISSION;VEV_5400;XIREC;14.0;30
35500;SUBMISSION;;VEV_5400;XIREC;15.0;30
35500;;SUBMISSION;VEV_5500;XIREC;6.0;30
35500;SUBMISSION;;VEV_5500;XIREC;7.0;30
35600;;SUBMISSION;VEV_5400;XIREC;14.0;26
35600;SUBMISSION;;VEV_5400;XIREC;15.0;26
35600;;SUBMISSION;VEV_5500;XIREC;6.0;26
35600;SUBMISSION;;VEV_5500;XIREC;7.0;26
35700;;SUBMISSION;VEV_5400;XIREC;14.0;20
35700;SUBMISSION;;VEV_5400;XIREC;15.0;20
35700;;SUBMISSION;VEV_5500;XIREC;6.0;20
35700;SUBMISSION;;VEV_5500;XIREC;7.0;20
35800;;SUBMISSION;VEV_5400;XIREC;14.0;20
35800;SUBMISSION;;VEV_5400;XIREC;15.0;20
35800;;SUBMISSION;VEV_5500;XIREC;6.0;20
35800;SUBMISSION;;VEV_5500;XIREC;7.0;20
35900;;SUBMISSION;VEV_5400;XIREC;14.0;27
35900;SUBMISSION;;VEV_5400;XIREC;15.0;27
35900;;SUBMISSION;VEV_5500;XIREC;6.0;27
35900;SUBMISSION;;VEV_5500;XIREC;7.0;27
36000;;SUBMISSION;VEV_5400;XIREC;14.0;19
36000;SUBMISSION;;VEV_5400;XIREC;15.0;19
36000;;SUBMISSION;VEV_5500;XIREC;6.0;19
36000;SUBMISSION;;VEV_5500;XIREC;7.0;19
36100;;SUBMISSION;VEV_5400;XIREC;14.0;27
36100;SUBMISSION;;VEV_5400;XIREC;15.0;27
36100;;SUBMISSION;VEV_5500;XIREC;6.0;27
36100;SUBMISSION;;VEV_5500;XIREC;7.0;27
36200;;SUBMISSION;VEV_4000;XIREC;1239.0;3
36200;;SUBMISSION;VEV_5400;XIREC;14.0;24
36200;SUBMISSION;;VEV_5400;XIREC;15.0;24
36200;;SUBMISSION;VEV_5500;XIREC;6.0;24
36200;SUBMISSION;;VEV_5500;XIREC;7.0;24
36300;;SUBMISSION;VEV_5400;XIREC;14.0;19
36300;SUBMISSION;;VEV_5400;XIREC;15.0;19
36300;;SUBMISSION;VEV_5500;XIREC;6.0;19
36300;SUBMISSION;;VEV_5500;XIREC;7.0;19
36400;;SUBMISSION;VEV_5400;XIREC;14.0;22
36400;SUBMISSION;;VEV_5400;XIREC;15.0;22
36400;;SUBMISSION;VEV_5500;XIREC;6.0;22
36400;SUBMISSION;;VEV_5500;XIREC;7.0;22
36500;;SUBMISSION;VEV_5500;XIREC;6.0;25
36500;SUBMISSION;;VEV_5500;XIREC;7.0;25
36500;;;VELVETFRUIT_EXTRACT;XIREC;5232.0;7
36600;;SUBMISSION;VEV_5400;XIREC;14.0;21
36600;SUBMISSION;;VEV_5400;XIREC;15.0;21
36600;;SUBMISSION;VEV_5500;XIREC;6.0;21
36600;SUBMISSION;;VEV_5500;XIREC;7.0;21
36700;;SUBMISSION;VEV_5400;XIREC;14.0;26
36700;SUBMISSION;;VEV_5400;XIREC;15.0;26
36700;;SUBMISSION;VEV_5500;XIREC;6.0;26
36700;SUBMISSION;;VEV_5500;XIREC;7.0;26
36800;;SUBMISSION;VEV_5400;XIREC;14.0;10
36800;SUBMISSION;;VEV_5400;XIREC;15.0;10
36800;;SUBMISSION;VEV_5500;XIREC;6.0;24
36800;SUBMISSION;;VEV_5500;XIREC;7.0;24
36900;;SUBMISSION;VEV_5400;XIREC;14.0;22
36900;SUBMISSION;;VEV_5400;XIREC;15.0;22
36900;;SUBMISSION;VEV_5500;XIREC;6.0;22
36900;SUBMISSION;;VEV_5500;XIREC;7.0;22
37000;;SUBMISSION;VEV_5500;XIREC;6.0;21
37000;SUBMISSION;;VEV_5500;XIREC;7.0;21
37100;;SUBMISSION;VEV_5500;XIREC;6.0;21
37100;SUBMISSION;;VEV_5500;XIREC;7.0;21
37200;;SUBMISSION;VEV_5400;XIREC;14.0;20
37200;SUBMISSION;;VEV_5400;XIREC;15.0;20
37200;;SUBMISSION;VEV_5500;XIREC;6.0;20
37200;SUBMISSION;;VEV_5500;XIREC;7.0;20
37300;;SUBMISSION;VEV_5500;XIREC;6.0;24
37300;SUBMISSION;;VEV_5500;XIREC;7.0;24
37400;;SUBMISSION;VEV_5400;XIREC;14.0;18
37400;SUBMISSION;;VEV_5400;XIREC;15.0;18
37400;;SUBMISSION;VEV_5500;XIREC;6.0;18
37400;SUBMISSION;;VEV_5500;XIREC;7.0;18
37400;;;HYDROGEL_PACK;XIREC;9936.0;4
37500;;SUBMISSION;VEV_5500;XIREC;6.0;21
37500;SUBMISSION;;VEV_5500;XIREC;7.0;21
37600;;SUBMISSION;VEV_5500;XIREC;6.0;26
37600;SUBMISSION;;VEV_5500;XIREC;7.0;26
37700;;SUBMISSION;VEV_5500;XIREC;6.0;19
37700;SUBMISSION;;VEV_5500;XIREC;7.0;19
37800;;SUBMISSION;VEV_5500;XIREC;6.0;22
37800;SUBMISSION;;VEV_5500;XIREC;7.0;22
37900;;SUBMISSION;VEV_5500;XIREC;6.0;28
37900;SUBMISSION;;VEV_5500;XIREC;7.0;28
38000;;SUBMISSION;VEV_5500;XIREC;6.0;29
38000;SUBMISSION;;VEV_5500;XIREC;7.0;29
38100;;SUBMISSION;VEV_5500;XIREC;6.0;15
38100;SUBMISSION;;VEV_5500;XIREC;7.0;15
38200;;SUBMISSION;VEV_5500;XIREC;6.0;24
38200;SUBMISSION;;VEV_5500;XIREC;7.0;24
38300;;SUBMISSION;VEV_5500;XIREC;6.0;25
38300;SUBMISSION;;VEV_5500;XIREC;7.0;25
38400;;SUBMISSION;VEV_5500;XIREC;6.0;27
38400;SUBMISSION;;VEV_5500;XIREC;7.0;27
38500;;SUBMISSION;VEV_5500;XIREC;6.0;18
38500;SUBMISSION;;VEV_5500;XIREC;7.0;20
38500;;;VEV_5500;XIREC;6.0;5
38500;;;VEV_6000;XIREC;0.0;5
38500;;;VEV_6500;XIREC;0.0;5
38600;;SUBMISSION;VEV_5400;XIREC;14.0;6
38600;SUBMISSION;;VEV_5400;XIREC;15.0;6
38600;;SUBMISSION;VEV_5500;XIREC;6.0;19
38600;SUBMISSION;;VEV_5500;XIREC;7.0;19
38700;;SUBMISSION;VEV_5500;XIREC;6.0;17
38700;SUBMISSION;;VEV_5500;XIREC;7.0;17
38700;;;VELVETFRUIT_EXTRACT;XIREC;5228.0;8
38800;;SUBMISSION;VEV_5500;XIREC;6.0;17
38800;SUBMISSION;;VEV_5500;XIREC;7.0;17
38900;;SUBMISSION;VEV_5400;XIREC;14.0;23
38900;SUBMISSION;;VEV_5400;XIREC;15.0;23
38900;;SUBMISSION;VEV_5500;XIREC;6.0;23
38900;SUBMISSION;;VEV_5500;XIREC;7.0;23
39000;;SUBMISSION;VEV_5400;XIREC;14.0;22
39000;SUBMISSION;;VEV_5400;XIREC;15.0;22
39000;;SUBMISSION;VEV_5500;XIREC;6.0;22
39000;SUBMISSION;;VEV_5500;XIREC;7.0;22
39100;;SUBMISSION;VEV_5400;XIREC;14.0;5
39100;SUBMISSION;;VEV_5400;XIREC;15.0;5
39100;;SUBMISSION;VEV_5500;XIREC;6.0;21
39100;SUBMISSION;;VEV_5500;XIREC;7.0;21
39200;;SUBMISSION;VEV_5400;XIREC;14.0;22
39200;SUBMISSION;;VEV_5400;XIREC;15.0;22
39200;;SUBMISSION;VEV_5500;XIREC;6.0;22
39200;SUBMISSION;;VEV_5500;XIREC;7.0;22
39300;;SUBMISSION;VEV_5400;XIREC;14.0;19
39300;SUBMISSION;;VEV_5400;XIREC;15.0;19
39300;;SUBMISSION;VEV_5500;XIREC;6.0;19
39300;SUBMISSION;;VEV_5500;XIREC;7.0;19
39400;;SUBMISSION;VEV_5400;XIREC;14.0;16
39400;SUBMISSION;;VEV_5400;XIREC;15.0;16
39400;;SUBMISSION;VEV_5500;XIREC;6.0;16
39400;SUBMISSION;;VEV_5500;XIREC;7.0;16
39400;;;VELVETFRUIT_EXTRACT;XIREC;5234.0;5
39400;;;VELVETFRUIT_EXTRACT;XIREC;5233.0;9
39500;;SUBMISSION;VEV_5400;XIREC;14.0;28
39500;SUBMISSION;;VEV_5400;XIREC;15.0;28
39500;;SUBMISSION;VEV_5500;XIREC;6.0;28
39500;SUBMISSION;;VEV_5500;XIREC;7.0;28
39600;;SUBMISSION;VEV_5400;XIREC;14.0;27
39600;SUBMISSION;;VEV_5400;XIREC;15.0;27
39600;;SUBMISSION;VEV_5500;XIREC;6.0;27
39600;SUBMISSION;;VEV_5500;XIREC;7.0;27
39700;;SUBMISSION;VEV_5400;XIREC;14.0;19
39700;SUBMISSION;;VEV_5400;XIREC;15.0;19
39700;;SUBMISSION;VEV_5500;XIREC;6.0;19
39700;SUBMISSION;;VEV_5500;XIREC;7.0;19
39800;;SUBMISSION;VEV_5400;XIREC;14.0;18
39800;SUBMISSION;;VEV_5400;XIREC;15.0;18
39800;;SUBMISSION;VEV_5500;XIREC;6.0;18
39800;SUBMISSION;;VEV_5500;XIREC;7.0;18
39800;;;VELVETFRUIT_EXTRACT;XIREC;5232.0;4
39900;;SUBMISSION;VEV_5400;XIREC;14.0;28
39900;SUBMISSION;;VEV_5400;XIREC;15.0;28
39900;;SUBMISSION;VEV_5500;XIREC;6.0;28
39900;SUBMISSION;;VEV_5500;XIREC;7.0;28
40000;;SUBMISSION;VEV_5400;XIREC;14.0;25
40000;SUBMISSION;;VEV_5400;XIREC;15.0;25
40000;;SUBMISSION;VEV_5500;XIREC;6.0;25
40000;SUBMISSION;;VEV_5500;XIREC;7.0;25
40100;;SUBMISSION;VEV_5400;XIREC;14.0;26
40100;SUBMISSION;;VEV_5400;XIREC;15.0;26
40100;;SUBMISSION;VEV_5500;XIREC;6.0;26
40100;SUBMISSION;;VEV_5500;XIREC;7.0;26
40200;;SUBMISSION;VEV_5500;XIREC;6.0;23
40200;SUBMISSION;;VEV_5500;XIREC;7.0;23
40300;;SUBMISSION;VEV_5400;XIREC;14.0;30
40300;SUBMISSION;;VEV_5400;XIREC;15.0;30
40300;;SUBMISSION;VEV_5500;XIREC;6.0;30
40300;SUBMISSION;;VEV_5500;XIREC;7.0;30
40400;;SUBMISSION;VEV_5400;XIREC;14.0;24
40400;SUBMISSION;;VEV_5400;XIREC;15.0;24
40400;;SUBMISSION;VEV_5500;XIREC;6.0;24
40400;SUBMISSION;;VEV_5500;XIREC;7.0;24
40400;;;VEV_5300;XIREC;41.0;4
40400;;;VEV_5400;XIREC;14.0;4
40400;;;VEV_5500;XIREC;6.0;4
40400;;;VEV_6000;XIREC;0.0;4
40400;;;VEV_6500;XIREC;0.0;4
40500;;SUBMISSION;VEV_5400;XIREC;14.0;19
40500;SUBMISSION;;VEV_5400;XIREC;15.0;19
40500;;SUBMISSION;VEV_5500;XIREC;6.0;19
40500;SUBMISSION;;VEV_5500;XIREC;7.0;19
40600;;SUBMISSION;VEV_5500;XIREC;6.0;21
40600;SUBMISSION;;VEV_5500;XIREC;7.0;21
40700;;SUBMISSION;VEV_5500;XIREC;6.0;21
40700;SUBMISSION;;VEV_5500;XIREC;7.0;21
40800;;SUBMISSION;VEV_5500;XIREC;6.0;26
40800;SUBMISSION;;VEV_5500;XIREC;7.0;26
40900;;SUBMISSION;VEV_5500;XIREC;6.0;26
40900;SUBMISSION;;VEV_5500;XIREC;7.0;26
40900;;;HYDROGEL_PACK;XIREC;9951.0;5
41000;;SUBMISSION;VEV_5500;XIREC;6.0;26
41000;SUBMISSION;;VEV_5500;XIREC;7.0;26
41100;;SUBMISSION;VEV_5500;XIREC;6.0;7
41100;SUBMISSION;;VEV_5500;XIREC;7.0;7
41300;;;HYDROGEL_PACK;XIREC;9953.0;5
42200;;SUBMISSION;VEV_5500;XIREC;6.0;26
42200;SUBMISSION;;VEV_5500;XIREC;7.0;26
42300;;SUBMISSION;VEV_5500;XIREC;6.0;22
42300;SUBMISSION;;VEV_5500;XIREC;7.0;22
42400;;SUBMISSION;VEV_5500;XIREC;6.0;23
42400;SUBMISSION;;VEV_5500;XIREC;7.0;23
42500;;SUBMISSION;VEV_5500;XIREC;6.0;23
42500;SUBMISSION;;VEV_5500;XIREC;7.0;23
42600;;SUBMISSION;VEV_5500;XIREC;6.0;24
42600;SUBMISSION;;VEV_5500;XIREC;7.0;24
42700;;SUBMISSION;VEV_5500;XIREC;6.0;21
42700;SUBMISSION;;VEV_5500;XIREC;7.0;21
42800;;SUBMISSION;VEV_5500;XIREC;6.0;24
42800;SUBMISSION;;VEV_5500;XIREC;7.0;24
42900;;SUBMISSION;VEV_5500;XIREC;6.0;22
42900;SUBMISSION;;VEV_5500;XIREC;7.0;22
43000;;SUBMISSION;VEV_5500;XIREC;6.0;26
43000;SUBMISSION;;VEV_5500;XIREC;7.0;26
43100;;SUBMISSION;VEV_5500;XIREC;6.0;23
43100;SUBMISSION;;VEV_5500;XIREC;7.0;23
43200;;SUBMISSION;VEV_5500;XIREC;6.0;22
43200;SUBMISSION;;VEV_5500;XIREC;7.0;22
43300;;SUBMISSION;VEV_5500;XIREC;6.0;25
43300;SUBMISSION;;VEV_5500;XIREC;7.0;25
43400;;SUBMISSION;VEV_5500;XIREC;6.0;16
43400;SUBMISSION;;VEV_5500;XIREC;7.0;16
43400;;;VEV_5400;XIREC;13.0;5
43400;;;VEV_5500;XIREC;6.0;5
43400;;;VEV_6000;XIREC;0.0;5
43400;;;VEV_6500;XIREC;0.0;5
43600;;SUBMISSION;VEV_5500;XIREC;6.0;18
43600;SUBMISSION;;VEV_5500;XIREC;7.0;18
43600;;;VELVETFRUIT_EXTRACT;XIREC;5229.0;4
43700;;SUBMISSION;VEV_5400;XIREC;14.0;26
43700;SUBMISSION;;VEV_5400;XIREC;15.0;26
43700;;SUBMISSION;VEV_5500;XIREC;6.0;26
43700;SUBMISSION;;VEV_5500;XIREC;7.0;26
43800;;SUBMISSION;VEV_5400;XIREC;14.0;26
43800;SUBMISSION;;VEV_5400;XIREC;15.0;26
43800;;SUBMISSION;VEV_5500;XIREC;6.0;26
43800;SUBMISSION;;VEV_5500;XIREC;7.0;26
43900;;SUBMISSION;VEV_5400;XIREC;14.0;16
43900;SUBMISSION;;VEV_5400;XIREC;15.0;16
43900;;SUBMISSION;VEV_5500;XIREC;6.0;16
43900;SUBMISSION;;VEV_5500;XIREC;7.0;16
43900;;;HYDROGEL_PACK;XIREC;9952.0;6
44000;;SUBMISSION;VEV_5400;XIREC;14.0;24
44000;SUBMISSION;;VEV_5400;XIREC;15.0;24
44000;;SUBMISSION;VEV_5500;XIREC;6.0;24
44000;SUBMISSION;;VEV_5500;XIREC;7.0;24
44100;;SUBMISSION;VEV_5500;XIREC;6.0;19
44100;SUBMISSION;;VEV_5500;XIREC;7.0;19
44200;;SUBMISSION;VEV_5500;XIREC;6.0;23
44200;SUBMISSION;;VEV_5500;XIREC;7.0;23
44300;;SUBMISSION;VEV_5500;XIREC;6.0;17
44300;SUBMISSION;;VEV_5500;XIREC;7.0;17
44400;;SUBMISSION;VEV_5500;XIREC;6.0;22
44400;SUBMISSION;;VEV_5500;XIREC;7.0;22
44500;;SUBMISSION;VEV_5500;XIREC;6.0;22
44500;SUBMISSION;;VEV_5500;XIREC;7.0;22
44600;;SUBMISSION;VEV_5500;XIREC;6.0;29
44600;SUBMISSION;;VEV_5500;XIREC;7.0;29
44700;;SUBMISSION;VEV_5500;XIREC;6.0;19
44700;SUBMISSION;;VEV_5500;XIREC;7.0;19
44900;;SUBMISSION;VEV_5400;XIREC;16.0;26
45000;;SUBMISSION;VEV_5400;XIREC;16.0;25
45100;;SUBMISSION;VEV_5400;XIREC;16.0;25
45200;;;HYDROGEL_PACK;XIREC;9961.0;2
45300;;SUBMISSION;VEV_5500;XIREC;6.0;25
45300;SUBMISSION;;VEV_5500;XIREC;7.0;25
45400;;;VELVETFRUIT_EXTRACT;XIREC;5241.0;8
45500;;SUBMISSION;VEV_5500;XIREC;7.0;8
47700;;;VELVETFRUIT_EXTRACT;XIREC;5243.0;4
48300;;;HYDROGEL_PACK;XIREC;9960.0;3
48900;;SUBMISSION;VEV_5500;XIREC;7.0;2
48900;;;VELVETFRUIT_EXTRACT;XIREC;5241.0;6
49100;;SUBMISSION;VEV_5500;XIREC;7.0;7
49800;;;VELVETFRUIT_EXTRACT;XIREC;5244.0;3
50200;SUBMISSION;;VEV_4000;XIREC;1241.0;2
50300;;;VEV_4000;XIREC;1257.0;3
50700;;;VEV_5400;XIREC;16.0;5
50700;;;VEV_5500;XIREC;7.0;5
50700;;;VEV_6000;XIREC;0.0;5
50700;;;VEV_6500;XIREC;0.0;5
51600;;SUBMISSION;VEV_5500;XIREC;7.0;10
51700;;;VELVETFRUIT_EXTRACT;XIREC;5243.0;4
52400;;;HYDROGEL_PACK;XIREC;9961.0;5
52800;;;VEV_5400;XIREC;16.0;3
52800;;;VEV_5500;XIREC;7.0;3
52800;;;VEV_6000;XIREC;0.0;3
52800;;;VEV_6500;XIREC;0.0;3
53000;;;HYDROGEL_PACK;XIREC;9961.0;4
53400;;SUBMISSION;VEV_5500;XIREC;7.0;3
53400;;;VEV_5500;XIREC;7.0;2
53400;;;VEV_6000;XIREC;0.0;2
53400;;;VEV_6500;XIREC;0.0;2
53500;;SUBMISSION;VEV_5500;XIREC;7.0;9
53800;;;VEV_4000;XIREC;1255.0;2
54300;;SUBMISSION;VEV_5500;XIREC;7.0;9
54400;SUBMISSION;;VEV_4000;XIREC;1239.0;3
57600;;SUBMISSION;VEV_4000;XIREC;1252.0;3
59300;;;HYDROGEL_PACK;XIREC;9949.0;4
59600;;;VELVETFRUIT_EXTRACT;XIREC;5244.0;4
60300;;;VELVETFRUIT_EXTRACT;XIREC;5245.0;5
61100;;SUBMISSION;HYDROGEL_PACK;XIREC;9960.0;2
61400;;SUBMISSION;HYDROGEL_PACK;XIREC;9961.0;2
62100;;;VELVETFRUIT_EXTRACT;XIREC;5243.0;6
62300;;SUBMISSION;VEV_5500;XIREC;7.0;5
62400;SUBMISSION;;HYDROGEL_PACK;XIREC;9948.0;4
62400;SUBMISSION;;VEV_5500;XIREC;8.0;23
62500;;SUBMISSION;VEV_5500;XIREC;7.0;7
62600;;SUBMISSION;VEV_4000;XIREC;1249.0;1
62600;;SUBMISSION;VEV_5500;XIREC;7.0;5
62700;SUBMISSION;;VEV_5500;XIREC;8.0;22
62900;SUBMISSION;;VEV_5500;XIREC;8.0;20
63100;;SUBMISSION;VEV_4000;XIREC;1247.0;3
63200;;;HYDROGEL_PACK;XIREC;9950.0;5
63200;;;VELVETFRUIT_EXTRACT;XIREC;5240.0;8
63400;;SUBMISSION;VEV_5500;XIREC;7.0;10
63800;SUBMISSION;;VEV_5500;XIREC;8.0;10
64100;SUBMISSION;;VEV_5400;XIREC;16.0;6
64100;SUBMISSION;;VEV_5400;XIREC;17.0;19
64200;;SUBMISSION;VELVETFRUIT_EXTRACT;XIREC;5244.0;6
64300;;;HYDROGEL_PACK;XIREC;9933.0;4
64400;;SUBMISSION;VEV_5400;XIREC;16.0;25
64500;;SUBMISSION;VEV_5500;XIREC;7.0;5
64600;SUBMISSION;;VEV_5500;XIREC;8.0;5
64700;;SUBMISSION;VEV_5500;XIREC;7.0;7
64800;SUBMISSION;;VEV_5500;XIREC;8.0;7
64900;SUBMISSION;;VEV_5400;XIREC;16.0;23
65100;;SUBMISSION;VEV_5400;XIREC;16.0;22
65400;;;HYDROGEL_PACK;XIREC;9930.0;4
65700;SUBMISSION;;VELVETFRUIT_EXTRACT;XIREC;5241.0;6
65700;;;VELVETFRUIT_EXTRACT;XIREC;5240.0;2
65800;SUBMISSION;;VEV_5400;XIREC;16.0;10
65800;SUBMISSION;;VEV_5400;XIREC;17.0;11
65900;;;HYDROGEL_PACK;XIREC;9935.0;2
66300;SUBMISSION;;VEV_5400;XIREC;16.0;7
66300;SUBMISSION;;VEV_5400;XIREC;17.0;13
66700;;SUBMISSION;VEV_5500;XIREC;7.0;6
66900;;SUBMISSION;VEV_5400;XIREC;16.0;16
67000;;SUBMISSION;VEV_5400;XIREC;16.0;5
67100;;SUBMISSION;VEV_5400;XIREC;16.0;25
67300;;SUBMISSION;VELVETFRUIT_EXTRACT;XIREC;5244.0;20
67700;;SUBMISSION;VELVETFRUIT_EXTRACT;XIREC;5249.0;4
68000;;SUBMISSION;VEV_4000;XIREC;1253.0;2
69500;;;HYDROGEL_PACK;XIREC;9952.0;2
70100;SUBMISSION;;VEV_5500;XIREC;8.0;6
70200;SUBMISSION;;VEV_5400;XIREC;16.0;21
70400;SUBMISSION;;VEV_5400;XIREC;16.0;6
70400;SUBMISSION;;VEV_5400;XIREC;17.0;18
70500;SUBMISSION;;VEV_4000;XIREC;1237.0;1
70600;;SUBMISSION;VEV_5500;XIREC;7.0;10
70700;SUBMISSION;;VEV_5500;XIREC;8.0;10
70800;;SUBMISSION;VEV_5500;XIREC;7.0;8
70900;SUBMISSION;;VEV_5400;XIREC;16.0;10
70900;SUBMISSION;;VEV_5400;XIREC;17.0;17
70900;SUBMISSION;;VEV_5500;XIREC;8.0;8
71000;SUBMISSION;;VEV_5400;XIREC;16.0;6
71000;SUBMISSION;;VEV_5400;XIREC;17.0;2
71200;;SUBMISSION;VEV_5500;XIREC;6.0;24
71200;SUBMISSION;;VEV_5500;XIREC;7.0;24
71300;;SUBMISSION;VEV_5500;XIREC;6.0;25
71300;SUBMISSION;;VEV_5500;XIREC;7.0;25
71400;;SUBMISSION;VEV_5500;XIREC;6.0;20
71400;SUBMISSION;;VEV_5500;XIREC;7.0;20
71600;SUBMISSION;;VELVETFRUIT_EXTRACT;XIREC;5240.0;5
71800;SUBMISSION;;VELVETFRUIT_EXTRACT;XIREC;5240.0;7
72800;SUBMISSION;;VELVETFRUIT_EXTRACT;XIREC;5240.0;12
73400;;;VELVETFRUIT_EXTRACT;XIREC;5237.0;8
73400;;;VELVETFRUIT_EXTRACT;XIREC;5236.0;6
73500;;;HYDROGEL_PACK;XIREC;9966.0;3
74100;;;VEV_5300;XIREC;42.0;3
74100;;;VEV_5400;XIREC;14.0;3
74100;;;VEV_5500;XIREC;6.0;3
74100;;;VEV_6000;XIREC;0.0;3
74100;;;VEV_6500;XIREC;0.0;3
74300;;;VELVETFRUIT_EXTRACT;XIREC;5238.0;6
74400;;;VELVETFRUIT_EXTRACT;XIREC;5235.0;4
74700;;SUBMISSION;VEV_5500;XIREC;6.0;16
74700;SUBMISSION;;VEV_5500;XIREC;7.0;16
74800;;SUBMISSION;VEV_5500;XIREC;6.0;23
74800;SUBMISSION;;VEV_5500;XIREC;7.0;23
74900;;SUBMISSION;VEV_5500;XIREC;6.0;26
74900;SUBMISSION;;VEV_5500;XIREC;7.0;26
75000;;SUBMISSION;VEV_5500;XIREC;6.0;28
75000;SUBMISSION;;VEV_5500;XIREC;7.0;28
75100;;SUBMISSION;VEV_5500;XIREC;6.0;20
75100;SUBMISSION;;VEV_5500;XIREC;7.0;20
75200;;SUBMISSION;VEV_5500;XIREC;6.0;20
75200;SUBMISSION;;VEV_5500;XIREC;7.0;20
75300;;SUBMISSION;VEV_5500;XIREC;6.0;21
75300;SUBMISSION;;VEV_5500;XIREC;7.0;21
75400;;SUBMISSION;VEV_5500;XIREC;6.0;26
75400;SUBMISSION;;VEV_5500;XIREC;7.0;26
75500;;SUBMISSION;VEV_5500;XIREC;6.0;22
75500;SUBMISSION;;VEV_5500;XIREC;7.0;22
75600;;SUBMISSION;VEV_5500;XIREC;6.0;18
75600;SUBMISSION;;VEV_5500;XIREC;7.0;18
75700;;SUBMISSION;VEV_5500;XIREC;6.0;25
75700;SUBMISSION;;VEV_5500;XIREC;7.0;25
75800;;SUBMISSION;VEV_5500;XIREC;6.0;23
75800;SUBMISSION;;VEV_5500;XIREC;7.0;23
75900;;SUBMISSION;VEV_5500;XIREC;6.0;21
75900;SUBMISSION;;VEV_5500;XIREC;7.0;21
76000;;SUBMISSION;VEV_5500;XIREC;6.0;21
76000;SUBMISSION;;VEV_5500;XIREC;7.0;21
76100;;SUBMISSION;VEV_5400;XIREC;15.0;9
76100;SUBMISSION;;VEV_5400;XIREC;16.0;9
76100;;SUBMISSION;VEV_5500;XIREC;6.0;19
76100;SUBMISSION;;VEV_5500;XIREC;7.0;19
76200;;SUBMISSION;VEV_5500;XIREC;6.0;18
76200;SUBMISSION;;VEV_5500;XIREC;7.0;18
76300;;SUBMISSION;VEV_5500;XIREC;6.0;25
76300;SUBMISSION;;VEV_5500;XIREC;7.0;25
76400;;SUBMISSION;VEV_5500;XIREC;6.0;29
76400;SUBMISSION;;VEV_5500;XIREC;7.0;29
76500;;SUBMISSION;VEV_5500;XIREC;6.0;24
76500;SUBMISSION;;VEV_5500;XIREC;7.0;24
76600;;SUBMISSION;HYDROGEL_PACK;XIREC;9994.0;3
76600;;SUBMISSION;VEV_5500;XIREC;6.0;23
76600;SUBMISSION;;VEV_5500;XIREC;7.0;23
76700;;SUBMISSION;VEV_5400;XIREC;14.0;25
76700;SUBMISSION;;VEV_5400;XIREC;15.0;25
76700;;SUBMISSION;VEV_5500;XIREC;6.0;25
76700;SUBMISSION;;VEV_5500;XIREC;7.0;25
76800;;SUBMISSION;VEV_5500;XIREC;6.0;23
76800;SUBMISSION;;VEV_5500;XIREC;7.0;23
76900;;SUBMISSION;VEV_5500;XIREC;6.0;30
76900;SUBMISSION;;VEV_5500;XIREC;7.0;30
77000;;SUBMISSION;VEV_5400;XIREC;14.0;29
77000;SUBMISSION;;VEV_5400;XIREC;15.0;29
77000;;SUBMISSION;VEV_5500;XIREC;6.0;29
77000;SUBMISSION;;VEV_5500;XIREC;7.0;29
77100;;SUBMISSION;VEV_5500;XIREC;6.0;18
77100;SUBMISSION;;VEV_5500;XIREC;7.0;18
77200;;SUBMISSION;VEV_5500;XIREC;6.0;17
77200;SUBMISSION;;VEV_5500;XIREC;7.0;17
77300;;SUBMISSION;VEV_5500;XIREC;6.0;24
77300;SUBMISSION;;VEV_5500;XIREC;7.0;24
77300;;;VELVETFRUIT_EXTRACT;XIREC;5241.0;8
77400;;SUBMISSION;VEV_5500;XIREC;6.0;19
77400;SUBMISSION;;VEV_5500;XIREC;7.0;19
77500;;SUBMISSION;VEV_5500;XIREC;6.0;25
77500;SUBMISSION;;VEV_5500;XIREC;7.0;25
77600;;SUBMISSION;VEV_5500;XIREC;6.0;18
77600;SUBMISSION;;VEV_5500;XIREC;7.0;18
77700;;SUBMISSION;VEV_5500;XIREC;6.0;24
77700;SUBMISSION;;VEV_5500;XIREC;7.0;24
77800;;SUBMISSION;VEV_5400;XIREC;14.0;22
77800;SUBMISSION;;VEV_5400;XIREC;15.0;22
77800;;SUBMISSION;VEV_5500;XIREC;6.0;22
77800;SUBMISSION;;VEV_5500;XIREC;7.0;22
77900;;SUBMISSION;VEV_5500;XIREC;6.0;15
77900;SUBMISSION;;VEV_5500;XIREC;7.0;15
78000;;SUBMISSION;VEV_5500;XIREC;6.0;24
78000;SUBMISSION;;VEV_5500;XIREC;7.0;24
78100;;SUBMISSION;VEV_5500;XIREC;6.0;21
78100;SUBMISSION;;VEV_5500;XIREC;7.0;21
78200;;SUBMISSION;VEV_5500;XIREC;6.0;23
78200;SUBMISSION;;VEV_5500;XIREC;7.0;23
78300;SUBMISSION;;VEV_4000;XIREC;1234.0;3
78300;;SUBMISSION;VEV_5500;XIREC;6.0;18
78300;SUBMISSION;;VEV_5500;XIREC;7.0;18
78400;;SUBMISSION;VEV_5400;XIREC;15.0;5
78400;SUBMISSION;;VEV_5400;XIREC;16.0;5
78400;;SUBMISSION;VEV_5500;XIREC;6.0;19
78400;SUBMISSION;;VEV_5500;XIREC;7.0;19
78400;;;VELVETFRUIT_EXTRACT;XIREC;5238.0;7
78500;;SUBMISSION;HYDROGEL_PACK;XIREC;9999.0;4
78500;;SUBMISSION;VEV_5500;XIREC;6.0;20
78500;SUBMISSION;;VEV_5500;XIREC;7.0;20
78600;;SUBMISSION;VEV_5500;XIREC;6.0;22
78600;SUBMISSION;;VEV_5500;XIREC;7.0;22
78700;;SUBMISSION;VEV_5500;XIREC;6.0;21
78700;SUBMISSION;;VEV_5500;XIREC;7.0;21
78800;;SUBMISSION;VEV_5500;XIREC;6.0;21
78800;SUBMISSION;;VEV_5500;XIREC;7.0;21
78900;;SUBMISSION;VEV_5500;XIREC;6.0;25
78900;SUBMISSION;;VEV_5500;XIREC;7.0;25
79000;;SUBMISSION;VEV_5500;XIREC;6.0;20
79000;SUBMISSION;;VEV_5500;XIREC;7.0;20
79000;;;HYDROGEL_PACK;XIREC;9982.0;3
79100;;SUBMISSION;VEV_5500;XIREC;6.0;23
79100;SUBMISSION;;VEV_5500;XIREC;7.0;23
79200;;SUBMISSION;VEV_5500;XIREC;6.0;26
79200;SUBMISSION;;VEV_5500;XIREC;7.0;26
79300;;SUBMISSION;VEV_5500;XIREC;6.0;17
79300;SUBMISSION;;VEV_5500;XIREC;7.0;17
79400;;SUBMISSION;VEV_5500;XIREC;6.0;21
79400;SUBMISSION;;VEV_5500;XIREC;7.0;21
79500;;SUBMISSION;VEV_5500;XIREC;6.0;24
79500;SUBMISSION;;VEV_5500;XIREC;7.0;24
79600;;SUBMISSION;VEV_5500;XIREC;6.0;20
79600;SUBMISSION;;VEV_5500;XIREC;7.0;20
79700;;SUBMISSION;VEV_5500;XIREC;6.0;27
79700;SUBMISSION;;VEV_5500;XIREC;7.0;27
79800;;SUBMISSION;HYDROGEL_PACK;XIREC;9993.0;6
79800;;SUBMISSION;VEV_5500;XIREC;6.0;24
79800;SUBMISSION;;VEV_5500;XIREC;7.0;24
79900;;SUBMISSION;VEV_5500;XIREC;6.0;26
79900;SUBMISSION;;VEV_5500;XIREC;7.0;26
80000;;SUBMISSION;VEV_5500;XIREC;6.0;27
80000;SUBMISSION;;VEV_5500;XIREC;7.0;27
80100;;SUBMISSION;VEV_5500;XIREC;6.0;25
80100;SUBMISSION;;VEV_5500;XIREC;7.0;25
80200;;SUBMISSION;VEV_5500;XIREC;6.0;25
80200;SUBMISSION;;VEV_5500;XIREC;7.0;25
80300;;SUBMISSION;VEV_5500;XIREC;6.0;21
80300;SUBMISSION;;VEV_5500;XIREC;7.0;21
80400;;SUBMISSION;VEV_5500;XIREC;6.0;16
80400;SUBMISSION;;VEV_5500;XIREC;7.0;16
80500;;SUBMISSION;VEV_5500;XIREC;6.0;22
80500;SUBMISSION;;VEV_5500;XIREC;7.0;22
80600;;SUBMISSION;VEV_5500;XIREC;6.0;26
80600;SUBMISSION;;VEV_5500;XIREC;7.0;26
80700;;SUBMISSION;VEV_5500;XIREC;6.0;27
80700;SUBMISSION;;VEV_5500;XIREC;7.0;27
80800;;SUBMISSION;VEV_5400;XIREC;14.0;20
80800;SUBMISSION;;VEV_5400;XIREC;15.0;20
80800;;SUBMISSION;VEV_5500;XIREC;6.0;20
80800;SUBMISSION;;VEV_5500;XIREC;7.0;20
80900;;SUBMISSION;VEV_5400;XIREC;14.0;24
80900;SUBMISSION;;VEV_5400;XIREC;15.0;24
80900;;SUBMISSION;VEV_5500;XIREC;6.0;24
80900;SUBMISSION;;VEV_5500;XIREC;7.0;24
81000;;SUBMISSION;VEV_5500;XIREC;6.0;19
81000;SUBMISSION;;VEV_5500;XIREC;7.0;19
81100;;SUBMISSION;VEV_5500;XIREC;6.0;20
81100;SUBMISSION;;VEV_5500;XIREC;7.0;20
81200;;SUBMISSION;VEV_5400;XIREC;14.0;25
81200;SUBMISSION;;VEV_5400;XIREC;15.0;25
81200;;SUBMISSION;VEV_5500;XIREC;6.0;25
81200;SUBMISSION;;VEV_5500;XIREC;7.0;25
81300;;SUBMISSION;VEV_5500;XIREC;6.0;17
81300;SUBMISSION;;VEV_5500;XIREC;7.0;17
81300;;;HYDROGEL_PACK;XIREC;9970.0;6
81400;;SUBMISSION;VEV_5500;XIREC;6.0;19
81400;SUBMISSION;;VEV_5500;XIREC;7.0;19
81500;;SUBMISSION;VEV_5500;XIREC;6.0;26
81500;SUBMISSION;;VEV_5500;XIREC;7.0;26
81600;;SUBMISSION;VEV_5500;XIREC;6.0;29
81600;SUBMISSION;;VEV_5500;XIREC;7.0;29
81700;;SUBMISSION;HYDROGEL_PACK;XIREC;9979.0;3
81700;;SUBMISSION;VEV_5500;XIREC;6.0;26
81700;SUBMISSION;;VEV_5500;XIREC;7.0;26
81800;;SUBMISSION;VEV_5500;XIREC;6.0;19
81800;SUBMISSION;;VEV_5500;XIREC;7.0;19
81900;;SUBMISSION;HYDROGEL_PACK;XIREC;9977.0;2
81900;;SUBMISSION;VEV_5500;XIREC;6.0;21
81900;SUBMISSION;;VEV_5500;XIREC;7.0;21
82000;;SUBMISSION;VEV_5500;XIREC;6.0;19
82000;SUBMISSION;;VEV_5500;XIREC;7.0;19
82100;;SUBMISSION;VEV_5500;XIREC;6.0;26
82100;SUBMISSION;;VEV_5500;XIREC;7.0;26
82200;;SUBMISSION;VEV_5500;XIREC;6.0;18
82200;SUBMISSION;;VEV_5500;XIREC;7.0;18
82300;;SUBMISSION;HYDROGEL_PACK;XIREC;9976.0;3
82300;;SUBMISSION;VEV_5500;XIREC;6.0;23
82300;SUBMISSION;;VEV_5500;XIREC;7.0;23
82300;;;VELVETFRUIT_EXTRACT;XIREC;5235.0;3
82400;;SUBMISSION;VEV_5500;XIREC;6.0;20
82400;SUBMISSION;;VEV_5500;XIREC;7.0;20
82500;;SUBMISSION;VEV_5500;XIREC;6.0;23
82500;SUBMISSION;;VEV_5500;XIREC;7.0;23
82600;;SUBMISSION;VEV_5500;XIREC;6.0;27
82600;SUBMISSION;;VEV_5500;XIREC;7.0;27
82700;;SUBMISSION;VEV_5400;XIREC;14.0;28
82700;SUBMISSION;;VEV_5400;XIREC;15.0;28
82700;;SUBMISSION;VEV_5500;XIREC;6.0;28
82700;SUBMISSION;;VEV_5500;XIREC;7.0;28
82800;;SUBMISSION;VEV_5400;XIREC;14.0;22
82800;SUBMISSION;;VEV_5400;XIREC;15.0;22
82800;;SUBMISSION;VEV_5500;XIREC;6.0;22
82800;SUBMISSION;;VEV_5500;XIREC;7.0;22
82900;;SUBMISSION;VEV_5400;XIREC;14.0;25
82900;SUBMISSION;;VEV_5400;XIREC;15.0;25
82900;;SUBMISSION;VEV_5500;XIREC;6.0;25
82900;SUBMISSION;;VEV_5500;XIREC;7.0;25
83000;;SUBMISSION;VEV_5400;XIREC;14.0;20
83000;SUBMISSION;;VEV_5400;XIREC;15.0;20
83000;;SUBMISSION;VEV_5500;XIREC;6.0;20
83000;SUBMISSION;;VEV_5500;XIREC;7.0;20
83100;;SUBMISSION;VEV_5400;XIREC;14.0;10
83100;SUBMISSION;;VEV_5400;XIREC;15.0;10
83100;;SUBMISSION;VEV_5500;XIREC;6.0;28
83100;SUBMISSION;;VEV_5500;XIREC;7.0;28
83200;;SUBMISSION;VEV_5400;XIREC;14.0;18
83200;SUBMISSION;;VEV_5400;XIREC;15.0;18
83200;;SUBMISSION;VEV_5500;XIREC;6.0;18
83200;SUBMISSION;;VEV_5500;XIREC;7.0;18
83200;;;VELVETFRUIT_EXTRACT;XIREC;5237.0;7
83300;;SUBMISSION;VEV_5400;XIREC;14.0;29
83300;SUBMISSION;;VEV_5400;XIREC;15.0;29
83300;;SUBMISSION;VEV_5500;XIREC;6.0;29
83300;SUBMISSION;;VEV_5500;XIREC;7.0;29
83400;;SUBMISSION;VEV_5400;XIREC;14.0;21
83400;SUBMISSION;;VEV_5400;XIREC;15.0;21
83400;;SUBMISSION;VEV_5500;XIREC;6.0;21
83400;SUBMISSION;;VEV_5500;XIREC;7.0;21
83500;;SUBMISSION;VEV_5400;XIREC;14.0;21
83500;SUBMISSION;;VEV_5400;XIREC;15.0;21
83500;;SUBMISSION;VEV_5500;XIREC;6.0;21
83500;SUBMISSION;;VEV_5500;XIREC;7.0;21
83600;;SUBMISSION;VEV_5400;XIREC;14.0;27
83600;SUBMISSION;;VEV_5400;XIREC;15.0;27
83600;;SUBMISSION;VEV_5500;XIREC;6.0;27
83600;SUBMISSION;;VEV_5500;XIREC;7.0;27
83700;;SUBMISSION;VEV_5400;XIREC;14.0;17
83700;SUBMISSION;;VEV_5400;XIREC;15.0;17
83700;;SUBMISSION;VEV_5500;XIREC;6.0;17
83700;SUBMISSION;;VEV_5500;XIREC;7.0;17
83800;;SUBMISSION;VEV_5400;XIREC;14.0;17
83800;SUBMISSION;;VEV_5400;XIREC;15.0;17
83800;;SUBMISSION;VEV_5500;XIREC;6.0;17
83800;SUBMISSION;;VEV_5500;XIREC;7.0;17
83900;;SUBMISSION;VEV_5400;XIREC;14.0;22
83900;SUBMISSION;;VEV_5400;XIREC;15.0;22
83900;;SUBMISSION;VEV_5500;XIREC;6.0;22
83900;SUBMISSION;;VEV_5500;XIREC;7.0;22
84000;;SUBMISSION;VEV_5400;XIREC;14.0;20
84000;SUBMISSION;;VEV_5400;XIREC;15.0;20
84000;;SUBMISSION;VEV_5500;XIREC;6.0;20
84000;SUBMISSION;;VEV_5500;XIREC;7.0;20
84100;;SUBMISSION;VEV_5500;XIREC;6.0;6
84100;SUBMISSION;;VEV_5500;XIREC;7.0;6
84300;;SUBMISSION;VEV_4000;XIREC;1238.0;1
84300;;SUBMISSION;VEV_5500;XIREC;6.0;18
84300;SUBMISSION;;VEV_5500;XIREC;7.0;18
84400;;SUBMISSION;VEV_5500;XIREC;6.0;29
84400;SUBMISSION;;VEV_5500;XIREC;7.0;29
84500;;SUBMISSION;VEV_5500;XIREC;6.0;25
84500;SUBMISSION;;VEV_5500;XIREC;7.0;25
84600;;SUBMISSION;VEV_5400;XIREC;14.0;23
84600;SUBMISSION;;VEV_5400;XIREC;15.0;23
84600;;SUBMISSION;VEV_5500;XIREC;6.0;23
84600;SUBMISSION;;VEV_5500;XIREC;7.0;23
84600;;;VELVETFRUIT_EXTRACT;XIREC;5233.0;8
84700;;SUBMISSION;VEV_5400;XIREC;14.0;18
84700;SUBMISSION;;VEV_5400;XIREC;15.0;18
84700;;SUBMISSION;VEV_5500;XIREC;6.0;18
84700;SUBMISSION;;VEV_5500;XIREC;7.0;18
84800;;SUBMISSION;VEV_5400;XIREC;14.0;24
84800;SUBMISSION;;VEV_5400;XIREC;15.0;24
84800;;SUBMISSION;VEV_5500;XIREC;6.0;24
84800;SUBMISSION;;VEV_5500;XIREC;7.0;24
84900;;SUBMISSION;VEV_5400;XIREC;14.0;22
84900;SUBMISSION;;VEV_5400;XIREC;15.0;22
84900;;SUBMISSION;VEV_5500;XIREC;6.0;22
84900;SUBMISSION;;VEV_5500;XIREC;7.0;22
85000;;SUBMISSION;VEV_5400;XIREC;14.0;29
85000;SUBMISSION;;VEV_5400;XIREC;15.0;29
85000;;SUBMISSION;VEV_5500;XIREC;6.0;29
85000;SUBMISSION;;VEV_5500;XIREC;7.0;29
85100;;SUBMISSION;VEV_5500;XIREC;6.0;17
85100;SUBMISSION;;VEV_5500;XIREC;7.0;17
85200;;SUBMISSION;VEV_5400;XIREC;14.0;21
85200;SUBMISSION;;VEV_5400;XIREC;15.0;21
85200;;SUBMISSION;VEV_5500;XIREC;6.0;21
85200;SUBMISSION;;VEV_5500;XIREC;7.0;21
85300;;SUBMISSION;VEV_5400;XIREC;14.0;18
85300;SUBMISSION;;VEV_5400;XIREC;15.0;18
85300;;SUBMISSION;VEV_5500;XIREC;6.0;18
85300;SUBMISSION;;VEV_5500;XIREC;7.0;18
85300;;;VEV_5300;XIREC;42.0;2
85300;;;VEV_5400;XIREC;14.0;2
85300;;;VEV_5500;XIREC;6.0;2
85300;;;VEV_6000;XIREC;0.0;2
85300;;;VEV_6500;XIREC;0.0;2
85400;;SUBMISSION;VEV_5400;XIREC;14.0;15
85400;SUBMISSION;;VEV_5400;XIREC;15.0;15
85400;;SUBMISSION;VEV_5500;XIREC;6.0;15
85400;SUBMISSION;;VEV_5500;XIREC;7.0;15
85500;;SUBMISSION;VEV_5400;XIREC;14.0;28
85500;SUBMISSION;;VEV_5400;XIREC;15.0;28
85500;;SUBMISSION;VEV_5500;XIREC;6.0;28
85500;SUBMISSION;;VEV_5500;XIREC;7.0;28
85600;;SUBMISSION;VEV_5400;XIREC;14.0;19
85600;SUBMISSION;;VEV_5400;XIREC;15.0;19
85600;;SUBMISSION;VEV_5500;XIREC;6.0;19
85600;SUBMISSION;;VEV_5500;XIREC;7.0;19
85700;;SUBMISSION;VEV_5400;XIREC;14.0;19
85700;SUBMISSION;;VEV_5400;XIREC;15.0;19
85700;;SUBMISSION;VEV_5500;XIREC;6.0;19
85700;SUBMISSION;;VEV_5500;XIREC;7.0;19
85800;;SUBMISSION;VEV_5400;XIREC;14.0;22
85800;SUBMISSION;;VEV_5400;XIREC;15.0;22
85800;;SUBMISSION;VEV_5500;XIREC;6.0;22
85800;SUBMISSION;;VEV_5500;XIREC;7.0;22
85900;;SUBMISSION;VEV_5400;XIREC;14.0;19
85900;SUBMISSION;;VEV_5400;XIREC;15.0;19
85900;;SUBMISSION;VEV_5500;XIREC;6.0;19
85900;SUBMISSION;;VEV_5500;XIREC;7.0;19
86000;;SUBMISSION;VEV_5500;XIREC;6.0;20
86000;SUBMISSION;;VEV_5500;XIREC;7.0;20
86100;;SUBMISSION;VEV_5500;XIREC;6.0;14
86100;SUBMISSION;;VEV_5500;XIREC;7.0;14
86100;;;VEV_5400;XIREC;14.0;5
86100;;;VEV_5500;XIREC;6.0;5
86100;;;VEV_6000;XIREC;0.0;5
86100;;;VEV_6500;XIREC;0.0;5
86200;;SUBMISSION;VEV_5500;XIREC;6.0;21
86200;SUBMISSION;;VEV_5500;XIREC;7.0;21
86300;;SUBMISSION;VEV_5500;XIREC;6.0;25
86300;SUBMISSION;;VEV_5500;XIREC;7.0;25
86400;;SUBMISSION;VEV_5400;XIREC;14.0;22
86400;SUBMISSION;;VEV_5400;XIREC;15.0;22
86400;;SUBMISSION;VEV_5500;XIREC;6.0;22
86400;SUBMISSION;;VEV_5500;XIREC;7.0;22
86500;;SUBMISSION;VEV_5500;XIREC;6.0;25
86500;SUBMISSION;;VEV_5500;XIREC;7.0;25
86600;;SUBMISSION;VEV_5500;XIREC;6.0;23
86600;SUBMISSION;;VEV_5500;XIREC;7.0;23
86700;;SUBMISSION;VEV_5400;XIREC;14.0;23
86700;SUBMISSION;;VEV_5400;XIREC;15.0;23
86700;;SUBMISSION;VEV_5500;XIREC;6.0;23
86700;SUBMISSION;;VEV_5500;XIREC;7.0;23
86800;;SUBMISSION;VEV_5500;XIREC;6.0;23
86800;SUBMISSION;;VEV_5500;XIREC;7.0;23
86900;;SUBMISSION;VEV_5500;XIREC;6.0;24
86900;SUBMISSION;;VEV_5500;XIREC;7.0;24
87000;;SUBMISSION;VEV_5500;XIREC;6.0;23
87000;SUBMISSION;;VEV_5500;XIREC;7.0;23
87100;;SUBMISSION;VEV_5500;XIREC;6.0;26
87100;SUBMISSION;;VEV_5500;XIREC;7.0;26
87200;;SUBMISSION;VEV_5500;XIREC;6.0;20
87200;SUBMISSION;;VEV_5500;XIREC;7.0;20
87300;;SUBMISSION;VEV_5500;XIREC;6.0;21
87300;SUBMISSION;;VEV_5500;XIREC;7.0;21
87400;;SUBMISSION;VEV_5500;XIREC;6.0;19
87400;SUBMISSION;;VEV_5500;XIREC;7.0;19
87500;;SUBMISSION;VEV_5500;XIREC;6.0;27
87500;SUBMISSION;;VEV_5500;XIREC;7.0;27
87600;;SUBMISSION;VEV_5500;XIREC;6.0;20
87600;SUBMISSION;;VEV_5500;XIREC;7.0;20
87700;;SUBMISSION;VEV_5500;XIREC;6.0;22
87700;SUBMISSION;;VEV_5500;XIREC;7.0;22
87800;;SUBMISSION;VEV_5500;XIREC;6.0;21
87800;SUBMISSION;;VEV_5500;XIREC;7.0;21
87900;;SUBMISSION;VEV_5500;XIREC;6.0;21
87900;SUBMISSION;;VEV_5500;XIREC;7.0;21
87900;;;VELVETFRUIT_EXTRACT;XIREC;5239.0;3
88000;;SUBMISSION;VEV_5500;XIREC;6.0;23
88000;SUBMISSION;;VEV_5500;XIREC;7.0;23
88100;;SUBMISSION;VEV_5500;XIREC;6.0;20
88100;SUBMISSION;;VEV_5500;XIREC;7.0;20
88200;;SUBMISSION;VEV_5400;XIREC;15.0;8
88200;SUBMISSION;;VEV_5400;XIREC;16.0;8
88200;;SUBMISSION;VEV_5500;XIREC;6.0;25
88200;SUBMISSION;;VEV_5500;XIREC;7.0;25
88300;;SUBMISSION;VEV_5500;XIREC;6.0;19
88300;SUBMISSION;;VEV_5500;XIREC;7.0;19
88400;;SUBMISSION;VEV_5500;XIREC;6.0;27
88400;SUBMISSION;;VEV_5500;XIREC;7.0;27
88500;;SUBMISSION;VELVETFRUIT_EXTRACT;XIREC;5241.0;6
88600;;SUBMISSION;VEV_5500;XIREC;6.0;21
88600;SUBMISSION;;VEV_5500;XIREC;7.0;21
88700;;SUBMISSION;VEV_5500;XIREC;6.0;17
88700;SUBMISSION;;VEV_5500;XIREC;7.0;17
88800;;SUBMISSION;VEV_5500;XIREC;6.0;20
88800;SUBMISSION;;VEV_5500;XIREC;7.0;20
88900;;SUBMISSION;VEV_5500;XIREC;6.0;20
88900;SUBMISSION;;VEV_5500;XIREC;7.0;20
89200;;SUBMISSION;VEV_5500;XIREC;6.0;25
89200;SUBMISSION;;VEV_5500;XIREC;7.0;25
89300;SUBMISSION;;VEV_4000;XIREC;1237.0;3
89800;;;VEV_5300;XIREC;45.0;4
89800;;;VEV_5400;XIREC;15.0;4
89800;;;VEV_6000;XIREC;0.0;4
89800;;;VEV_6500;XIREC;0.0;4
90500;;SUBMISSION;VEV_5500;XIREC;7.0;9
90700;SUBMISSION;;VEV_5500;XIREC;7.0;9
91100;;SUBMISSION;VELVETFRUIT_EXTRACT;XIREC;5243.0;6
91100;;SUBMISSION;VEV_5500;XIREC;6.0;30
91100;SUBMISSION;;VEV_5500;XIREC;7.0;30
91300;;SUBMISSION;VEV_5500;XIREC;6.0;21
91300;SUBMISSION;;VEV_5500;XIREC;7.0;21
91500;;SUBMISSION;VEV_5500;XIREC;6.0;19
91500;SUBMISSION;;VEV_5500;XIREC;7.0;19
91600;;SUBMISSION;VEV_5500;XIREC;6.0;22
91600;SUBMISSION;;VEV_5500;XIREC;7.0;22
91700;;SUBMISSION;VEV_5500;XIREC;6.0;21
91700;SUBMISSION;;VEV_5500;XIREC;7.0;21
91800;;SUBMISSION;VEV_5500;XIREC;6.0;19
91800;SUBMISSION;;VEV_5500;XIREC;7.0;19
91900;;SUBMISSION;VEV_5500;XIREC;6.0;15
91900;SUBMISSION;;VEV_5500;XIREC;7.0;15
92000;;SUBMISSION;VELVETFRUIT_EXTRACT;XIREC;5242.0;8
92000;;SUBMISSION;VEV_5500;XIREC;6.0;18
92000;SUBMISSION;;VEV_5500;XIREC;7.0;18
92100;SUBMISSION;;HYDROGEL_PACK;XIREC;9956.0;4
92100;;SUBMISSION;VEV_5500;XIREC;6.0;16
92100;SUBMISSION;;VEV_5500;XIREC;7.0;16
92500;;;HYDROGEL_PACK;XIREC;9956.0;2
92800;;SUBMISSION;VEV_5500;XIREC;6.0;16
92800;SUBMISSION;;VEV_5500;XIREC;7.0;16
92900;;SUBMISSION;VEV_5500;XIREC;6.0;16
92900;SUBMISSION;;VEV_5500;XIREC;7.0;16
93700;;SUBMISSION;VELVETFRUIT_EXTRACT;XIREC;5245.0;6
93800;;SUBMISSION;VELVETFRUIT_EXTRACT;XIREC;5245.0;7
94000;;SUBMISSION;VEV_5400;XIREC;16.0;8
94100;;SUBMISSION;VEV_5400;XIREC;16.0;20
94100;;SUBMISSION;VEV_5500;XIREC;7.0;5
94400;;SUBMISSION;HYDROGEL_PACK;XIREC;9973.0;4
94600;;SUBMISSION;VEV_5400;XIREC;16.0;6
94700;;SUBMISSION;VEV_5400;XIREC;16.0;7
94700;;SUBMISSION;VEV_5500;XIREC;7.0;7
94800;;SUBMISSION;VEV_5400;XIREC;16.0;8
94900;;SUBMISSION;VEV_5400;XIREC;16.0;28
95500;;SUBMISSION;VEV_5500;XIREC;7.0;6
95700;SUBMISSION;;VEV_5400;XIREC;16.0;8
95700;SUBMISSION;;VEV_5400;XIREC;17.0;11
95700;;SUBMISSION;VEV_5500;XIREC;6.0;19
95700;SUBMISSION;;VEV_5500;XIREC;7.0;19
95800;SUBMISSION;;VEV_5400;XIREC;16.0;28
95800;;SUBMISSION;VEV_5500;XIREC;6.0;28
95800;SUBMISSION;;VEV_5500;XIREC;7.0;28
95900;SUBMISSION;;VEV_5400;XIREC;16.0;25
95900;;SUBMISSION;VEV_5500;XIREC;6.0;25
95900;SUBMISSION;;VEV_5500;XIREC;7.0;25
96000;SUBMISSION;;VEV_5400;XIREC;16.0;5
96000;;SUBMISSION;VEV_5500;XIREC;6.0;26
96000;SUBMISSION;;VEV_5500;XIREC;7.0;26
96100;;SUBMISSION;VEV_5500;XIREC;6.0;28
96100;SUBMISSION;;VEV_5500;XIREC;7.0;28
96200;;SUBMISSION;VEV_5500;XIREC;6.0;17
96200;SUBMISSION;;VEV_5500;XIREC;7.0;17
97100;SUBMISSION;;HYDROGEL_PACK;XIREC;9951.0;2
97100;SUBMISSION;;VEV_5500;XIREC;7.0;8
97100;SUBMISSION;;VEV_5500;XIREC;8.0;10
97400;;SUBMISSION;VEV_5400;XIREC;16.0;27
97500;;SUBMISSION;VEV_5400;XIREC;16.0;6
97600;;SUBMISSION;VEV_5400;XIREC;16.0;20
98100;;SUBMISSION;VEV_5400;XIREC;16.0;21
98600;;SUBMISSION;HYDROGEL_PACK;XIREC;9961.0;2
99000;;;HYDROGEL_PACK;XIREC;9961.0;3
99900;SUBMISSION;;HYDROGEL_PACK;XIREC;9951.0;10
100500;;SUBMISSION;VELVETFRUIT_EXTRACT;XIREC;5247.0;4
100800;SUBMISSION;;HYDROGEL_PACK;XIREC;9952.0;11
101400;;;HYDROGEL_PACK;XIREC;9936.0;5
101500;;;HYDROGEL_PACK;XIREC;9935.0;6
102300;;SUBMISSION;VEV_5500;XIREC;7.0;5
102500;SUBMISSION;;VEV_4000;XIREC;1240.0;1
102800;SUBMISSION;;VEV_4000;XIREC;1241.0;1
103100;;;HYDROGEL_PACK;XIREC;9952.0;4
103500;;;HYDROGEL_PACK;XIREC;9940.0;3
104400;;SUBMISSION;VELVETFRUIT_EXTRACT;XIREC;5251.0;6
105400;;SUBMISSION;VEV_5500;XIREC;8.0;5
105500;;SUBMISSION;VEV_5500;XIREC;8.0;19
105600;;SUBMISSION;VEV_5500;XIREC;8.0;23
105700;;SUBMISSION;VEV_5500;XIREC;8.0;19
107100;;;HYDROGEL_PACK;XIREC;9952.0;5
107900;;SUBMISSION;VELVETFRUIT_EXTRACT;XIREC;5266.0;3
109000;;SUBMISSION;VELVETFRUIT_EXTRACT;XIREC;5264.0;23
109000;;SUBMISSION;VELVETFRUIT_EXTRACT;XIREC;5264.0;7
109000;;;VELVETFRUIT_EXTRACT;XIREC;5265.0;5
109100;;;HYDROGEL_PACK;XIREC;9957.0;2
110100;;;VELVETFRUIT_EXTRACT;XIREC;5265.0;4
112000;;;VELVETFRUIT_EXTRACT;XIREC;5260.0;3
112700;;;HYDROGEL_PACK;XIREC;9948.0;2
113900;;;HYDROGEL_PACK;XIREC;9956.0;2
115500;;;HYDROGEL_PACK;XIREC;9937.0;3
118800;;;VELVETFRUIT_EXTRACT;XIREC;5257.0;3
119400;;SUBMISSION;HYDROGEL_PACK;XIREC;9961.0;3
120300;;;VEV_5400;XIREC;18.0;4
120300;;;VEV_5500;XIREC;8.0;4
120300;;;VEV_6000;XIREC;0.0;4
120300;;;VEV_6500;XIREC;0.0;4
120700;;;HYDROGEL_PACK;XIREC;9958.0;2
123300;;;VELVETFRUIT_EXTRACT;XIREC;5262.0;7
125600;;SUBMISSION;VELVETFRUIT_EXTRACT;XIREC;5264.0;3
126000;;;HYDROGEL_PACK;XIREC;9953.0;4
127200;;;VEV_5500;XIREC;8.0;3
127200;;;VEV_6000;XIREC;0.0;3
127200;;;VEV_6500;XIREC;0.0;3
129100;;SUBMISSION;VEV_4000;XIREC;1270.0;3
129500;;SUBMISSION;HYDROGEL_PACK;XIREC;9966.0;6
129800;SUBMISSION;;HYDROGEL_PACK;XIREC;9952.0;4
130800;SUBMISSION;;HYDROGEL_PACK;XIREC;9947.0;5
131300;;;VELVETFRUIT_EXTRACT;XIREC;5265.0;5
131800;;;VELVETFRUIT_EXTRACT;XIREC;5261.0;5
132600;;SUBMISSION;VELVETFRUIT_EXTRACT;XIREC;5262.0;10
133100;SUBMISSION;;VEV_4000;XIREC;1258.0;3
133700;;;HYDROGEL_PACK;XIREC;9948.0;4
134000;;;VELVETFRUIT_EXTRACT;XIREC;5264.0;8
134500;;;HYDROGEL_PACK;XIREC;9944.0;6
135200;;SUBMISSION;VELVETFRUIT_EXTRACT;XIREC;5263.0;8
135500;;;VELVETFRUIT_EXTRACT;XIREC;5257.0;7
135900;SUBMISSION;;VEV_5400;XIREC;19.0;3
135900;;;VEV_5300;XIREC;52.0;3
135900;;;VEV_5500;XIREC;8.0;3
135900;;;VEV_6000;XIREC;0.0;3
135900;;;VEV_6500;XIREC;0.0;3
137000;SUBMISSION;;VEV_4000;XIREC;1257.0;3
137300;SUBMISSION;;VEV_4000;XIREC;1256.0;3
137600;;SUBMISSION;VEV_4000;XIREC;1264.0;3
137800;;;HYDROGEL_PACK;XIREC;9942.0;3
138000;;;VELVETFRUIT_EXTRACT;XIREC;5254.0;7
138100;;SUBMISSION;HYDROGEL_PACK;XIREC;9958.0;2
139700;;SUBMISSION;VELVETFRUIT_EXTRACT;XIREC;5256.0;8
140000;;SUBMISSION;VELVETFRUIT_EXTRACT;XIREC;5260.0;5
140100;;SUBMISSION;VELVETFRUIT_EXTRACT;XIREC;5259.0;4
141000;;SUBMISSION;VELVETFRUIT_EXTRACT;XIREC;5259.0;4
142000;;SUBMISSION;VELVETFRUIT_EXTRACT;XIREC;5261.0;6
144500;;;VELVETFRUIT_EXTRACT;XIREC;5258.0;5
145500;;;VEV_5400;XIREC;19.0;2
145500;;;VEV_5500;XIREC;8.0;2
145500;;;VEV_6000;XIREC;0.0;2
145500;;;VEV_6500;XIREC;0.0;2
145600;;SUBMISSION;HYDROGEL_PACK;XIREC;9961.0;5
146500;;SUBMISSION;HYDROGEL_PACK;XIREC;9962.0;6
146700;;;VELVETFRUIT_EXTRACT;XIREC;5260.0;7
147900;SUBMISSION;;VEV_4000;XIREC;1261.0;1
148000;;SUBMISSION;HYDROGEL_PACK;XIREC;9971.0;3
148300;;;VELVETFRUIT_EXTRACT;XIREC;5265.0;4
148800;;SUBMISSION;VELVETFRUIT_EXTRACT;XIREC;5262.0;21
150600;;;VEV_5300;XIREC;53.0;2
150600;;;VEV_5400;XIREC;20.0;2
150600;;;VEV_5500;XIREC;8.0;2
150600;;;VEV_6000;XIREC;0.0;2
150600;;;VEV_6500;XIREC;0.0;2
150700;;SUBMISSION;VELVETFRUIT_EXTRACT;XIREC;5267.0;7
151100;SUBMISSION;;HYDROGEL_PACK;XIREC;9946.0;4
151200;SUBMISSION;;HYDROGEL_PACK;XIREC;9945.0;6
151400;;;VELVETFRUIT_EXTRACT;XIREC;5261.0;7
152700;SUBMISSION;;HYDROGEL_PACK;XIREC;9945.0;5
153000;SUBMISSION;;VEV_5400;XIREC;18.0;4
153000;;;VEV_5500;XIREC;7.0;4
153000;;;VEV_6000;XIREC;0.0;4
153000;;;VEV_6500;XIREC;0.0;4
154100;SUBMISSION;;VEV_4000;XIREC;1247.0;3
155900;;SUBMISSION;HYDROGEL_PACK;XIREC;9965.0;4
156000;SUBMISSION;;VELVETFRUIT_EXTRACT;XIREC;5250.0;15
156200;SUBMISSION;;VELVETFRUIT_EXTRACT;XIREC;5250.0;15
156200;SUBMISSION;;VEV_4000;XIREC;1242.0;1
156200;SUBMISSION;;VEV_5500;XIREC;8.0;29
156300;SUBMISSION;;VELVETFRUIT_EXTRACT;XIREC;5250.0;56
156300;SUBMISSION;;VEV_5500;XIREC;8.0;20
156400;SUBMISSION;;HYDROGEL_PACK;XIREC;9950.0;5
156400;SUBMISSION;;VELVETFRUIT_EXTRACT;XIREC;5249.0;19
156400;SUBMISSION;;VELVETFRUIT_EXTRACT;XIREC;5250.0;34
156400;SUBMISSION;;VEV_5400;XIREC;17.0;26
156400;SUBMISSION;;VEV_5500;XIREC;8.0;22
156400;;;HYDROGEL_PACK;XIREC;9949.0;1
156600;SUBMISSION;;VELVETFRUIT_EXTRACT;XIREC;5250.0;13
156600;;SUBMISSION;VEV_5500;XIREC;7.0;8
156700;SUBMISSION;;VEV_5400;XIREC;17.0;10
156700;SUBMISSION;;VEV_5400;XIREC;18.0;10
156700;SUBMISSION;;VEV_5500;XIREC;8.0;8
156800;SUBMISSION;;VEV_5400;XIREC;17.0;21
156800;;SUBMISSION;VEV_5500;XIREC;6.0;26
156800;SUBMISSION;;VEV_5500;XIREC;7.0;26
157000;;SUBMISSION;VEV_5500;XIREC;7.0;7
157100;;SUBMISSION;VEV_5500;XIREC;7.0;6
157200;;SUBMISSION;VEV_5500;XIREC;7.0;9
159900;;;HYDROGEL_PACK;XIREC;9961.0;3
161200;;;HYDROGEL_PACK;XIREC;9956.0;6
163300;;SUBMISSION;VELVETFRUIT_EXTRACT;XIREC;5253.0;10
164000;SUBMISSION;;VELVETFRUIT_EXTRACT;XIREC;5252.0;5
164300;;SUBMISSION;HYDROGEL_PACK;XIREC;9972.0;5
165500;SUBMISSION;;VELVETFRUIT_EXTRACT;XIREC;5251.0;4
167300;;;HYDROGEL_PACK;XIREC;9957.0;3
167600;SUBMISSION;;VELVETFRUIT_EXTRACT;XIREC;5250.0;1
167600;SUBMISSION;;VEV_4000;XIREC;1247.0;2
167600;;;VELVETFRUIT_EXTRACT;XIREC;5249.0;5
168400;;;VELVETFRUIT_EXTRACT;XIREC;5248.0;3
168500;;SUBMISSION;VEV_4000;XIREC;1256.0;2
168700;;SUBMISSION;VEV_4000;XIREC;1255.0;1
170400;;;VEV_5400;XIREC;17.0;5
170400;;;VEV_5500;XIREC;7.0;5
170400;;;VEV_6000;XIREC;0.0;5
170400;;;VEV_6500;XIREC;0.0;5
170500;;;VEV_5300;XIREC;46.0;3
170500;;;VEV_5500;XIREC;7.0;3
170500;;;VEV_6000;XIREC;0.0;3
170500;;;VEV_6500;XIREC;0.0;3
170800;;SUBMISSION;VEV_5400;XIREC;17.0;9
170900;;SUBMISSION;VEV_4000;XIREC;1255.0;3
171000;SUBMISSION;;VEV_5400;XIREC;18.0;9
171400;;SUBMISSION;HYDROGEL_PACK;XIREC;9991.0;6
171700;;;VELVETFRUIT_EXTRACT;XIREC;5248.0;7
172400;SUBMISSION;;VEV_4000;XIREC;1243.0;1
172400;;SUBMISSION;VEV_5400;XIREC;17.0;5
172500;;;VEV_5300;XIREC;46.0;5
172500;;;VEV_5400;XIREC;17.0;5
172500;;;VEV_5500;XIREC;7.0;5
172500;;;VEV_6000;XIREC;0.0;5
172500;;;VEV_6500;XIREC;0.0;5
172600;SUBMISSION;;VEV_5400;XIREC;18.0;5
173300;;SUBMISSION;VEV_5400;XIREC;17.0;9
173400;SUBMISSION;;VEV_5400;XIREC;18.0;9
174200;;SUBMISSION;HYDROGEL_PACK;XIREC;9987.0;5
174300;;SUBMISSION;VEV_5400;XIREC;16.0;23
174300;SUBMISSION;;VEV_5400;XIREC;17.0;23
174400;;SUBMISSION;HYDROGEL_PACK;XIREC;9990.0;6
174400;;SUBMISSION;VEV_5400;XIREC;16.0;25
174400;SUBMISSION;;VEV_5400;XIREC;17.0;25
174400;SUBMISSION;;VEV_5500;XIREC;8.0;22
177400;;SUBMISSION;VEV_5500;XIREC;7.0;5
177500;SUBMISSION;;VEV_5500;XIREC;8.0;5
178000;;;HYDROGEL_PACK;XIREC;9988.0;3
178700;;SUBMISSION;VEV_5400;XIREC;17.0;8
179000;SUBMISSION;;VEV_5400;XIREC;18.0;8
179100;;SUBMISSION;VEV_5400;XIREC;17.0;10
179200;SUBMISSION;;VEV_5400;XIREC;18.0;10
179200;;;VELVETFRUIT_EXTRACT;XIREC;5243.0;4
179300;;SUBMISSION;VEV_5500;XIREC;7.0;5
179400;;SUBMISSION;VEV_5400;XIREC;16.0;19
179400;SUBMISSION;;VEV_5400;XIREC;17.0;19
179400;SUBMISSION;;VEV_5500;XIREC;8.0;5
179500;;SUBMISSION;VEV_5400;XIREC;16.0;20
179500;SUBMISSION;;VEV_5400;XIREC;17.0;20
179600;;SUBMISSION;VEV_5400;XIREC;16.0;25
179600;SUBMISSION;;VEV_5400;XIREC;17.0;25
180100;;;VELVETFRUIT_EXTRACT;XIREC;5248.0;3
181400;;SUBMISSION;VEV_5400;XIREC;17.0;9
181500;SUBMISSION;;VEV_5400;XIREC;18.0;9
181700;;SUBMISSION;VEV_5400;XIREC;16.0;20
181700;SUBMISSION;;VEV_5400;XIREC;17.0;20
181900;;SUBMISSION;VEV_5500;XIREC;6.0;15
181900;SUBMISSION;;VEV_5500;XIREC;7.0;15
182000;;SUBMISSION;VEV_5500;XIREC;6.0;28
182000;SUBMISSION;;VEV_5500;XIREC;7.0;28
182100;;SUBMISSION;VEV_5500;XIREC;6.0;21
182100;SUBMISSION;;VEV_5500;XIREC;7.0;21
182100;;;HYDROGEL_PACK;XIREC;10012.0;3
182200;;SUBMISSION;VEV_5500;XIREC;6.0;18
182200;SUBMISSION;;VEV_5500;XIREC;7.0;18
182300;;SUBMISSION;VEV_5500;XIREC;6.0;24
182300;SUBMISSION;;VEV_5500;XIREC;7.0;24
182800;;SUBMISSION;VEV_5500;XIREC;7.0;7
182800;;;HYDROGEL_PACK;XIREC;10010.0;5
183000;SUBMISSION;;VEV_5500;XIREC;8.0;7
184000;;SUBMISSION;VEV_5500;XIREC;6.0;27
184000;SUBMISSION;;VEV_5500;XIREC;7.0;27
184100;;SUBMISSION;VEV_5500;XIREC;6.0;23
184100;SUBMISSION;;VEV_5500;XIREC;7.0;23
184200;;SUBMISSION;VEV_4000;XIREC;1246.0;3
185600;;SUBMISSION;HYDROGEL_PACK;XIREC;10023.0;12
185600;;SUBMISSION;HYDROGEL_PACK;XIREC;10020.0;23
185700;;SUBMISSION;HYDROGEL_PACK;XIREC;10023.0;14
185700;;SUBMISSION;HYDROGEL_PACK;XIREC;10021.0;29
185800;;SUBMISSION;HYDROGEL_PACK;XIREC;10024.0;13
185800;;SUBMISSION;HYDROGEL_PACK;XIREC;10022.0;24
185800;;SUBMISSION;HYDROGEL_PACK;XIREC;10039.0;4
185900;;SUBMISSION;HYDROGEL_PACK;XIREC;10024.0;12
185900;;SUBMISSION;HYDROGEL_PACK;XIREC;10021.0;23
186000;;SUBMISSION;HYDROGEL_PACK;XIREC;10023.0;15
186000;;SUBMISSION;HYDROGEL_PACK;XIREC;10020.0;9
187400;;;VELVETFRUIT_EXTRACT;XIREC;5235.0;8
187600;;;VELVETFRUIT_EXTRACT;XIREC;5235.0;5
188400;;;HYDROGEL_PACK;XIREC;10021.0;4
188800;;;VELVETFRUIT_EXTRACT;XIREC;5232.0;6
190100;;;VEV_5300;XIREC;42.0;3
190100;;;VEV_5400;XIREC;15.0;3
190100;;;VEV_5500;XIREC;6.0;3
190100;;;VEV_6000;XIREC;0.0;3
190100;;;VEV_6500;XIREC;0.0;3
190600;;;VELVETFRUIT_EXTRACT;XIREC;5234.0;6
190700;;;VELVETFRUIT_EXTRACT;XIREC;5239.0;3
191100;;;VELVETFRUIT_EXTRACT;XIREC;5237.0;8
191400;;SUBMISSION;VEV_5500;XIREC;6.0;23
191400;SUBMISSION;;VEV_5500;XIREC;7.0;23
191500;;SUBMISSION;VEV_5500;XIREC;6.0;27
191500;SUBMISSION;;VEV_5500;XIREC;7.0;27
191600;;SUBMISSION;VEV_5500;XIREC;6.0;25
191600;SUBMISSION;;VEV_5500;XIREC;7.0;25
191700;;SUBMISSION;VEV_5500;XIREC;6.0;22
191700;SUBMISSION;;VEV_5500;XIREC;7.0;22
191800;;SUBMISSION;VEV_5500;XIREC;6.0;25
191800;SUBMISSION;;VEV_5500;XIREC;7.0;25
191900;;SUBMISSION;VEV_5500;XIREC;6.0;26
191900;SUBMISSION;;VEV_5500;XIREC;7.0;26
192000;;SUBMISSION;VEV_5500;XIREC;6.0;25
192000;SUBMISSION;;VEV_5500;XIREC;7.0;25
192100;;SUBMISSION;VEV_5500;XIREC;6.0;17
192100;SUBMISSION;;VEV_5500;XIREC;7.0;17
192200;;SUBMISSION;VEV_5500;XIREC;6.0;21
192200;SUBMISSION;;VEV_5500;XIREC;7.0;21
192300;;SUBMISSION;VEV_5500;XIREC;6.0;21
192300;SUBMISSION;;VEV_5500;XIREC;7.0;21
192400;;SUBMISSION;VEV_5500;XIREC;6.0;22
192400;SUBMISSION;;VEV_5500;XIREC;7.0;22
192500;;SUBMISSION;VEV_5500;XIREC;6.0;7
192500;SUBMISSION;;VEV_5500;XIREC;7.0;7
192600;;SUBMISSION;VEV_5500;XIREC;6.0;8
192600;SUBMISSION;;VEV_5500;XIREC;7.0;8
192600;;;VELVETFRUIT_EXTRACT;XIREC;5231.0;3
192700;;SUBMISSION;VEV_5500;XIREC;6.0;15
192700;SUBMISSION;;VEV_5500;XIREC;7.0;15
192800;;SUBMISSION;VEV_5500;XIREC;6.0;25
192800;SUBMISSION;;VEV_5500;XIREC;7.0;25
192800;;;HYDROGEL_PACK;XIREC;10007.0;5
192900;;SUBMISSION;VEV_5500;XIREC;6.0;19
192900;SUBMISSION;;VEV_5500;XIREC;7.0;19
193000;;SUBMISSION;VEV_5500;XIREC;6.0;22
193000;SUBMISSION;;VEV_5500;XIREC;7.0;22
193100;;SUBMISSION;VEV_5500;XIREC;6.0;24
193100;SUBMISSION;;VEV_5500;XIREC;7.0;24
193200;;SUBMISSION;VEV_5500;XIREC;6.0;24
193200;SUBMISSION;;VEV_5500;XIREC;7.0;24
193300;;SUBMISSION;VEV_5500;XIREC;6.0;27
193300;SUBMISSION;;VEV_5500;XIREC;7.0;27
193400;;SUBMISSION;VEV_5500;XIREC;6.0;24
193400;SUBMISSION;;VEV_5500;XIREC;7.0;24
193400;;;HYDROGEL_PACK;XIREC;10026.0;4
193500;;SUBMISSION;VEV_5500;XIREC;6.0;22
193500;SUBMISSION;;VEV_5500;XIREC;7.0;22
193600;;SUBMISSION;VEV_5500;XIREC;6.0;27
193600;SUBMISSION;;VEV_5500;XIREC;7.0;27
193700;;SUBMISSION;VEV_5500;XIREC;6.0;21
193700;SUBMISSION;;VEV_5500;XIREC;7.0;21
193800;;SUBMISSION;VEV_5500;XIREC;6.0;16
193800;SUBMISSION;;VEV_5500;XIREC;7.0;16
193900;;SUBMISSION;VEV_5500;XIREC;6.0;26
193900;SUBMISSION;;VEV_5500;XIREC;7.0;26
194000;;SUBMISSION;VEV_5500;XIREC;6.0;16
194000;SUBMISSION;;VEV_5500;XIREC;7.0;16
194100;;SUBMISSION;VEV_5500;XIREC;6.0;18
194100;SUBMISSION;;VEV_5500;XIREC;7.0;18
194200;;SUBMISSION;VEV_4000;XIREC;1242.0;2
194200;;SUBMISSION;VEV_5500;XIREC;6.0;18
194200;SUBMISSION;;VEV_5500;XIREC;7.0;18
194300;;SUBMISSION;VEV_5500;XIREC;6.0;25
194300;SUBMISSION;;VEV_5500;XIREC;7.0;25
194400;;SUBMISSION;VEV_5500;XIREC;6.0;27
194400;SUBMISSION;;VEV_5500;XIREC;7.0;27
194400;;;VELVETFRUIT_EXTRACT;XIREC;5234.0;5
194500;;SUBMISSION;VEV_5500;XIREC;6.0;21
194500;SUBMISSION;;VEV_5500;XIREC;7.0;21
194600;;SUBMISSION;VEV_5500;XIREC;6.0;22
194600;SUBMISSION;;VEV_5500;XIREC;7.0;22
194700;;SUBMISSION;VEV_5500;XIREC;6.0;22
194700;SUBMISSION;;VEV_5500;XIREC;7.0;22
194800;;SUBMISSION;VEV_5500;XIREC;6.0;27
194800;SUBMISSION;;VEV_5500;XIREC;7.0;27
194900;;SUBMISSION;VEV_5500;XIREC;6.0;27
194900;SUBMISSION;;VEV_5500;XIREC;7.0;27
195100;;SUBMISSION;VEV_5500;XIREC;6.0;24
195100;SUBMISSION;;VEV_5500;XIREC;7.0;24
195200;;SUBMISSION;VEV_5500;XIREC;6.0;22
195200;SUBMISSION;;VEV_5500;XIREC;7.0;22
195200;;;VELVETFRUIT_EXTRACT;XIREC;5236.0;3
195300;;SUBMISSION;VEV_5500;XIREC;6.0;9
195300;SUBMISSION;;VEV_5500;XIREC;7.0;9
195400;;SUBMISSION;VEV_5500;XIREC;6.0;24
195400;SUBMISSION;;VEV_5500;XIREC;7.0;24
195500;;SUBMISSION;VEV_5500;XIREC;6.0;23
195500;SUBMISSION;;VEV_5500;XIREC;7.0;23
195600;;SUBMISSION;VEV_5500;XIREC;6.0;26
195600;SUBMISSION;;VEV_5500;XIREC;7.0;26
195600;;;VEV_5300;XIREC;41.0;3
195600;;;VEV_5400;XIREC;14.0;3
195600;;;VEV_5500;XIREC;6.0;3
195600;;;VEV_6000;XIREC;0.0;3
195600;;;VEV_6500;XIREC;0.0;3
195700;;SUBMISSION;VEV_5500;XIREC;6.0;25
195700;SUBMISSION;;VEV_5500;XIREC;7.0;25
195800;;SUBMISSION;VEV_5500;XIREC;6.0;25
195800;SUBMISSION;;VEV_5500;XIREC;7.0;25
195900;;SUBMISSION;VEV_5500;XIREC;6.0;22
195900;SUBMISSION;;VEV_5500;XIREC;7.0;22
196000;;SUBMISSION;VEV_5500;XIREC;6.0;22
196000;SUBMISSION;;VEV_5500;XIREC;7.0;22
196100;;SUBMISSION;VEV_5500;XIREC;6.0;28
196100;SUBMISSION;;VEV_5500;XIREC;7.0;28
196100;;;VELVETFRUIT_EXTRACT;XIREC;5236.0;5
196200;;SUBMISSION;VEV_5500;XIREC;6.0;23
196200;SUBMISSION;;VEV_5500;XIREC;7.0;23
196300;;SUBMISSION;VEV_5400;XIREC;14.0;23
196300;SUBMISSION;;VEV_5400;XIREC;15.0;23
196300;;SUBMISSION;VEV_5500;XIREC;6.0;23
196300;SUBMISSION;;VEV_5500;XIREC;7.0;23
196400;;SUBMISSION;VEV_5400;XIREC;14.0;21
196400;SUBMISSION;;VEV_5400;XIREC;15.0;21
196400;;SUBMISSION;VEV_5500;XIREC;6.0;21
196400;SUBMISSION;;VEV_5500;XIREC;7.0;21
196500;;SUBMISSION;VEV_5400;XIREC;14.0;21
196500;SUBMISSION;;VEV_5400;XIREC;15.0;21
196500;;SUBMISSION;VEV_5500;XIREC;6.0;21
196500;SUBMISSION;;VEV_5500;XIREC;7.0;21
196600;;SUBMISSION;VEV_5400;XIREC;14.0;22
196600;SUBMISSION;;VEV_5400;XIREC;15.0;22
196600;;SUBMISSION;VEV_5500;XIREC;6.0;22
196600;SUBMISSION;;VEV_5500;XIREC;7.0;22
196700;SUBMISSION;;VEV_4000;XIREC;1230.0;1
196700;;SUBMISSION;VEV_5500;XIREC;6.0;26
196700;SUBMISSION;;VEV_5500;XIREC;7.0;26
196800;;SUBMISSION;VEV_5500;XIREC;6.0;22
196800;SUBMISSION;;VEV_5500;XIREC;7.0;22
196900;;SUBMISSION;VEV_5500;XIREC;6.0;19
196900;SUBMISSION;;VEV_5500;XIREC;7.0;19
197000;;SUBMISSION;VEV_5500;XIREC;6.0;29
197000;SUBMISSION;;VEV_5500;XIREC;7.0;29
197100;;SUBMISSION;VEV_5400;XIREC;14.0;17
197100;SUBMISSION;;VEV_5400;XIREC;15.0;17
197100;;SUBMISSION;VEV_5500;XIREC;6.0;17
197100;SUBMISSION;;VEV_5500;XIREC;7.0;17
197200;;SUBMISSION;VEV_5500;XIREC;6.0;26
197200;SUBMISSION;;VEV_5500;XIREC;7.0;26
197300;;SUBMISSION;VEV_5500;XIREC;6.0;22
197300;SUBMISSION;;VEV_5500;XIREC;7.0;22
197400;;SUBMISSION;VEV_5500;XIREC;6.0;18
197400;SUBMISSION;;VEV_5500;XIREC;7.0;18
197500;;SUBMISSION;VEV_5500;XIREC;6.0;24
197500;SUBMISSION;;VEV_5500;XIREC;7.0;24
197600;;SUBMISSION;VEV_5500;XIREC;6.0;25
197600;SUBMISSION;;VEV_5500;XIREC;7.0;25
197600;;;VELVETFRUIT_EXTRACT;XIREC;5237.0;9
197700;;SUBMISSION;VEV_5500;XIREC;6.0;26
197700;SUBMISSION;;VEV_5500;XIREC;7.0;26
197800;;SUBMISSION;VEV_5500;XIREC;6.0;16
197800;SUBMISSION;;VEV_5500;XIREC;7.0;16
197900;;SUBMISSION;VEV_5500;XIREC;6.0;22
197900;SUBMISSION;;VEV_5500;XIREC;7.0;22
198000;;SUBMISSION;VEV_5500;XIREC;6.0;27
198000;SUBMISSION;;VEV_5500;XIREC;7.0;27
198100;;SUBMISSION;VEV_5500;XIREC;6.0;24
198100;SUBMISSION;;VEV_5500;XIREC;7.0;24
198200;;SUBMISSION;VEV_5500;XIREC;6.0;27
198200;SUBMISSION;;VEV_5500;XIREC;7.0;27
198300;;SUBMISSION;VEV_5500;XIREC;6.0;21
198300;SUBMISSION;;VEV_5500;XIREC;7.0;21
198400;;SUBMISSION;VEV_5500;XIREC;6.0;27
198400;SUBMISSION;;VEV_5500;XIREC;7.0;27
198500;;SUBMISSION;VEV_5500;XIREC;6.0;26
198500;SUBMISSION;;VEV_5500;XIREC;7.0;26
198600;;SUBMISSION;VEV_5500;XIREC;6.0;21
198600;SUBMISSION;;VEV_5500;XIREC;7.0;21
198700;;SUBMISSION;VEV_5500;XIREC;6.0;29
198700;SUBMISSION;;VEV_5500;XIREC;7.0;29
198800;;SUBMISSION;VEV_5500;XIREC;6.0;16
198800;SUBMISSION;;VEV_5500;XIREC;7.0;16
198900;;SUBMISSION;VEV_5500;XIREC;6.0;21
198900;SUBMISSION;;VEV_5500;XIREC;7.0;21
198900;;;VELVETFRUIT_EXTRACT;XIREC;5243.0;5
199000;;SUBMISSION;VEV_5500;XIREC;6.0;27
199000;SUBMISSION;;VEV_5500;XIREC;7.0;27
199100;;SUBMISSION;VEV_5500;XIREC;6.0;27
199100;SUBMISSION;;VEV_5500;XIREC;7.0;27
199200;;SUBMISSION;VEV_5500;XIREC;6.0;25
199200;SUBMISSION;;VEV_5500;XIREC;7.0;25
199200;;;VELVETFRUIT_EXTRACT;XIREC;5243.0;5
199300;;SUBMISSION;VEV_5500;XIREC;6.0;26
199300;SUBMISSION;;VEV_5500;XIREC;7.0;26
199400;;SUBMISSION;VEV_5500;XIREC;6.0;29
199400;SUBMISSION;;VEV_5500;XIREC;7.0;29
199400;;;HYDROGEL_PACK;XIREC;10029.0;3
199500;;SUBMISSION;VEV_5500;XIREC;6.0;24
199500;SUBMISSION;;VEV_5500;XIREC;7.0;24
199600;;SUBMISSION;VEV_5500;XIREC;6.0;25
199600;SUBMISSION;;VEV_5500;XIREC;7.0;25
199700;;SUBMISSION;VEV_5500;XIREC;6.0;27
199700;SUBMISSION;;VEV_5500;XIREC;7.0;27
199800;;SUBMISSION;VEV_5500;XIREC;6.0;20
199800;SUBMISSION;;VEV_5500;XIREC;7.0;20
199900;;SUBMISSION;VEV_5500;XIREC;6.0;27
199900;SUBMISSION;;VEV_5500;XIREC;7.0;27
200000;;SUBMISSION;VEV_5400;XIREC;15.0;8
200000;SUBMISSION;;VEV_5400;XIREC;16.0;8
200000;;SUBMISSION;VEV_5500;XIREC;6.0;27
200000;SUBMISSION;;VEV_5500;XIREC;7.0;27
200100;;SUBMISSION;VEV_5500;XIREC;6.0;22
200100;SUBMISSION;;VEV_5500;XIREC;7.0;22
200200;;SUBMISSION;VEV_5500;XIREC;6.0;22
200200;SUBMISSION;;VEV_5500;XIREC;7.0;22
200300;;SUBMISSION;VEV_5500;XIREC;6.0;17
200300;SUBMISSION;;VEV_5500;XIREC;7.0;17
200400;;SUBMISSION;VEV_5500;XIREC;6.0;25
200400;SUBMISSION;;VEV_5500;XIREC;7.0;25
200500;;SUBMISSION;VEV_5500;XIREC;6.0;27
200500;SUBMISSION;;VEV_5500;XIREC;7.0;27
200600;;SUBMISSION;VEV_5500;XIREC;6.0;21
200600;SUBMISSION;;VEV_5500;XIREC;7.0;21
200700;;SUBMISSION;VEV_5500;XIREC;6.0;24
200700;SUBMISSION;;VEV_5500;XIREC;7.0;24
200800;;SUBMISSION;VEV_5500;XIREC;6.0;19
200800;SUBMISSION;;VEV_5500;XIREC;7.0;19
200900;;SUBMISSION;VEV_5500;XIREC;6.0;27
200900;SUBMISSION;;VEV_5500;XIREC;7.0;27
201000;;SUBMISSION;VEV_5500;XIREC;6.0;18
201000;SUBMISSION;;VEV_5500;XIREC;7.0;18
201100;;SUBMISSION;VEV_5500;XIREC;6.0;22
201100;SUBMISSION;;VEV_5500;XIREC;7.0;22
201200;;SUBMISSION;VEV_5500;XIREC;6.0;22
201200;SUBMISSION;;VEV_5500;XIREC;7.0;22
201300;;SUBMISSION;VEV_5500;XIREC;6.0;28
201300;SUBMISSION;;VEV_5500;XIREC;7.0;28
201400;;SUBMISSION;VEV_5500;XIREC;6.0;27
201400;SUBMISSION;;VEV_5500;XIREC;7.0;27
201500;;SUBMISSION;VEV_5500;XIREC;6.0;26
201500;SUBMISSION;;VEV_5500;XIREC;7.0;26
201600;;SUBMISSION;VEV_5400;XIREC;16.0;9
201600;SUBMISSION;;VEV_5400;XIREC;17.0;9
201600;;SUBMISSION;VEV_5500;XIREC;6.0;28
201600;SUBMISSION;;VEV_5500;XIREC;7.0;28
201700;;SUBMISSION;VEV_5400;XIREC;16.0;20
201700;SUBMISSION;;VEV_5400;XIREC;17.0;20
201800;;SUBMISSION;VEV_5400;XIREC;16.0;17
201800;SUBMISSION;;VEV_5400;XIREC;17.0;17
201900;;SUBMISSION;VEV_5500;XIREC;6.0;25
201900;SUBMISSION;;VEV_5500;XIREC;7.0;25
202000;;SUBMISSION;VEV_5500;XIREC;6.0;27
202000;SUBMISSION;;VEV_5500;XIREC;7.0;27
202100;;SUBMISSION;VEV_5500;XIREC;6.0;20
202100;SUBMISSION;;VEV_5500;XIREC;7.0;20
202200;;SUBMISSION;VEV_5500;XIREC;6.0;26
202200;SUBMISSION;;VEV_5500;XIREC;7.0;26
202300;;SUBMISSION;VEV_4000;XIREC;1247.0;3
202300;;SUBMISSION;VEV_5500;XIREC;6.0;18
202300;SUBMISSION;;VEV_5500;XIREC;7.0;18
202400;;SUBMISSION;VEV_5500;XIREC;6.0;18
202400;SUBMISSION;;VEV_5500;XIREC;7.0;18
202500;;SUBMISSION;VEV_5500;XIREC;6.0;26
202500;SUBMISSION;;VEV_5500;XIREC;7.0;26
202600;;SUBMISSION;VEV_5400;XIREC;16.0;10
202600;SUBMISSION;;VEV_5400;XIREC;17.0;10
202700;;SUBMISSION;VEV_5400;XIREC;16.0;28
202700;SUBMISSION;;VEV_5400;XIREC;17.0;28
202700;;;HYDROGEL_PACK;XIREC;10033.0;5
202800;;SUBMISSION;VEV_5500;XIREC;6.0;23
202800;SUBMISSION;;VEV_5500;XIREC;7.0;23
202900;;SUBMISSION;VEV_5500;XIREC;6.0;25
202900;SUBMISSION;;VEV_5500;XIREC;7.0;25
203000;;SUBMISSION;VEV_5500;XIREC;6.0;16
203000;SUBMISSION;;VEV_5500;XIREC;7.0;16
203100;;SUBMISSION;VEV_5500;XIREC;6.0;27
203100;SUBMISSION;;VEV_5500;XIREC;7.0;27
203200;;SUBMISSION;VEV_5500;XIREC;6.0;25
203200;SUBMISSION;;VEV_5500;XIREC;7.0;25
203200;;;HYDROGEL_PACK;XIREC;10014.0;6
203300;;SUBMISSION;VEV_5500;XIREC;6.0;26
203300;SUBMISSION;;VEV_5500;XIREC;7.0;26
203400;;SUBMISSION;VEV_5500;XIREC;6.0;20
203400;SUBMISSION;;VEV_5500;XIREC;7.0;20
203500;;SUBMISSION;VEV_5500;XIREC;6.0;20
203500;SUBMISSION;;VEV_5500;XIREC;7.0;20
203600;;SUBMISSION;VEV_5500;XIREC;6.0;21
203600;SUBMISSION;;VEV_5500;XIREC;7.0;21
203700;;SUBMISSION;VEV_5500;XIREC;6.0;22
203700;SUBMISSION;;VEV_5500;XIREC;7.0;22
203700;;;VELVETFRUIT_EXTRACT;XIREC;5241.0;3
203800;;SUBMISSION;VEV_5500;XIREC;6.0;26
203800;SUBMISSION;;VEV_5500;XIREC;7.0;26
203900;;SUBMISSION;VEV_5500;XIREC;6.0;19
203900;SUBMISSION;;VEV_5500;XIREC;7.0;19
204000;;SUBMISSION;VEV_5500;XIREC;6.0;21
204000;SUBMISSION;;VEV_5500;XIREC;7.0;21
204100;;SUBMISSION;VEV_5500;XIREC;6.0;17
204100;SUBMISSION;;VEV_5500;XIREC;7.0;17
204200;;SUBMISSION;VEV_5500;XIREC;6.0;16
204200;SUBMISSION;;VEV_5500;XIREC;7.0;16
204300;;SUBMISSION;VEV_5500;XIREC;6.0;23
204300;SUBMISSION;;VEV_5500;XIREC;7.0;23
204400;;SUBMISSION;VEV_5500;XIREC;6.0;15
204400;SUBMISSION;;VEV_5500;XIREC;7.0;15
204500;;SUBMISSION;VEV_5500;XIREC;6.0;22
204500;SUBMISSION;;VEV_5500;XIREC;7.0;22
204600;;SUBMISSION;VEV_5500;XIREC;6.0;22
204600;SUBMISSION;;VEV_5500;XIREC;7.0;22
204900;;SUBMISSION;VEV_5400;XIREC;16.0;6
204900;SUBMISSION;;VEV_5400;XIREC;17.0;6
205100;;SUBMISSION;VEV_5500;XIREC;6.0;22
205100;SUBMISSION;;VEV_5500;XIREC;7.0;22
205200;;SUBMISSION;VEV_5500;XIREC;6.0;24
205200;SUBMISSION;;VEV_5500;XIREC;7.0;24
205400;;SUBMISSION;VEV_5400;XIREC;16.0;7
205400;SUBMISSION;;VEV_5400;XIREC;17.0;7
205500;;SUBMISSION;VEV_5400;XIREC;16.0;22
205500;SUBMISSION;;VEV_5400;XIREC;17.0;22
205600;;SUBMISSION;VEV_5400;XIREC;16.0;18
205600;SUBMISSION;;VEV_5400;XIREC;17.0;18
205700;;SUBMISSION;VEV_5400;XIREC;16.0;24
205700;SUBMISSION;;VEV_5400;XIREC;17.0;24
205800;;SUBMISSION;VEV_5400;XIREC;16.0;20
205800;SUBMISSION;;VEV_5400;XIREC;17.0;20
206000;;SUBMISSION;VEV_5400;XIREC;16.0;17
206000;SUBMISSION;;VEV_5400;XIREC;17.0;17
206100;;SUBMISSION;VEV_5400;XIREC;16.0;5
206100;SUBMISSION;;VEV_5400;XIREC;17.0;5
206200;;SUBMISSION;VEV_5400;XIREC;16.0;6
206200;SUBMISSION;;VEV_5400;XIREC;17.0;6
206200;;;VEV_5400;XIREC;16.0;3
206200;;;VEV_6000;XIREC;0.0;3
206200;;;VEV_6500;XIREC;0.0;3
206600;;SUBMISSION;VEV_5400;XIREC;16.0;8
206600;SUBMISSION;;VEV_5400;XIREC;17.0;8
206600;;;VEV_4000;XIREC;1255.0;1
206700;;SUBMISSION;VEV_5400;XIREC;16.0;21
206700;SUBMISSION;;VEV_5400;XIREC;17.0;21
206800;;;VELVETFRUIT_EXTRACT;XIREC;5241.0;6
207000;;SUBMISSION;VEV_5400;XIREC;16.0;18
207000;SUBMISSION;;VEV_5400;XIREC;17.0;18
207100;;SUBMISSION;VEV_5400;XIREC;16.0;20
207100;SUBMISSION;;VEV_5400;XIREC;17.0;20
207200;;SUBMISSION;VEV_5400;XIREC;16.0;19
207200;SUBMISSION;;VEV_5400;XIREC;17.0;19
207300;;SUBMISSION;VEV_5400;XIREC;16.0;20
207300;SUBMISSION;;VEV_5400;XIREC;17.0;20
207400;;SUBMISSION;VEV_5400;XIREC;16.0;17
207400;SUBMISSION;;VEV_5400;XIREC;17.0;17
207600;;SUBMISSION;VELVETFRUIT_EXTRACT;XIREC;5250.0;4
208400;;SUBMISSION;VEV_5400;XIREC;16.0;26
208400;SUBMISSION;;VEV_5400;XIREC;17.0;26
208600;;SUBMISSION;VEV_5400;XIREC;16.0;23
208600;SUBMISSION;;VEV_5400;XIREC;17.0;23
208700;;SUBMISSION;VEV_5400;XIREC;16.0;18
208700;SUBMISSION;;VEV_5400;XIREC;17.0;18
208800;;SUBMISSION;VEV_5400;XIREC;16.0;24
208800;SUBMISSION;;VEV_5400;XIREC;17.0;24
208900;;SUBMISSION;VEV_5400;XIREC;16.0;21
208900;SUBMISSION;;VEV_5400;XIREC;17.0;21
209000;;SUBMISSION;VEV_5400;XIREC;16.0;20
209000;SUBMISSION;;VEV_5400;XIREC;17.0;20
210300;;;VELVETFRUIT_EXTRACT;XIREC;5250.0;5
210600;;;HYDROGEL_PACK;XIREC;9990.0;5
211100;;;HYDROGEL_PACK;XIREC;9996.0;6
211900;;SUBMISSION;VEV_5400;XIREC;18.0;18
211900;;SUBMISSION;VEV_5500;XIREC;8.0;18
212000;;SUBMISSION;VEV_5400;XIREC;18.0;8
212000;;SUBMISSION;VEV_5500;XIREC;8.0;8
212300;;SUBMISSION;VEV_5500;XIREC;8.0;6
212400;;SUBMISSION;VEV_5400;XIREC;18.0;10
212400;;SUBMISSION;VEV_5500;XIREC;8.0;22
212500;;SUBMISSION;VEV_5400;XIREC;18.0;19
212500;;SUBMISSION;VEV_5500;XIREC;8.0;19
212600;;SUBMISSION;VEV_5400;XIREC;18.0;20
213700;;SUBMISSION;VELVETFRUIT_EXTRACT;XIREC;5258.0;5
214400;;;VELVETFRUIT_EXTRACT;XIREC;5250.0;3
215000;;;VELVETFRUIT_EXTRACT;XIREC;5249.0;4
215600;;SUBMISSION;VELVETFRUIT_EXTRACT;XIREC;5250.0;17
216000;;;VEV_4000;XIREC;1263.0;1
217100;;SUBMISSION;VELVETFRUIT_EXTRACT;XIREC;5256.0;4
217500;;;HYDROGEL_PACK;XIREC;10011.0;4
217800;;;VEV_4000;XIREC;1263.0;1
218500;;;HYDROGEL_PACK;XIREC;10017.0;5
218900;;;HYDROGEL_PACK;XIREC;10014.0;3
218900;;;VELVETFRUIT_EXTRACT;XIREC;5249.0;8
220200;SUBMISSION;;VEV_5400;XIREC;17.0;24
220300;;SUBMISSION;VEV_5400;XIREC;16.0;15
220300;SUBMISSION;;VEV_5400;XIREC;17.0;15
220400;;SUBMISSION;VEV_5400;XIREC;16.0;30
220400;SUBMISSION;;VEV_5400;XIREC;17.0;30
220500;;SUBMISSION;VEV_5400;XIREC;16.0;24
220500;SUBMISSION;;VEV_5400;XIREC;17.0;24
220600;;SUBMISSION;VEV_5400;XIREC;16.0;24
220600;SUBMISSION;;VEV_5400;XIREC;17.0;24
220700;SUBMISSION;;VEV_5400;XIREC;17.0;19
220700;SUBMISSION;;VEV_5500;XIREC;8.0;19
220800;SUBMISSION;;VEV_5400;XIREC;17.0;19
220800;SUBMISSION;;VEV_5500;XIREC;8.0;19
220900;SUBMISSION;;VEV_5400;XIREC;17.0;13
220900;SUBMISSION;;VEV_5500;XIREC;8.0;28
221000;;SUBMISSION;VEV_5500;XIREC;6.0;20
221000;SUBMISSION;;VEV_5500;XIREC;7.0;20
221100;SUBMISSION;;VEV_5500;XIREC;8.0;7
221200;;;HYDROGEL_PACK;XIREC;10011.0;5
221500;;SUBMISSION;VEV_5500;XIREC;6.0;20
221500;SUBMISSION;;VEV_5500;XIREC;7.0;20
221600;SUBMISSION;;VELVETFRUIT_EXTRACT;XIREC;5245.0;30
221600;;SUBMISSION;VEV_5500;XIREC;6.0;22
221600;SUBMISSION;;VEV_5500;XIREC;7.0;22
221700;;SUBMISSION;VEV_5500;XIREC;6.0;25
221700;SUBMISSION;;VEV_5500;XIREC;7.0;25
221800;;SUBMISSION;VEV_5500;XIREC;6.0;22
221800;SUBMISSION;;VEV_5500;XIREC;7.0;22
221800;;;VELVETFRUIT_EXTRACT;XIREC;5241.0;7
221900;;SUBMISSION;VEV_5500;XIREC;6.0;22
221900;SUBMISSION;;VEV_5500;XIREC;7.0;22
222000;;SUBMISSION;VEV_5500;XIREC;6.0;25
222000;SUBMISSION;;VEV_5500;XIREC;7.0;25
222300;;SUBMISSION;VEV_5400;XIREC;16.0;30
222300;SUBMISSION;;VEV_5400;XIREC;17.0;30
222400;;SUBMISSION;VEV_5400;XIREC;16.0;25
222400;SUBMISSION;;VEV_5400;XIREC;17.0;25
222500;;SUBMISSION;VEV_5400;XIREC;16.0;22
222500;SUBMISSION;;VEV_5400;XIREC;17.0;22
222600;;SUBMISSION;VEV_5400;XIREC;16.0;28
222600;SUBMISSION;;VEV_5400;XIREC;17.0;28
222700;;SUBMISSION;VEV_5400;XIREC;16.0;18
222700;SUBMISSION;;VEV_5400;XIREC;17.0;18
222800;;SUBMISSION;VEV_5400;XIREC;16.0;26
222800;SUBMISSION;;VEV_5400;XIREC;17.0;26
222900;SUBMISSION;;VEV_4000;XIREC;1241.0;3
222900;;SUBMISSION;VEV_5400;XIREC;16.0;21
222900;SUBMISSION;;VEV_5400;XIREC;17.0;21
223100;;SUBMISSION;VEV_5400;XIREC;16.0;20
223100;SUBMISSION;;VEV_5400;XIREC;17.0;20
223200;;SUBMISSION;VEV_5400;XIREC;16.0;20
223200;SUBMISSION;;VEV_5400;XIREC;17.0;20
223300;;SUBMISSION;VEV_4000;XIREC;1252.0;2
223300;;SUBMISSION;VEV_5400;XIREC;16.0;28
223300;SUBMISSION;;VEV_5400;XIREC;17.0;28
223400;;SUBMISSION;VEV_5400;XIREC;16.0;26
223400;SUBMISSION;;VEV_5400;XIREC;17.0;26
223500;;SUBMISSION;VEV_5400;XIREC;16.0;20
223500;SUBMISSION;;VEV_5400;XIREC;17.0;20
223700;;SUBMISSION;VEV_5400;XIREC;16.0;24
223700;SUBMISSION;;VEV_5400;XIREC;17.0;24
224000;;SUBMISSION;VEV_5400;XIREC;16.0;17
224000;SUBMISSION;;VEV_5400;XIREC;17.0;17
224100;;SUBMISSION;VEV_4000;XIREC;1253.0;2
224100;;SUBMISSION;VEV_5400;XIREC;16.0;24
224100;SUBMISSION;;VEV_5400;XIREC;17.0;24
224200;;SUBMISSION;VEV_5400;XIREC;16.0;19
224200;SUBMISSION;;VEV_5400;XIREC;17.0;19
224300;;SUBMISSION;VEV_5400;XIREC;16.0;27
224300;SUBMISSION;;VEV_5400;XIREC;17.0;27
224400;;SUBMISSION;VEV_5400;XIREC;16.0;19
224400;SUBMISSION;;VEV_5400;XIREC;17.0;19
224900;;SUBMISSION;VEV_5400;XIREC;17.0;8
225100;;SUBMISSION;VELVETFRUIT_EXTRACT;XIREC;5253.0;5
225700;;SUBMISSION;VEV_5400;XIREC;17.0;5
226100;;;HYDROGEL_PACK;XIREC;9974.0;5
227600;;SUBMISSION;VEV_5400;XIREC;18.0;7
227700;;SUBMISSION;VEV_5400;XIREC;18.0;5
228800;;SUBMISSION;VEV_5400;XIREC;16.0;24
228800;SUBMISSION;;VEV_5400;XIREC;17.0;24
228900;;SUBMISSION;VEV_5400;XIREC;16.0;20
228900;SUBMISSION;;VEV_5400;XIREC;17.0;20
229000;SUBMISSION;;VELVETFRUIT_EXTRACT;XIREC;5245.0;5
229000;;SUBMISSION;VEV_5400;XIREC;16.0;17
229000;SUBMISSION;;VEV_5400;XIREC;17.0;17
229100;;SUBMISSION;VEV_5400;XIREC;16.0;23
229100;SUBMISSION;;VEV_5400;XIREC;17.0;23
229100;;;VEV_4000;XIREC;1258.0;1
229400;;SUBMISSION;VEV_5400;XIREC;16.0;19
229400;SUBMISSION;;VEV_5400;XIREC;17.0;19
229500;;SUBMISSION;VEV_5400;XIREC;16.0;23
229500;SUBMISSION;;VEV_5400;XIREC;17.0;23
229600;;SUBMISSION;VEV_5400;XIREC;16.0;20
229600;SUBMISSION;;VEV_5400;XIREC;17.0;20
229700;;SUBMISSION;VEV_5400;XIREC;16.0;17
229700;SUBMISSION;;VEV_5400;XIREC;17.0;17
229800;;SUBMISSION;VEV_5400;XIREC;16.0;27
229800;SUBMISSION;;VEV_5400;XIREC;17.0;27
229900;;SUBMISSION;VEV_5400;XIREC;16.0;23
229900;SUBMISSION;;VEV_5400;XIREC;17.0;23
229900;;SUBMISSION;VEV_5500;XIREC;7.0;8
230000;;SUBMISSION;VEV_5400;XIREC;16.0;7
230000;SUBMISSION;;VEV_5400;XIREC;17.0;21
230000;SUBMISSION;;VEV_5500;XIREC;8.0;8
230000;;;HYDROGEL_PACK;XIREC;9998.0;4
230100;;SUBMISSION;VEV_5400;XIREC;16.0;28
230100;SUBMISSION;;VEV_5400;XIREC;17.0;28
230200;;SUBMISSION;VEV_5400;XIREC;16.0;10
230200;SUBMISSION;;VEV_5400;XIREC;17.0;21
230300;;SUBMISSION;VEV_5400;XIREC;16.0;15
230300;SUBMISSION;;VEV_5400;XIREC;17.0;15
230300;;SUBMISSION;VEV_5500;XIREC;7.0;5
230400;;SUBMISSION;VEV_5400;XIREC;16.0;17
230400;SUBMISSION;;VEV_5400;XIREC;17.0;17
230400;;SUBMISSION;VEV_5500;XIREC;7.0;7
230500;SUBMISSION;;VEV_5500;XIREC;8.0;12
230800;;SUBMISSION;VEV_5500;XIREC;6.0;25
230800;SUBMISSION;;VEV_5500;XIREC;7.0;25
230800;;;HYDROGEL_PACK;XIREC;10007.0;3
230900;;SUBMISSION;VEV_5500;XIREC;6.0;16
230900;SUBMISSION;;VEV_5500;XIREC;7.0;16
231200;;SUBMISSION;VEV_5500;XIREC;6.0;17
231200;SUBMISSION;;VEV_5500;XIREC;7.0;17
231300;;SUBMISSION;VEV_5500;XIREC;6.0;24
231300;SUBMISSION;;VEV_5500;XIREC;7.0;24
231900;;SUBMISSION;VEV_5500;XIREC;6.0;23
231900;SUBMISSION;;VEV_5500;XIREC;7.0;23
233300;;SUBMISSION;VEV_5500;XIREC;6.0;23
233300;SUBMISSION;;VEV_5500;XIREC;7.0;23
234300;;SUBMISSION;VEV_5400;XIREC;16.0;30
234300;SUBMISSION;;VEV_5400;XIREC;17.0;30
234400;;SUBMISSION;VEV_5400;XIREC;16.0;21
234400;SUBMISSION;;VEV_5400;XIREC;17.0;21
234500;;SUBMISSION;VEV_5300;XIREC;47.0;3
234500;;SUBMISSION;VEV_5400;XIREC;16.0;28
234500;SUBMISSION;;VEV_5400;XIREC;17.0;25
234600;;SUBMISSION;VEV_5400;XIREC;16.0;30
234600;SUBMISSION;;VEV_5400;XIREC;17.0;26
234900;SUBMISSION;;VEV_5300;XIREC;48.0;3
234900;;SUBMISSION;VEV_5400;XIREC;16.0;23
234900;SUBMISSION;;VEV_5400;XIREC;17.0;23
235000;;SUBMISSION;VEV_5400;XIREC;16.0;18
235000;SUBMISSION;;VEV_5400;XIREC;17.0;18
235100;;SUBMISSION;VEV_5400;XIREC;16.0;15
235100;SUBMISSION;;VEV_5400;XIREC;17.0;15
235200;;SUBMISSION;VEV_5400;XIREC;16.0;23
235200;SUBMISSION;;VEV_5400;XIREC;17.0;23
235300;;SUBMISSION;VEV_5400;XIREC;16.0;23
235300;SUBMISSION;;VEV_5400;XIREC;17.0;26
235300;;;VEV_5400;XIREC;16.0;3
235300;;;VEV_5500;XIREC;7.0;3
235300;;;VEV_6000;XIREC;0.0;3
235300;;;VEV_6500;XIREC;0.0;3
235400;;SUBMISSION;VEV_5400;XIREC;16.0;19
235400;SUBMISSION;;VEV_5400;XIREC;17.0;19
235500;;SUBMISSION;VEV_5400;XIREC;16.0;20
235500;SUBMISSION;;VEV_5400;XIREC;17.0;20
235600;;SUBMISSION;VEV_5400;XIREC;16.0;16
235600;SUBMISSION;;VEV_5400;XIREC;17.0;16
235700;;SUBMISSION;VEV_5400;XIREC;16.0;17
235700;SUBMISSION;;VEV_5400;XIREC;17.0;17
235800;;SUBMISSION;VEV_5400;XIREC;16.0;16
235800;SUBMISSION;;VEV_5400;XIREC;17.0;16
235900;;SUBMISSION;VEV_5400;XIREC;16.0;25
235900;SUBMISSION;;VEV_5400;XIREC;17.0;25
235900;;;HYDROGEL_PACK;XIREC;9998.0;3
236000;;SUBMISSION;VEV_5400;XIREC;16.0;18
236000;SUBMISSION;;VEV_5400;XIREC;17.0;18
236100;;SUBMISSION;VEV_5400;XIREC;16.0;26
236100;SUBMISSION;;VEV_5400;XIREC;17.0;26
236200;;SUBMISSION;VEV_5400;XIREC;16.0;20
236200;SUBMISSION;;VEV_5400;XIREC;17.0;20
236300;SUBMISSION;;VEV_5400;XIREC;17.0;4
236400;;SUBMISSION;VEV_5500;XIREC;7.0;8
236500;;SUBMISSION;VEV_5500;XIREC;7.0;7
236600;;SUBMISSION;VEV_5400;XIREC;16.0;24
236600;SUBMISSION;;VEV_5400;XIREC;17.0;24
236700;;SUBMISSION;VEV_5400;XIREC;16.0;21
236700;SUBMISSION;;VEV_5400;XIREC;17.0;21
236800;;SUBMISSION;VEV_5400;XIREC;16.0;20
236800;SUBMISSION;;VEV_5400;XIREC;17.0;20
236900;;SUBMISSION;VEV_5400;XIREC;16.0;27
236900;SUBMISSION;;VEV_5400;XIREC;17.0;27
237100;;SUBMISSION;VEV_5400;XIREC;17.0;8
237900;;SUBMISSION;VELVETFRUIT_EXTRACT;XIREC;5253.0;6
238200;;;HYDROGEL_PACK;XIREC;10025.0;2
238400;;SUBMISSION;VEV_5400;XIREC;16.0;20
238400;SUBMISSION;;VEV_5400;XIREC;17.0;20
238500;;SUBMISSION;VEV_5400;XIREC;16.0;25
238500;SUBMISSION;;VEV_5400;XIREC;17.0;25
238600;;SUBMISSION;VELVETFRUIT_EXTRACT;XIREC;5248.0;19
239400;;;VELVETFRUIT_EXTRACT;XIREC;5251.0;6
239600;;SUBMISSION;VELVETFRUIT_EXTRACT;XIREC;5254.0;5
239600;;;HYDROGEL_PACK;XIREC;10006.0;4
239700;;;HYDROGEL_PACK;XIREC;10021.0;6
240200;;SUBMISSION;VELVETFRUIT_EXTRACT;XIREC;5257.0;3
240600;;SUBMISSION;VEV_5400;XIREC;18.0;6
240600;;SUBMISSION;VEV_5500;XIREC;8.0;6
240600;;;HYDROGEL_PACK;XIREC;10013.0;3
240700;;SUBMISSION;VEV_5400;XIREC;18.0;21
240700;;SUBMISSION;VEV_5500;XIREC;8.0;21
240800;;SUBMISSION;VEV_5400;XIREC;18.0;25
240800;;SUBMISSION;VEV_5500;XIREC;8.0;25
240900;;SUBMISSION;VEV_5400;XIREC;18.0;25
241900;;;HYDROGEL_PACK;XIREC;10005.0;2
242900;;SUBMISSION;VELVETFRUIT_EXTRACT;XIREC;5253.0;5
245600;;SUBMISSION;VELVETFRUIT_EXTRACT;XIREC;5255.0;6
248200;;;HYDROGEL_PACK;XIREC;10025.0;5
248300;;;VELVETFRUIT_EXTRACT;XIREC;5257.0;5
250500;;;VELVETFRUIT_EXTRACT;XIREC;5260.0;4
250600;SUBMISSION;;VEV_4000;XIREC;1257.0;2
251200;;;VELVETFRUIT_EXTRACT;XIREC;5262.0;8
251600;;SUBMISSION;VEV_4000;XIREC;1270.0;3
251900;;SUBMISSION;VELVETFRUIT_EXTRACT;XIREC;5262.0;14
252400;;SUBMISSION;VELVETFRUIT_EXTRACT;XIREC;5266.0;6
252500;SUBMISSION;;VEV_5400;XIREC;19.0;2
252500;;;HYDROGEL_PACK;XIREC;9988.0;3
252500;;;VEV_5300;XIREC;53.0;2
252500;;;VEV_5500;XIREC;8.0;2
252500;;;VEV_6000;XIREC;0.0;2
252500;;;VEV_6500;XIREC;0.0;2
253900;;SUBMISSION;VELVETFRUIT_EXTRACT;XIREC;5265.0;3
254700;;;HYDROGEL_PACK;XIREC;9997.0;5
255000;;;HYDROGEL_PACK;XIREC;9980.0;4
255300;SUBMISSION;;HYDROGEL_PACK;XIREC;9974.0;2
255400;SUBMISSION;;HYDROGEL_PACK;XIREC;9974.0;3
258400;;SUBMISSION;VELVETFRUIT_EXTRACT;XIREC;5256.0;8
262200;SUBMISSION;;VELVETFRUIT_EXTRACT;XIREC;5251.0;4
262300;;SUBMISSION;HYDROGEL_PACK;XIREC;10004.0;4
262800;;SUBMISSION;HYDROGEL_PACK;XIREC;10007.0;1
262800;;;HYDROGEL_PACK;XIREC;10008.0;1
263100;;SUBMISSION;VEV_4000;XIREC;1263.0;3
263900;;SUBMISSION;VELVETFRUIT_EXTRACT;XIREC;5256.0;7
265400;SUBMISSION;;VELVETFRUIT_EXTRACT;XIREC;5250.0;9
265400;;;VELVETFRUIT_EXTRACT;XIREC;5250.0;9
265600;SUBMISSION;;VELVETFRUIT_EXTRACT;XIREC;5249.0;5
265600;SUBMISSION;;VEV_5400;XIREC;18.0;24
265700;SUBMISSION;;VELVETFRUIT_EXTRACT;XIREC;5247.0;14
265700;SUBMISSION;;VEV_5400;XIREC;18.0;22
265800;SUBMISSION;;VEV_5400;XIREC;18.0;22
265800;;;VELVETFRUIT_EXTRACT;XIREC;5252.0;7
265900;SUBMISSION;;VEV_4000;XIREC;1245.0;1
265900;SUBMISSION;;VEV_5400;XIREC;18.0;15
266300;;;HYDROGEL_PACK;XIREC;9999.0;4
266500;;;VELVETFRUIT_EXTRACT;XIREC;5253.0;5
266600;;;HYDROGEL_PACK;XIREC;9997.0;4
267400;;SUBMISSION;VELVETFRUIT_EXTRACT;XIREC;5253.0;3
267800;SUBMISSION;;VELVETFRUIT_EXTRACT;XIREC;5250.0;23
267900;SUBMISSION;;VELVETFRUIT_EXTRACT;XIREC;5249.0;22
267900;SUBMISSION;;VELVETFRUIT_EXTRACT;XIREC;5250.0;8
268300;;SUBMISSION;VEV_4000;XIREC;1252.0;2
268700;;;VELVETFRUIT_EXTRACT;XIREC;5251.0;5
269300;SUBMISSION;;HYDROGEL_PACK;XIREC;9974.0;3
269300;;;VELVETFRUIT_EXTRACT;XIREC;5247.0;5
271600;SUBMISSION;;VEV_4000;XIREC;1253.0;1
272600;;SUBMISSION;VELVETFRUIT_EXTRACT;XIREC;5260.0;7
274600;;SUBMISSION;HYDROGEL_PACK;XIREC;9988.0;2
274900;;SUBMISSION;VELVETFRUIT_EXTRACT;XIREC;5255.0;20
275300;;SUBMISSION;VELVETFRUIT_EXTRACT;XIREC;5258.0;8
275700;;SUBMISSION;HYDROGEL_PACK;XIREC;9995.0;1
275700;;;HYDROGEL_PACK;XIREC;9996.0;1
276500;;SUBMISSION;VELVETFRUIT_EXTRACT;XIREC;5254.0;7
277400;;SUBMISSION;VELVETFRUIT_EXTRACT;XIREC;5254.0;4
278300;;SUBMISSION;VELVETFRUIT_EXTRACT;XIREC;5257.0;5
279600;;SUBMISSION;VELVETFRUIT_EXTRACT;XIREC;5259.0;4
280000;SUBMISSION;;HYDROGEL_PACK;XIREC;9967.0;7
280500;;;HYDROGEL_PACK;XIREC;9973.0;2
280600;SUBMISSION;;HYDROGEL_PACK;XIREC;9970.0;11
280700;SUBMISSION;;HYDROGEL_PACK;XIREC;9972.0;11
280800;SUBMISSION;;HYDROGEL_PACK;XIREC;9972.0;14
280800;SUBMISSION;;VEV_5500;XIREC;8.0;25
280900;SUBMISSION;;HYDROGEL_PACK;XIREC;9971.0;10
281000;SUBMISSION;;HYDROGEL_PACK;XIREC;9968.0;14
281000;SUBMISSION;;HYDROGEL_PACK;XIREC;9971.0;27
281100;SUBMISSION;;HYDROGEL_PACK;XIREC;9968.0;11
281100;SUBMISSION;;HYDROGEL_PACK;XIREC;9971.0;30
281100;SUBMISSION;;HYDROGEL_PACK;XIREC;9953.0;3
281100;SUBMISSION;;VEV_5500;XIREC;8.0;16
281200;SUBMISSION;;HYDROGEL_PACK;XIREC;9966.0;12
281200;SUBMISSION;;HYDROGEL_PACK;XIREC;9969.0;30
281200;SUBMISSION;;VEV_5500;XIREC;8.0;20
281300;SUBMISSION;;HYDROGEL_PACK;XIREC;9970.0;10
281300;SUBMISSION;;VEV_5500;XIREC;8.0;6
281400;SUBMISSION;;HYDROGEL_PACK;XIREC;9971.0;10
281400;SUBMISSION;;VELVETFRUIT_EXTRACT;XIREC;5253.0;15
281400;SUBMISSION;;VELVETFRUIT_EXTRACT;XIREC;5253.0;15
281500;;SUBMISSION;VEV_4000;XIREC;1262.0;1
282000;;SUBMISSION;VELVETFRUIT_EXTRACT;XIREC;5255.0;16
282200;;SUBMISSION;VEV_5500;XIREC;8.0;22
282200;;;HYDROGEL_PACK;XIREC;9979.0;2
282200;;;VELVETFRUIT_EXTRACT;XIREC;5260.0;7
282300;;SUBMISSION;VEV_5500;XIREC;8.0;18
282400;;SUBMISSION;VEV_5500;XIREC;8.0;25
282500;;SUBMISSION;VEV_5500;XIREC;8.0;30
283400;;SUBMISSION;VELVETFRUIT_EXTRACT;XIREC;5258.0;7
285400;;;HYDROGEL_PACK;XIREC;9965.0;5
286000;;SUBMISSION;VEV_5300;XIREC;53.0;5
286300;;SUBMISSION;VELVETFRUIT_EXTRACT;XIREC;5265.0;6
286600;;SUBMISSION;VEV_4000;XIREC;1272.0;2
288800;;SUBMISSION;VEV_4000;XIREC;1273.0;1
289100;;SUBMISSION;VELVETFRUIT_EXTRACT;XIREC;5270.0;5
289200;;SUBMISSION;VELVETFRUIT_EXTRACT;XIREC;5265.0;18
289200;;SUBMISSION;VELVETFRUIT_EXTRACT;XIREC;5265.0;11
290900;;;HYDROGEL_PACK;XIREC;9965.0;3
291400;;SUBMISSION;VELVETFRUIT_EXTRACT;XIREC;5273.0;5
291800;;SUBMISSION;VELVETFRUIT_EXTRACT;XIREC;5269.0;5
292400;;SUBMISSION;VELVETFRUIT_EXTRACT;XIREC;5274.0;8
292800;;;HYDROGEL_PACK;XIREC;9951.0;6
294500;;SUBMISSION;VELVETFRUIT_EXTRACT;XIREC;5275.0;25
294500;;SUBMISSION;VELVETFRUIT_EXTRACT;XIREC;5274.0;42
294600;;SUBMISSION;VELVETFRUIT_EXTRACT;XIREC;5275.0;18
294600;;SUBMISSION;VELVETFRUIT_EXTRACT;XIREC;5274.0;9
295000;;;HYDROGEL_PACK;XIREC;9959.0;5
296900;;;VELVETFRUIT_EXTRACT;XIREC;5270.0;5
297100;;;HYDROGEL_PACK;XIREC;9958.0;3
297400;;;VELVETFRUIT_EXTRACT;XIREC;5275.0;4
297500;SUBMISSION;;VEV_4000;XIREC;1267.0;1
301100;;;HYDROGEL_PACK;XIREC;9966.0;3
301300;;;HYDROGEL_PACK;XIREC;9967.0;2
302400;;;HYDROGEL_PACK;XIREC;9936.0;6
304000;SUBMISSION;;VEV_5500;XIREC;8.0;3
304000;;;VEV_5400;XIREC;19.0;3
304000;;;VEV_6000;XIREC;0.0;3
304000;;;VEV_6500;XIREC;0.0;3
304200;;;HYDROGEL_PACK;XIREC;9944.0;2
304700;;SUBMISSION;VEV_5400;XIREC;20.0;17
304800;;SUBMISSION;VEV_5400;XIREC;20.0;5
305400;;SUBMISSION;VEV_5400;XIREC;19.0;8
306500;;;HYDROGEL_PACK;XIREC;9967.0;5
307100;;SUBMISSION;VEV_4000;XIREC;1274.0;1
307100;;SUBMISSION;VEV_5400;XIREC;20.0;21
307500;;;VELVETFRUIT_EXTRACT;XIREC;5275.0;8
308000;;;HYDROGEL_PACK;XIREC;9943.0;3
308100;;;HYDROGEL_PACK;XIREC;9945.0;4
308100;;;VELVETFRUIT_EXTRACT;XIREC;5271.0;6
308600;;SUBMISSION;VEV_5400;XIREC;20.0;29
309500;;;VELVETFRUIT_EXTRACT;XIREC;5268.0;4
310100;SUBMISSION;;VEV_5500;XIREC;8.0;5
310100;;;VEV_5400;XIREC;20.0;5
310100;;;VEV_6000;XIREC;0.0;5
310100;;;VEV_6500;XIREC;0.0;5
310500;;;VELVETFRUIT_EXTRACT;XIREC;5266.0;11
310600;;;VELVETFRUIT_EXTRACT;XIREC;5264.0;3
313000;;;VELVETFRUIT_EXTRACT;XIREC;5267.0;5
314000;SUBMISSION;;VEV_5500;XIREC;8.0;24
314100;SUBMISSION;;VEV_5500;XIREC;8.0;20
314200;SUBMISSION;;VEV_5500;XIREC;8.0;19
314300;SUBMISSION;;VELVETFRUIT_EXTRACT;XIREC;5257.0;49
314300;SUBMISSION;;VEV_5500;XIREC;8.0;22
314400;SUBMISSION;;VELVETFRUIT_EXTRACT;XIREC;5256.0;63
314400;SUBMISSION;;VEV_5500;XIREC;8.0;2
314500;SUBMISSION;;VELVETFRUIT_EXTRACT;XIREC;5256.0;54
314500;SUBMISSION;;VELVETFRUIT_EXTRACT;XIREC;5252.0;4
314600;SUBMISSION;;VELVETFRUIT_EXTRACT;XIREC;5255.0;22
314600;SUBMISSION;;VELVETFRUIT_EXTRACT;XIREC;5256.0;8
314600;SUBMISSION;;VEV_5400;XIREC;18.0;18
314700;SUBMISSION;;VEV_5400;XIREC;18.0;16
314800;SUBMISSION;;VEV_5300;XIREC;49.0;5
314800;SUBMISSION;;VEV_5400;XIREC;17.0;21
314900;SUBMISSION;;VEV_5400;XIREC;18.0;25
316200;;;HYDROGEL_PACK;XIREC;9939.0;5
317100;;;HYDROGEL_PACK;XIREC;9929.0;4
318300;;;HYDROGEL_PACK;XIREC;9950.0;4
318900;;;VELVETFRUIT_EXTRACT;XIREC;5250.0;4
321900;;;VELVETFRUIT_EXTRACT;XIREC;5253.0;7
322000;;;VEV_5400;XIREC;16.0;2
322000;;;VEV_5500;XIREC;7.0;2
322000;;;VEV_6000;XIREC;0.0;2
322000;;;VEV_6500;XIREC;0.0;2
