timestamp;buyer;seller;symbol;currency;price;quantity
900;SUBMISSION;;VELVETFRUIT_EXTRACT;SEASHELLS;5262;8
1300;SUBMISSION;;VEV_4000;SEASHELLS;1256;3
2900;;SUBMISSION;VELVETFRUIT_EXTRACT;SEASHELLS;5271;8
3400;;SUBMISSION;HYDROGEL_PACK;SEASHELLS;10023;11
3400;;SUBMISSION;HYDROGEL_PACK;SEASHELLS;10021;6
4800;;SUBMISSION;VELVETFRUIT_EXTRACT;SEASHELLS;5272;3
5500;;SUBMISSION;VELVETFRUIT_EXTRACT;SEASHELLS;5273;63
5600;;SUBMISSION;VELVETFRUIT_EXTRACT;SEASHELLS;5273;34
9600;SUBMISSION;;VELVETFRUIT_EXTRACT;SEASHELLS;5265;20
9700;SUBMISSION;;VELVETFRUIT_EXTRACT;SEASHELLS;5265;23
9800;SUBMISSION;;VELVETFRUIT_EXTRACT;SEASHELLS;5265;16
9900;SUBMISSION;;VELVETFRUIT_EXTRACT;SEASHELLS;5265;60
9900;SUBMISSION;;VELVETFRUIT_EXTRACT;SEASHELLS;5262;5
9900;SUBMISSION;;VEV_5100;SEASHELLS;177;22
9900;SUBMISSION;;VEV_5200;SEASHELLS;102;8
9900;SUBMISSION;;VEV_5200;SEASHELLS;103;14
9900;SUBMISSION;;VEV_5300;SEASHELLS;52;25
9900;SUBMISSION;;VEV_5400;SEASHELLS;17;25
9900;SUBMISSION;;VEV_5500;SEASHELLS;7;25
10000;SUBMISSION;;VELVETFRUIT_EXTRACT;SEASHELLS;5265;18
10000;SUBMISSION;;VEV_5100;SEASHELLS;177;8
10000;SUBMISSION;;VEV_5100;SEASHELLS;178;13
10000;SUBMISSION;;VEV_5200;SEASHELLS;103;21
10000;SUBMISSION;;VEV_5300;SEASHELLS;52;24
10000;SUBMISSION;;VEV_5400;SEASHELLS;17;24
10000;SUBMISSION;;VEV_5500;SEASHELLS;7;24
10100;SUBMISSION;;VEV_5100;SEASHELLS;178;22
10100;SUBMISSION;;VEV_5200;SEASHELLS;103;22
10100;SUBMISSION;;VEV_5300;SEASHELLS;52;19
10100;SUBMISSION;;VEV_5400;SEASHELLS;17;19
10100;SUBMISSION;;VEV_5500;SEASHELLS;7;19
10200;SUBMISSION;;VELVETFRUIT_EXTRACT;SEASHELLS;5265;58
10200;SUBMISSION;;VEV_5100;SEASHELLS;177;27
10200;SUBMISSION;;VEV_5200;SEASHELLS;102;11
10200;SUBMISSION;;VEV_5200;SEASHELLS;103;16
10200;SUBMISSION;;VEV_5300;SEASHELLS;52;25
10200;SUBMISSION;;VEV_5400;SEASHELLS;17;25
10200;SUBMISSION;;VEV_5500;SEASHELLS;7;25
10300;SUBMISSION;;VEV_5100;SEASHELLS;176;3
10300;SUBMISSION;;VEV_5200;SEASHELLS;102;3
10300;SUBMISSION;;VEV_5300;SEASHELLS;51;2
10300;SUBMISSION;;VEV_5400;SEASHELLS;17;2
10300;SUBMISSION;;VEV_5500;SEASHELLS;7;2
11200;;SUBMISSION;HYDROGEL_PACK;SEASHELLS;10029;4
13900;;SUBMISSION;VELVETFRUIT_EXTRACT;SEASHELLS;5268;4
15700;;SUBMISSION;HYDROGEL_PACK;SEASHELLS;10034;2
16300;;SUBMISSION;VELVETFRUIT_EXTRACT;SEASHELLS;5274;5
17300;;SUBMISSION;VELVETFRUIT_EXTRACT;SEASHELLS;5273;22
17300;;SUBMISSION;VELVETFRUIT_EXTRACT;SEASHELLS;5272;30
17400;;SUBMISSION;VELVETFRUIT_EXTRACT;SEASHELLS;5274;17
17400;;SUBMISSION;VELVETFRUIT_EXTRACT;SEASHELLS;5273;49
17500;;SUBMISSION;VELVETFRUIT_EXTRACT;SEASHELLS;5274;19
17500;;SUBMISSION;VELVETFRUIT_EXTRACT;SEASHELLS;5273;40
17600;;SUBMISSION;VELVETFRUIT_EXTRACT;SEASHELLS;5273;14
19100;;SUBMISSION;HYDROGEL_PACK;SEASHELLS;10019;6
19700;SUBMISSION;;VELVETFRUIT_EXTRACT;SEASHELLS;5266;13
22300;SUBMISSION;;HYDROGEL_PACK;SEASHELLS;10001;4
23100;SUBMISSION;;VELVETFRUIT_EXTRACT;SEASHELLS;5265;4
23200;SUBMISSION;;HYDROGEL_PACK;SEASHELLS;10003;7
23300;SUBMISSION;;HYDROGEL_PACK;SEASHELLS;10008;12
23400;SUBMISSION;;VELVETFRUIT_EXTRACT;SEASHELLS;5266;58
23600;SUBMISSION;;HYDROGEL_PACK;SEASHELLS;10008;15
23600;SUBMISSION;;VELVETFRUIT_EXTRACT;SEASHELLS;5265;18
23600;SUBMISSION;;VELVETFRUIT_EXTRACT;SEASHELLS;5266;31
23800;SUBMISSION;;VELVETFRUIT_EXTRACT;SEASHELLS;5266;18
24100;SUBMISSION;;HYDROGEL_PACK;SEASHELLS;10007;12
24200;SUBMISSION;;HYDROGEL_PACK;SEASHELLS;10004;11
24200;SUBMISSION;;HYDROGEL_PACK;SEASHELLS;10007;30
24300;SUBMISSION;;HYDROGEL_PACK;SEASHELLS;10005;12
24300;SUBMISSION;;HYDROGEL_PACK;SEASHELLS;10007;26
24600;SUBMISSION;;VELVETFRUIT_EXTRACT;SEASHELLS;5265;5
25500;SUBMISSION;;VELVETFRUIT_EXTRACT;SEASHELLS;5265;6
26500;;SUBMISSION;VELVETFRUIT_EXTRACT;SEASHELLS;5268;6
28000;SUBMISSION;;VELVETFRUIT_EXTRACT;SEASHELLS;5265;23
30300;SUBMISSION;;VELVETFRUIT_EXTRACT;SEASHELLS;5265;25
30400;SUBMISSION;;VELVETFRUIT_EXTRACT;SEASHELLS;5265;5
33300;;SUBMISSION;VELVETFRUIT_EXTRACT;SEASHELLS;5270;7
34100;;SUBMISSION;VEV_4000;SEASHELLS;1277;1
35700;;SUBMISSION;VELVETFRUIT_EXTRACT;SEASHELLS;5269;3
35800;SUBMISSION;;VELVETFRUIT_EXTRACT;SEASHELLS;5265;7
36100;;SUBMISSION;VELVETFRUIT_EXTRACT;SEASHELLS;5270;4
38400;SUBMISSION;;VELVETFRUIT_EXTRACT;SEASHELLS;5266;7
39500;SUBMISSION;;VEV_4000;SEASHELLS;1259;2
50200;SUBMISSION;;VEV_4000;SEASHELLS;1254;3
63800;;SUBMISSION;VEV_4000;SEASHELLS;1257;3
67600;;SUBMISSION;VELVETFRUIT_EXTRACT;SEASHELLS;5261;4
68600;SUBMISSION;;VELVETFRUIT_EXTRACT;SEASHELLS;5258;4
80800;;SUBMISSION;VEV_4000;SEASHELLS;1269;1
82100;;SUBMISSION;VELVETFRUIT_EXTRACT;SEASHELLS;5269;5
83000;;SUBMISSION;VELVETFRUIT_EXTRACT;SEASHELLS;5270;6
84100;;SUBMISSION;VELVETFRUIT_EXTRACT;SEASHELLS;5271;8
84400;;SUBMISSION;VELVETFRUIT_EXTRACT;SEASHELLS;5272;5
84700;;SUBMISSION;VELVETFRUIT_EXTRACT;SEASHELLS;5273;19
84700;;SUBMISSION;VELVETFRUIT_EXTRACT;SEASHELLS;5272;44
84800;;SUBMISSION;VELVETFRUIT_EXTRACT;SEASHELLS;5275;5
85500;;SUBMISSION;VELVETFRUIT_EXTRACT;SEASHELLS;5272;8
86300;;SUBMISSION;VELVETFRUIT_EXTRACT;SEASHELLS;5267;21
92600;;SUBMISSION;VELVETFRUIT_EXTRACT;SEASHELLS;5270;4
97200;;SUBMISSION;VELVETFRUIT_EXTRACT;SEASHELLS;5264;7
97400;SUBMISSION;;VELVETFRUIT_EXTRACT;SEASHELLS;5259;5
98600;SUBMISSION;;VEV_4000;SEASHELLS;1260;1
99300;SUBMISSION;;VELVETFRUIT_EXTRACT;SEASHELLS;5262;8
101000;SUBMISSION;;VELVETFRUIT_EXTRACT;SEASHELLS;5260;69
101200;SUBMISSION;;VELVETFRUIT_EXTRACT;SEASHELLS;5259;11
103300;SUBMISSION;;VEV_4000;SEASHELLS;1259;1
103700;SUBMISSION;;VEV_4000;SEASHELLS;1259;3
104000;SUBMISSION;;VELVETFRUIT_EXTRACT;SEASHELLS;5260;8
109100;SUBMISSION;;VEV_4000;SEASHELLS;1259;1
109400;;SUBMISSION;VELVETFRUIT_EXTRACT;SEASHELLS;5265;6
109800;;SUBMISSION;VELVETFRUIT_EXTRACT;SEASHELLS;5266;3
111300;;SUBMISSION;VELVETFRUIT_EXTRACT;SEASHELLS;5262;7
111900;SUBMISSION;;VEV_4000;SEASHELLS;1257;2
112600;SUBMISSION;;VELVETFRUIT_EXTRACT;SEASHELLS;5257;10
112600;SUBMISSION;;VELVETFRUIT_EXTRACT;SEASHELLS;5257;10
113300;SUBMISSION;;VELVETFRUIT_EXTRACT;SEASHELLS;5259;27
114700;;SUBMISSION;VEV_4000;SEASHELLS;1264;2
116800;;SUBMISSION;VEV_4000;SEASHELLS;1263;2
124900;;SUBMISSION;HYDROGEL_PACK;SEASHELLS;10021;3
126800;;SUBMISSION;HYDROGEL_PACK;SEASHELLS;10014;2
129400;;SUBMISSION;HYDROGEL_PACK;SEASHELLS;10008;4
138700;;SUBMISSION;VELVETFRUIT_EXTRACT;SEASHELLS;5261;3
139300;SUBMISSION;;VELVETFRUIT_EXTRACT;SEASHELLS;5256;3
140900;SUBMISSION;;VEV_4000;SEASHELLS;1251;1
143100;;SUBMISSION;VELVETFRUIT_EXTRACT;SEASHELLS;5260;7
143800;SUBMISSION;;HYDROGEL_PACK;SEASHELLS;9997;5
144300;;SUBMISSION;VELVETFRUIT_EXTRACT;SEASHELLS;5265;6
144400;SUBMISSION;;VEV_4000;SEASHELLS;1258;1
145100;;SUBMISSION;HYDROGEL_PACK;SEASHELLS;10011;5
145400;SUBMISSION;;HYDROGEL_PACK;SEASHELLS;9996;2
145800;SUBMISSION;;VEV_4000;SEASHELLS;1262;1
150400;;SUBMISSION;VEV_4000;SEASHELLS;1273;1
150600;;SUBMISSION;HYDROGEL_PACK;SEASHELLS;10027;4
152700;;SUBMISSION;VELVETFRUIT_EXTRACT;SEASHELLS;5272;58
153100;;SUBMISSION;VEV_4000;SEASHELLS;1279;3
154300;;SUBMISSION;VELVETFRUIT_EXTRACT;SEASHELLS;5274;6
155100;;SUBMISSION;VELVETFRUIT_EXTRACT;SEASHELLS;5276;8
155200;;SUBMISSION;VELVETFRUIT_EXTRACT;SEASHELLS;5273;20
155200;;SUBMISSION;VELVETFRUIT_EXTRACT;SEASHELLS;5272;44
155300;;SUBMISSION;VELVETFRUIT_EXTRACT;SEASHELLS;5276;3
155700;;SUBMISSION;VELVETFRUIT_EXTRACT;SEASHELLS;5276;4
155800;;SUBMISSION;VELVETFRUIT_EXTRACT;SEASHELLS;5274;18
155800;;SUBMISSION;VELVETFRUIT_EXTRACT;SEASHELLS;5273;26
155900;;SUBMISSION;VEV_4000;SEASHELLS;1280;2
157000;;SUBMISSION;HYDROGEL_PACK;SEASHELLS;10023;4
160500;;SUBMISSION;HYDROGEL_PACK;SEASHELLS;10022;14
160500;;SUBMISSION;HYDROGEL_PACK;SEASHELLS;10020;24
161100;;SUBMISSION;HYDROGEL_PACK;SEASHELLS;10027;4
164500;;SUBMISSION;HYDROGEL_PACK;SEASHELLS;10023;14
164500;;SUBMISSION;HYDROGEL_PACK;SEASHELLS;10020;20
164600;;SUBMISSION;HYDROGEL_PACK;SEASHELLS;10023;10
164600;;SUBMISSION;HYDROGEL_PACK;SEASHELLS;10021;25
164700;;SUBMISSION;HYDROGEL_PACK;SEASHELLS;10023;1
165500;;SUBMISSION;HYDROGEL_PACK;SEASHELLS;10029;4
165500;;SUBMISSION;HYDROGEL_PACK;SEASHELLS;10021;10
165500;;SUBMISSION;HYDROGEL_PACK;SEASHELLS;10019;29
166700;;SUBMISSION;VEV_4000;SEASHELLS;1278;3
169000;;SUBMISSION;HYDROGEL_PACK;SEASHELLS;10027;2
169200;;SUBMISSION;HYDROGEL_PACK;SEASHELLS;10024;5
169200;SUBMISSION;;VEV_4000;SEASHELLS;1266;3
170100;;SUBMISSION;HYDROGEL_PACK;SEASHELLS;10019;4
181600;SUBMISSION;;HYDROGEL_PACK;SEASHELLS;9997;5
183900;SUBMISSION;;VELVETFRUIT_EXTRACT;SEASHELLS;5263;9
184200;SUBMISSION;;VELVETFRUIT_EXTRACT;SEASHELLS;5264;23
184400;SUBMISSION;;VELVETFRUIT_EXTRACT;SEASHELLS;5264;52
184500;SUBMISSION;;VELVETFRUIT_EXTRACT;SEASHELLS;5264;54
184600;SUBMISSION;;VELVETFRUIT_EXTRACT;SEASHELLS;5264;54
184700;SUBMISSION;;VELVETFRUIT_EXTRACT;SEASHELLS;5264;8
188500;SUBMISSION;;HYDROGEL_PACK;SEASHELLS;9999;14
188600;SUBMISSION;;HYDROGEL_PACK;SEASHELLS;9994;14
188600;SUBMISSION;;HYDROGEL_PACK;SEASHELLS;9997;24
188700;SUBMISSION;;HYDROGEL_PACK;SEASHELLS;9992;14
188700;SUBMISSION;;HYDROGEL_PACK;SEASHELLS;9995;21
188800;SUBMISSION;;HYDROGEL_PACK;SEASHELLS;9990;11
188800;SUBMISSION;;HYDROGEL_PACK;SEASHELLS;9992;23
188900;SUBMISSION;;HYDROGEL_PACK;SEASHELLS;9988;10
188900;SUBMISSION;;HYDROGEL_PACK;SEASHELLS;9991;20
189000;SUBMISSION;;HYDROGEL_PACK;SEASHELLS;9990;10
189000;SUBMISSION;;HYDROGEL_PACK;SEASHELLS;9993;15
190900;;SUBMISSION;VEV_4000;SEASHELLS;1265;1
192700;SUBMISSION;;VEV_4000;SEASHELLS;1258;2
195200;;SUBMISSION;VEV_4000;SEASHELLS;1265;2
196800;SUBMISSION;;VEV_4000;SEASHELLS;1258;2
200400;SUBMISSION;;VEV_4000;SEASHELLS;1257;1
201500;SUBMISSION;;VEV_4000;SEASHELLS;1253;1
202300;SUBMISSION;;VEV_4000;SEASHELLS;1254;1
206000;;SUBMISSION;VELVETFRUIT_EXTRACT;SEASHELLS;5267;6
207000;;SUBMISSION;VELVETFRUIT_EXTRACT;SEASHELLS;5267;15
212100;;SUBMISSION;VELVETFRUIT_EXTRACT;SEASHELLS;5270;4
212100;SUBMISSION;;VEV_4000;SEASHELLS;1262;2
212200;;SUBMISSION;VELVETFRUIT_EXTRACT;SEASHELLS;5266;5
217200;SUBMISSION;;VELVETFRUIT_EXTRACT;SEASHELLS;5263;4
217800;SUBMISSION;;VELVETFRUIT_EXTRACT;SEASHELLS;5261;6
220600;SUBMISSION;;VELVETFRUIT_EXTRACT;SEASHELLS;5261;4
221300;SUBMISSION;;VELVETFRUIT_EXTRACT;SEASHELLS;5258;9
221300;SUBMISSION;;VELVETFRUIT_EXTRACT;SEASHELLS;5262;7
231900;;SUBMISSION;VEV_4000;SEASHELLS;1270;2
232000;;SUBMISSION;VELVETFRUIT_EXTRACT;SEASHELLS;5266;8
237400;;SUBMISSION;VELVETFRUIT_EXTRACT;SEASHELLS;5272;6
237600;;SUBMISSION;VELVETFRUIT_EXTRACT;SEASHELLS;5270;8
237700;;SUBMISSION;VELVETFRUIT_EXTRACT;SEASHELLS;5272;8
241600;;SUBMISSION;VELVETFRUIT_EXTRACT;SEASHELLS;5274;16
241600;;SUBMISSION;VELVETFRUIT_EXTRACT;SEASHELLS;5273;47
241700;;SUBMISSION;VELVETFRUIT_EXTRACT;SEASHELLS;5273;64
242100;;SUBMISSION;VELVETFRUIT_EXTRACT;SEASHELLS;5275;8
242600;;SUBMISSION;VELVETFRUIT_EXTRACT;SEASHELLS;5274;7
242600;;SUBMISSION;VELVETFRUIT_EXTRACT;SEASHELLS;5272;25
242600;;SUBMISSION;VELVETFRUIT_EXTRACT;SEASHELLS;5271;3
249400;;SUBMISSION;VEV_4000;SEASHELLS;1281;3
249800;SUBMISSION;;VEV_4000;SEASHELLS;1272;2
266800;SUBMISSION;;VEV_4000;SEASHELLS;1280;1
269700;;SUBMISSION;VEV_4000;SEASHELLS;1283;1
270500;;SUBMISSION;VEV_4000;SEASHELLS;1286;1
272900;;SUBMISSION;VEV_4000;SEASHELLS;1285;3
277900;SUBMISSION;;VEV_4000;SEASHELLS;1264;3
278100;SUBMISSION;;VELVETFRUIT_EXTRACT;SEASHELLS;5269;15
278700;;SUBMISSION;VELVETFRUIT_EXTRACT;SEASHELLS;5273;6
278800;;SUBMISSION;VELVETFRUIT_EXTRACT;SEASHELLS;5275;4
280700;SUBMISSION;;VELVETFRUIT_EXTRACT;SEASHELLS;5269;6
281000;SUBMISSION;;VELVETFRUIT_EXTRACT;SEASHELLS;5269;66
281100;;SUBMISSION;VEV_4000;SEASHELLS;1273;1
281200;SUBMISSION;;VELVETFRUIT_EXTRACT;SEASHELLS;5269;21
281400;SUBMISSION;;VELVETFRUIT_EXTRACT;SEASHELLS;5269;9
281800;SUBMISSION;;VELVETFRUIT_EXTRACT;SEASHELLS;5269;19
282600;SUBMISSION;;VELVETFRUIT_EXTRACT;SEASHELLS;5270;10
283300;SUBMISSION;;VELVETFRUIT_EXTRACT;SEASHELLS;5271;5
285600;;SUBMISSION;VELVETFRUIT_EXTRACT;SEASHELLS;5277;4
285800;;SUBMISSION;VELVETFRUIT_EXTRACT;SEASHELLS;5274;31
285800;;SUBMISSION;VELVETFRUIT_EXTRACT;SEASHELLS;5275;6
285900;;SUBMISSION;VELVETFRUIT_EXTRACT;SEASHELLS;5275;24
285900;;SUBMISSION;VELVETFRUIT_EXTRACT;SEASHELLS;5274;44
286000;;SUBMISSION;VELVETFRUIT_EXTRACT;SEASHELLS;5277;17
286000;;SUBMISSION;VELVETFRUIT_EXTRACT;SEASHELLS;5276;15
286900;SUBMISSION;;VEV_4000;SEASHELLS;1271;3
291800;SUBMISSION;;VELVETFRUIT_EXTRACT;SEASHELLS;5268;4
293100;;SUBMISSION;VELVETFRUIT_EXTRACT;SEASHELLS;5273;4
293600;SUBMISSION;;VEV_4000;SEASHELLS;1265;2
293700;SUBMISSION;;VELVETFRUIT_EXTRACT;SEASHELLS;5268;8
296800;SUBMISSION;;VELVETFRUIT_EXTRACT;SEASHELLS;5269;8
297000;SUBMISSION;;VELVETFRUIT_EXTRACT;SEASHELLS;5267;15
297500;SUBMISSION;;VELVETFRUIT_EXTRACT;SEASHELLS;5268;10
300500;SUBMISSION;;VELVETFRUIT_EXTRACT;SEASHELLS;5267;12
301000;SUBMISSION;;VELVETFRUIT_EXTRACT;SEASHELLS;5268;8
301200;SUBMISSION;;VELVETFRUIT_EXTRACT;SEASHELLS;5269;21
301300;SUBMISSION;;VELVETFRUIT_EXTRACT;SEASHELLS;5268;74
301400;SUBMISSION;;VELVETFRUIT_EXTRACT;SEASHELLS;5269;23
301700;SUBMISSION;;VELVETFRUIT_EXTRACT;SEASHELLS;5266;6
301700;SUBMISSION;;VELVETFRUIT_EXTRACT;SEASHELLS;5269;15
301700;SUBMISSION;;VEV_4000;SEASHELLS;1261;2
303100;SUBMISSION;;VEV_4000;SEASHELLS;1261;1
306000;;SUBMISSION;VELVETFRUIT_EXTRACT;SEASHELLS;5273;5
307600;;SUBMISSION;VEV_4000;SEASHELLS;1275;2
307900;SUBMISSION;;VELVETFRUIT_EXTRACT;SEASHELLS;5269;5
310200;;SUBMISSION;VELVETFRUIT_EXTRACT;SEASHELLS;5274;5
311200;SUBMISSION;;VELVETFRUIT_EXTRACT;SEASHELLS;5266;5
311700;;SUBMISSION;VELVETFRUIT_EXTRACT;SEASHELLS;5272;6
314000;SUBMISSION;;VELVETFRUIT_EXTRACT;SEASHELLS;5268;6
316000;;SUBMISSION;VELVETFRUIT_EXTRACT;SEASHELLS;5273;19
316600;;SUBMISSION;VELVETFRUIT_EXTRACT;SEASHELLS;5273;22
316700;;SUBMISSION;VELVETFRUIT_EXTRACT;SEASHELLS;5273;22
316800;;SUBMISSION;VELVETFRUIT_EXTRACT;SEASHELLS;5274;7
318100;;SUBMISSION;VEV_4000;SEASHELLS;1279;1
319600;;SUBMISSION;VELVETFRUIT_EXTRACT;SEASHELLS;5274;58
319700;;SUBMISSION;VELVETFRUIT_EXTRACT;SEASHELLS;5275;66
319800;;SUBMISSION;VELVETFRUIT_EXTRACT;SEASHELLS;5276;6
322300;;SUBMISSION;VEV_4000;SEASHELLS;1277;2
323500;SUBMISSION;;VELVETFRUIT_EXTRACT;SEASHELLS;5269;14
325800;SUBMISSION;;VELVETFRUIT_EXTRACT;SEASHELLS;5269;17
325900;SUBMISSION;;VELVETFRUIT_EXTRACT;SEASHELLS;5268;58
326000;SUBMISSION;;VELVETFRUIT_EXTRACT;SEASHELLS;5269;52
326100;SUBMISSION;;VELVETFRUIT_EXTRACT;SEASHELLS;5269;55
326200;SUBMISSION;;VELVETFRUIT_EXTRACT;SEASHELLS;5267;4
328700;SUBMISSION;;VEV_4000;SEASHELLS;1260;3
332600;;SUBMISSION;VELVETFRUIT_EXTRACT;SEASHELLS;5273;8
333900;;SUBMISSION;VELVETFRUIT_EXTRACT;SEASHELLS;5272;7
336800;SUBMISSION;;VELVETFRUIT_EXTRACT;SEASHELLS;5269;5
336900;SUBMISSION;;VELVETFRUIT_EXTRACT;SEASHELLS;5270;10
340500;SUBMISSION;;VEV_4000;SEASHELLS;1262;3
363300;;SUBMISSION;VEV_4000;SEASHELLS;1267;1
366500;;SUBMISSION;HYDROGEL_PACK;SEASHELLS;10000;2
368200;;SUBMISSION;VEV_4000;SEASHELLS;1265;2
370600;;SUBMISSION;VEV_4000;SEASHELLS;1256;3
370700;SUBMISSION;;VEV_4000;SEASHELLS;1246;2
385500;SUBMISSION;;HYDROGEL_PACK;SEASHELLS;9973;2
387500;;SUBMISSION;HYDROGEL_PACK;SEASHELLS;9990;3
389600;;SUBMISSION;VEV_4000;SEASHELLS;1244;3
390200;SUBMISSION;;VEV_4000;SEASHELLS;1234;1
391600;SUBMISSION;;HYDROGEL_PACK;SEASHELLS;9971;2
391700;;SUBMISSION;HYDROGEL_PACK;SEASHELLS;9987;2
392400;;SUBMISSION;HYDROGEL_PACK;SEASHELLS;9989;5
394300;SUBMISSION;;HYDROGEL_PACK;SEASHELLS;9970;8
397300;SUBMISSION;;VEV_4000;SEASHELLS;1231;2
406300;SUBMISSION;;VEV_4000;SEASHELLS;1225;2
408000;;SUBMISSION;HYDROGEL_PACK;SEASHELLS;9990;3
409400;;SUBMISSION;HYDROGEL_PACK;SEASHELLS;9987;3
410100;;SUBMISSION;HYDROGEL_PACK;SEASHELLS;9987;6
416600;;SUBMISSION;HYDROGEL_PACK;SEASHELLS;9980;4
419300;SUBMISSION;;VEV_4000;SEASHELLS;1226;1
421100;SUBMISSION;;HYDROGEL_PACK;SEASHELLS;9962;5
422200;SUBMISSION;;HYDROGEL_PACK;SEASHELLS;9964;2
423900;SUBMISSION;;HYDROGEL_PACK;SEASHELLS;9968;9
424400;;SUBMISSION;VEV_4000;SEASHELLS;1239;2
428400;;SUBMISSION;VEV_4000;SEASHELLS;1243;1
430700;;SUBMISSION;HYDROGEL_PACK;SEASHELLS;9975;4
432000;SUBMISSION;;HYDROGEL_PACK;SEASHELLS;9965;4
438300;SUBMISSION;;VEV_4000;SEASHELLS;1235;3
438900;;SUBMISSION;VEV_4000;SEASHELLS;1244;3
445300;;SUBMISSION;HYDROGEL_PACK;SEASHELLS;9973;2
448600;;SUBMISSION;VELVETFRUIT_EXTRACT;SEASHELLS;5251;7
448900;SUBMISSION;;VELVETFRUIT_EXTRACT;SEASHELLS;5247;7
449500;SUBMISSION;;VEV_4000;SEASHELLS;1243;2
450900;;SUBMISSION;HYDROGEL_PACK;SEASHELLS;9987;6
452000;SUBMISSION;;HYDROGEL_PACK;SEASHELLS;9966;3
454400;SUBMISSION;;HYDROGEL_PACK;SEASHELLS;9965;5
454700;;SUBMISSION;VEV_4000;SEASHELLS;1242;1
478900;;SUBMISSION;HYDROGEL_PACK;SEASHELLS;9996;3
482400;;SUBMISSION;HYDROGEL_PACK;SEASHELLS;10012;3
483400;;SUBMISSION;VELVETFRUIT_EXTRACT;SEASHELLS;5248;3
485900;SUBMISSION;;VELVETFRUIT_EXTRACT;SEASHELLS;5242;3
488600;;SUBMISSION;VEV_4000;SEASHELLS;1242;2
490600;;SUBMISSION;VEV_4000;SEASHELLS;1246;2
493800;;SUBMISSION;HYDROGEL_PACK;SEASHELLS;10019;6
495100;;SUBMISSION;VELVETFRUIT_EXTRACT;SEASHELLS;5246;8
498100;SUBMISSION;;VELVETFRUIT_EXTRACT;SEASHELLS;5243;8
499900;;SUBMISSION;VEV_4000;SEASHELLS;1251;3
500000;;SUBMISSION;VELVETFRUIT_EXTRACT;SEASHELLS;5247;3
501300;;SUBMISSION;VELVETFRUIT_EXTRACT;SEASHELLS;5246;7
503400;SUBMISSION;;VELVETFRUIT_EXTRACT;SEASHELLS;5241;10
513600;;SUBMISSION;VELVETFRUIT_EXTRACT;SEASHELLS;5243;5
516500;SUBMISSION;;HYDROGEL_PACK;SEASHELLS;9978;5
521000;;SUBMISSION;VEV_4000;SEASHELLS;1252;1
521700;;SUBMISSION;VELVETFRUIT_EXTRACT;SEASHELLS;5243;8
524600;SUBMISSION;;HYDROGEL_PACK;SEASHELLS;9970;5
526300;SUBMISSION;;HYDROGEL_PACK;SEASHELLS;9967;2
527300;;SUBMISSION;VELVETFRUIT_EXTRACT;SEASHELLS;5247;5
529800;;SUBMISSION;VELVETFRUIT_EXTRACT;SEASHELLS;5248;3
530600;;SUBMISSION;VELVETFRUIT_EXTRACT;SEASHELLS;5245;5
534400;SUBMISSION;;VELVETFRUIT_EXTRACT;SEASHELLS;5242;26
536500;;SUBMISSION;VEV_4000;SEASHELLS;1247;2
538700;;SUBMISSION;VELVETFRUIT_EXTRACT;SEASHELLS;5246;5
542300;SUBMISSION;;VELVETFRUIT_EXTRACT;SEASHELLS;5241;5
543900;SUBMISSION;;VEV_4000;SEASHELLS;1236;1
554600;;SUBMISSION;VEV_5300;SEASHELLS;38;5
554700;SUBMISSION;;VEV_5300;SEASHELLS;40;5
555000;;SUBMISSION;VELVETFRUIT_EXTRACT;SEASHELLS;5245;3
555700;SUBMISSION;;VELVETFRUIT_EXTRACT;SEASHELLS;5240;3
561000;;SUBMISSION;HYDROGEL_PACK;SEASHELLS;9995;4
563200;SUBMISSION;;VEV_4000;SEASHELLS;1234;3
563700;;SUBMISSION;VEV_4000;SEASHELLS;1241;1
568500;SUBMISSION;;HYDROGEL_PACK;SEASHELLS;9972;2
571300;SUBMISSION;;VEV_4000;SEASHELLS;1224;3
573500;SUBMISSION;;VEV_4000;SEASHELLS;1229;2
573800;;SUBMISSION;HYDROGEL_PACK;SEASHELLS;9988;3
574200;;SUBMISSION;HYDROGEL_PACK;SEASHELLS;9987;6
576700;;SUBMISSION;HYDROGEL_PACK;SEASHELLS;9999;5
578300;;SUBMISSION;HYDROGEL_PACK;SEASHELLS;9991;6
581600;;SUBMISSION;HYDROGEL_PACK;SEASHELLS;9999;2
587500;SUBMISSION;;VEV_4000;SEASHELLS;1207;1
587700;;SUBMISSION;HYDROGEL_PACK;SEASHELLS;10012;4
588400;;SUBMISSION;HYDROGEL_PACK;SEASHELLS;10014;6
588800;;SUBMISSION;HYDROGEL_PACK;SEASHELLS;10015;2
590700;;SUBMISSION;VEV_4000;SEASHELLS;1220;1
592200;;SUBMISSION;HYDROGEL_PACK;SEASHELLS;10019;4
596600;;SUBMISSION;HYDROGEL_PACK;SEASHELLS;10011;6
597500;;SUBMISSION;HYDROGEL_PACK;SEASHELLS;10014;4
600300;;SUBMISSION;VEV_4000;SEASHELLS;1249;2
603200;;SUBMISSION;HYDROGEL_PACK;SEASHELLS;10023;12
603200;;SUBMISSION;HYDROGEL_PACK;SEASHELLS;10020;28
603700;;SUBMISSION;HYDROGEL_PACK;SEASHELLS;10023;14
603700;;SUBMISSION;HYDROGEL_PACK;SEASHELLS;10020;4
603700;;SUBMISSION;VELVETFRUIT_EXTRACT;SEASHELLS;5243;18
603800;;SUBMISSION;HYDROGEL_PACK;SEASHELLS;10024;12
603800;;SUBMISSION;HYDROGEL_PACK;SEASHELLS;10021;29
604300;;SUBMISSION;HYDROGEL_PACK;SEASHELLS;10026;15
604300;;SUBMISSION;HYDROGEL_PACK;SEASHELLS;10024;24
604400;;SUBMISSION;HYDROGEL_PACK;SEASHELLS;10027;11
604400;;SUBMISSION;HYDROGEL_PACK;SEASHELLS;10024;1
604500;;SUBMISSION;VELVETFRUIT_EXTRACT;SEASHELLS;5244;7
605100;SUBMISSION;;VEV_4000;SEASHELLS;1238;3
607400;;SUBMISSION;VEV_4000;SEASHELLS;1254;2
608800;;SUBMISSION;VELVETFRUIT_EXTRACT;SEASHELLS;5254;3
610900;SUBMISSION;;VEV_4000;SEASHELLS;1244;3
611300;;SUBMISSION;VELVETFRUIT_EXTRACT;SEASHELLS;5243;6
614100;;SUBMISSION;VELVETFRUIT_EXTRACT;SEASHELLS;5243;10
620600;SUBMISSION;;VELVETFRUIT_EXTRACT;SEASHELLS;5234;23
620800;SUBMISSION;;VELVETFRUIT_EXTRACT;SEASHELLS;5234;20
620900;SUBMISSION;;VELVETFRUIT_EXTRACT;SEASHELLS;5233;1
624000;SUBMISSION;;VEV_4000;SEASHELLS;1231;2
624200;SUBMISSION;;VEV_4000;SEASHELLS;1230;2
625900;;SUBMISSION;VEV_4000;SEASHELLS;1248;2
626300;;SUBMISSION;VELVETFRUIT_EXTRACT;SEASHELLS;5247;5
627100;;SUBMISSION;VEV_4000;SEASHELLS;1249;3
627400;;SUBMISSION;VELVETFRUIT_EXTRACT;SEASHELLS;5245;7
630800;;SUBMISSION;VELVETFRUIT_EXTRACT;SEASHELLS;5241;18
634400;;SUBMISSION;VELVETFRUIT_EXTRACT;SEASHELLS;5244;5
635100;SUBMISSION;;VEV_4000;SEASHELLS;1240;3
636200;;SUBMISSION;VELVETFRUIT_EXTRACT;SEASHELLS;5245;17
637900;;SUBMISSION;VEV_4000;SEASHELLS;1251;3
638600;;SUBMISSION;VELVETFRUIT_EXTRACT;SEASHELLS;5245;22
641500;;SUBMISSION;VELVETFRUIT_EXTRACT;SEASHELLS;5247;5
643300;;SUBMISSION;VEV_4000;SEASHELLS;1247;1
648700;SUBMISSION;;VEV_4000;SEASHELLS;1240;3
650200;;SUBMISSION;VELVETFRUIT_EXTRACT;SEASHELLS;5245;6
650600;;SUBMISSION;VELVETFRUIT_EXTRACT;SEASHELLS;5243;8
651100;SUBMISSION;;VELVETFRUIT_EXTRACT;SEASHELLS;5240;15
651300;;SUBMISSION;VELVETFRUIT_EXTRACT;SEASHELLS;5246;8
653800;;SUBMISSION;VELVETFRUIT_EXTRACT;SEASHELLS;5251;5
656600;;SUBMISSION;VELVETFRUIT_EXTRACT;SEASHELLS;5252;8
658100;;SUBMISSION;VEV_4000;SEASHELLS;1258;3
662600;;SUBMISSION;VELVETFRUIT_EXTRACT;SEASHELLS;5250;6
667800;;SUBMISSION;VELVETFRUIT_EXTRACT;SEASHELLS;5261;5
669900;;SUBMISSION;VEV_4000;SEASHELLS;1270;3
672600;;SUBMISSION;VELVETFRUIT_EXTRACT;SEASHELLS;5270;3
672800;;SUBMISSION;VELVETFRUIT_EXTRACT;SEASHELLS;5270;10
673600;;SUBMISSION;VELVETFRUIT_EXTRACT;SEASHELLS;5274;6
675600;;SUBMISSION;VELVETFRUIT_EXTRACT;SEASHELLS;5271;7
676600;;SUBMISSION;VEV_4000;SEASHELLS;1274;2
679000;;SUBMISSION;VELVETFRUIT_EXTRACT;SEASHELLS;5272;5
679400;;SUBMISSION;VELVETFRUIT_EXTRACT;SEASHELLS;5274;17
679400;;SUBMISSION;VELVETFRUIT_EXTRACT;SEASHELLS;5273;42
686100;SUBMISSION;;HYDROGEL_PACK;SEASHELLS;9997;6
686700;;SUBMISSION;HYDROGEL_PACK;SEASHELLS;10015;5
690500;SUBMISSION;;VEV_4000;SEASHELLS;1268;1
690800;SUBMISSION;;HYDROGEL_PACK;SEASHELLS;9991;5
691600;SUBMISSION;;HYDROGEL_PACK;SEASHELLS;9991;5
692000;;SUBMISSION;VEV_4000;SEASHELLS;1277;1
694500;;SUBMISSION;HYDROGEL_PACK;SEASHELLS;10015;4
696000;;SUBMISSION;HYDROGEL_PACK;SEASHELLS;10015;2
697000;;SUBMISSION;HYDROGEL_PACK;SEASHELLS;10016;4
697400;;SUBMISSION;HYDROGEL_PACK;SEASHELLS;10017;1
699800;SUBMISSION;;VEV_4000;SEASHELLS;1265;3
711200;SUBMISSION;;VEV_4000;SEASHELLS;1253;3
714100;SUBMISSION;;VELVETFRUIT_EXTRACT;SEASHELLS;5248;8
714600;SUBMISSION;;VELVETFRUIT_EXTRACT;SEASHELLS;5250;72
714700;SUBMISSION;;VELVETFRUIT_EXTRACT;SEASHELLS;5249;21
714700;SUBMISSION;;VELVETFRUIT_EXTRACT;SEASHELLS;5250;42
714800;SUBMISSION;;VELVETFRUIT_EXTRACT;SEASHELLS;5248;57
727900;SUBMISSION;;VEV_4000;SEASHELLS;1227;2
736100;;SUBMISSION;VEV_4000;SEASHELLS;1234;1
736200;SUBMISSION;;HYDROGEL_PACK;SEASHELLS;10005;6
737300;;SUBMISSION;HYDROGEL_PACK;SEASHELLS;10013;6
739000;SUBMISSION;;HYDROGEL_PACK;SEASHELLS;9997;4
739600;;SUBMISSION;VEV_4000;SEASHELLS;1222;3
740000;SUBMISSION;;HYDROGEL_PACK;SEASHELLS;10002;4
743500;SUBMISSION;;HYDROGEL_PACK;SEASHELLS;10004;5
746900;;SUBMISSION;VEV_4000;SEASHELLS;1216;1
747700;SUBMISSION;;HYDROGEL_PACK;SEASHELLS;9989;3
748100;SUBMISSION;;HYDROGEL_PACK;SEASHELLS;10001;15
748400;SUBMISSION;;HYDROGEL_PACK;SEASHELLS;10002;11
748500;SUBMISSION;;HYDROGEL_PACK;SEASHELLS;10002;11
748600;SUBMISSION;;HYDROGEL_PACK;SEASHELLS;10002;15
748700;SUBMISSION;;HYDROGEL_PACK;SEASHELLS;10001;10
748800;SUBMISSION;;HYDROGEL_PACK;SEASHELLS;10001;12
748900;SUBMISSION;;HYDROGEL_PACK;SEASHELLS;10002;10
749400;;SUBMISSION;HYDROGEL_PACK;SEASHELLS;10015;5
752100;;SUBMISSION;HYDROGEL_PACK;SEASHELLS;10011;6
752300;;SUBMISSION;VEV_4000;SEASHELLS;1225;2
752500;SUBMISSION;;HYDROGEL_PACK;SEASHELLS;9998;5
755000;SUBMISSION;;HYDROGEL_PACK;SEASHELLS;10003;4
757200;;SUBMISSION;VEV_4000;SEASHELLS;1225;2
760700;;SUBMISSION;HYDROGEL_PACK;SEASHELLS;10024;10
760700;;SUBMISSION;HYDROGEL_PACK;SEASHELLS;10021;28
760800;;SUBMISSION;HYDROGEL_PACK;SEASHELLS;10027;12
760800;;SUBMISSION;HYDROGEL_PACK;SEASHELLS;10024;27
760900;;SUBMISSION;HYDROGEL_PACK;SEASHELLS;10029;12
760900;;SUBMISSION;HYDROGEL_PACK;SEASHELLS;10026;9
762200;;SUBMISSION;VEV_4000;SEASHELLS;1231;2
774200;;SUBMISSION;VEV_4000;SEASHELLS;1239;2
775500;;SUBMISSION;VELVETFRUIT_EXTRACT;SEASHELLS;5241;7
777200;SUBMISSION;;VELVETFRUIT_EXTRACT;SEASHELLS;5238;7
779700;;SUBMISSION;VELVETFRUIT_EXTRACT;SEASHELLS;5242;4
781500;SUBMISSION;;VELVETFRUIT_EXTRACT;SEASHELLS;5236;4
787000;;SUBMISSION;VELVETFRUIT_EXTRACT;SEASHELLS;5250;6
790200;SUBMISSION;;HYDROGEL_PACK;SEASHELLS;10008;12
790300;SUBMISSION;;HYDROGEL_PACK;SEASHELLS;10007;14
790400;SUBMISSION;;HYDROGEL_PACK;SEASHELLS;10005;10
790400;SUBMISSION;;HYDROGEL_PACK;SEASHELLS;10007;26
790500;SUBMISSION;;HYDROGEL_PACK;SEASHELLS;10007;13
790600;SUBMISSION;;HYDROGEL_PACK;SEASHELLS;10005;14
790600;SUBMISSION;;HYDROGEL_PACK;SEASHELLS;10008;30
790700;SUBMISSION;;HYDROGEL_PACK;SEASHELLS;10008;10
790800;SUBMISSION;;HYDROGEL_PACK;SEASHELLS;10008;14
791700;SUBMISSION;;HYDROGEL_PACK;SEASHELLS;10007;11
791800;SUBMISSION;;HYDROGEL_PACK;SEASHELLS;10006;13
791900;SUBMISSION;;HYDROGEL_PACK;SEASHELLS;10006;12
792000;SUBMISSION;;HYDROGEL_PACK;SEASHELLS;10003;11
792000;SUBMISSION;;HYDROGEL_PACK;SEASHELLS;10006;10
793900;;SUBMISSION;VELVETFRUIT_EXTRACT;SEASHELLS;5242;5
795100;SUBMISSION;;VELVETFRUIT_EXTRACT;SEASHELLS;5239;11
796100;;SUBMISSION;VELVETFRUIT_EXTRACT;SEASHELLS;5244;5
796600;;SUBMISSION;VELVETFRUIT_EXTRACT;SEASHELLS;5243;7
796800;SUBMISSION;;VEV_4000;SEASHELLS;1233;1
798800;SUBMISSION;;VELVETFRUIT_EXTRACT;SEASHELLS;5241;12
798900;;SUBMISSION;VELVETFRUIT_EXTRACT;SEASHELLS;5244;8
800000;;SUBMISSION;VEV_4000;SEASHELLS;1255;1
803000;;SUBMISSION;VELVETFRUIT_EXTRACT;SEASHELLS;5256;3
804500;;SUBMISSION;HYDROGEL_PACK;SEASHELLS;10019;5
805000;;SUBMISSION;VELVETFRUIT_EXTRACT;SEASHELLS;5258;3
805600;SUBMISSION;;VEV_4000;SEASHELLS;1251;2
807300;;SUBMISSION;VELVETFRUIT_EXTRACT;SEASHELLS;5262;6
808200;SUBMISSION;;VEV_4000;SEASHELLS;1258;2
809100;SUBMISSION;;VEV_4000;SEASHELLS;1253;3
809500;SUBMISSION;;HYDROGEL_PACK;SEASHELLS;10000;5
810000;;SUBMISSION;VELVETFRUIT_EXTRACT;SEASHELLS;5255;5
812600;;SUBMISSION;VELVETFRUIT_EXTRACT;SEASHELLS;5250;5
813500;SUBMISSION;;VELVETFRUIT_EXTRACT;SEASHELLS;5241;4
815900;;SUBMISSION;VELVETFRUIT_EXTRACT;SEASHELLS;5245;3
816300;;SUBMISSION;HYDROGEL_PACK;SEASHELLS;10024;15
816300;;SUBMISSION;HYDROGEL_PACK;SEASHELLS;10021;22
816400;;SUBMISSION;HYDROGEL_PACK;SEASHELLS;10025;12
816400;;SUBMISSION;HYDROGEL_PACK;SEASHELLS;10023;21
816500;;SUBMISSION;HYDROGEL_PACK;SEASHELLS;10026;12
816500;;SUBMISSION;HYDROGEL_PACK;SEASHELLS;10023;29
816600;;SUBMISSION;HYDROGEL_PACK;SEASHELLS;10027;14
816600;;SUBMISSION;HYDROGEL_PACK;SEASHELLS;10024;20
816700;;SUBMISSION;HYDROGEL_PACK;SEASHELLS;10025;11
816700;;SUBMISSION;HYDROGEL_PACK;SEASHELLS;10023;23
816800;;SUBMISSION;VEV_4000;SEASHELLS;1248;3
817400;;SUBMISSION;HYDROGEL_PACK;SEASHELLS;10027;14
817400;;SUBMISSION;HYDROGEL_PACK;SEASHELLS;10024;7
819600;SUBMISSION;;VEV_4000;SEASHELLS;1246;3
822500;;SUBMISSION;VELVETFRUIT_EXTRACT;SEASHELLS;5254;5
823500;;SUBMISSION;VELVETFRUIT_EXTRACT;SEASHELLS;5253;8
823600;SUBMISSION;;VEV_4000;SEASHELLS;1246;3
825200;;SUBMISSION;VELVETFRUIT_EXTRACT;SEASHELLS;5255;4
825500;;SUBMISSION;VEV_4000;SEASHELLS;1261;3
825600;;SUBMISSION;VELVETFRUIT_EXTRACT;SEASHELLS;5258;6
825700;;SUBMISSION;VELVETFRUIT_EXTRACT;SEASHELLS;5258;6
827300;;SUBMISSION;VEV_4000;SEASHELLS;1259;2
827900;;SUBMISSION;VELVETFRUIT_EXTRACT;SEASHELLS;5255;3
828400;;SUBMISSION;VELVETFRUIT_EXTRACT;SEASHELLS;5257;3
829800;;SUBMISSION;VELVETFRUIT_EXTRACT;SEASHELLS;5253;7
830500;;SUBMISSION;VELVETFRUIT_EXTRACT;SEASHELLS;5251;17
831300;;SUBMISSION;VELVETFRUIT_EXTRACT;SEASHELLS;5256;3
833300;;SUBMISSION;VEV_4000;SEASHELLS;1260;2
833700;;SUBMISSION;VELVETFRUIT_EXTRACT;SEASHELLS;5257;5
840900;;SUBMISSION;VELVETFRUIT_EXTRACT;SEASHELLS;5255;24
840900;;SUBMISSION;VELVETFRUIT_EXTRACT;SEASHELLS;5255;6
842300;;SUBMISSION;VELVETFRUIT_EXTRACT;SEASHELLS;5258;23
842800;SUBMISSION;;HYDROGEL_PACK;SEASHELLS;10009;6
843300;;SUBMISSION;HYDROGEL_PACK;SEASHELLS;10025;3
844300;;SUBMISSION;VELVETFRUIT_EXTRACT;SEASHELLS;5261;7
846300;SUBMISSION;;HYDROGEL_PACK;SEASHELLS;10007;4
848300;;SUBMISSION;VELVETFRUIT_EXTRACT;SEASHELLS;5259;7
848400;;SUBMISSION;VELVETFRUIT_EXTRACT;SEASHELLS;5255;11
849000;SUBMISSION;;HYDROGEL_PACK;SEASHELLS;10009;12
849100;SUBMISSION;;HYDROGEL_PACK;SEASHELLS;10009;14
849400;SUBMISSION;;HYDROGEL_PACK;SEASHELLS;9997;6
849900;SUBMISSION;;HYDROGEL_PACK;SEASHELLS;10007;11
850000;SUBMISSION;;HYDROGEL_PACK;SEASHELLS;10007;14
850100;SUBMISSION;;HYDROGEL_PACK;SEASHELLS;10007;13
850200;SUBMISSION;;HYDROGEL_PACK;SEASHELLS;10006;10
850200;SUBMISSION;;HYDROGEL_PACK;SEASHELLS;10009;26
850200;SUBMISSION;;VEV_4000;SEASHELLS;1252;1
850300;SUBMISSION;;HYDROGEL_PACK;SEASHELLS;10008;13
850400;SUBMISSION;;HYDROGEL_PACK;SEASHELLS;10009;14
850500;SUBMISSION;;HYDROGEL_PACK;SEASHELLS;10007;14
850500;SUBMISSION;;HYDROGEL_PACK;SEASHELLS;10009;24
850600;SUBMISSION;;HYDROGEL_PACK;SEASHELLS;10007;11
850600;SUBMISSION;;HYDROGEL_PACK;SEASHELLS;10009;11
855100;;SUBMISSION;HYDROGEL_PACK;SEASHELLS;10017;4
856600;SUBMISSION;;HYDROGEL_PACK;SEASHELLS;10002;2
859700;SUBMISSION;;VELVETFRUIT_EXTRACT;SEASHELLS;5252;13
861200;;SUBMISSION;HYDROGEL_PACK;SEASHELLS;10020;2
861600;SUBMISSION;;HYDROGEL_PACK;SEASHELLS;10007;4
868700;SUBMISSION;;VELVETFRUIT_EXTRACT;SEASHELLS;5251;20
868800;SUBMISSION;;VELVETFRUIT_EXTRACT;SEASHELLS;5251;24
868900;SUBMISSION;;VELVETFRUIT_EXTRACT;SEASHELLS;5251;56
869200;SUBMISSION;;VELVETFRUIT_EXTRACT;SEASHELLS;5249;19
869200;SUBMISSION;;VELVETFRUIT_EXTRACT;SEASHELLS;5250;36
869300;SUBMISSION;;VELVETFRUIT_EXTRACT;SEASHELLS;5250;6
875900;;SUBMISSION;VEV_4000;SEASHELLS;1254;1
879100;SUBMISSION;;VEV_4000;SEASHELLS;1242;2
880000;SUBMISSION;;VEV_4000;SEASHELLS;1247;3
881200;;SUBMISSION;VELVETFRUIT_EXTRACT;SEASHELLS;5252;4
884100;SUBMISSION;;VEV_4000;SEASHELLS;1251;2
886000;;SUBMISSION;VELVETFRUIT_EXTRACT;SEASHELLS;5264;3
887000;;SUBMISSION;VELVETFRUIT_EXTRACT;SEASHELLS;5267;4
887900;;SUBMISSION;VELVETFRUIT_EXTRACT;SEASHELLS;5268;18
887900;;SUBMISSION;VELVETFRUIT_EXTRACT;SEASHELLS;5268;12
891400;;SUBMISSION;VELVETFRUIT_EXTRACT;SEASHELLS;5267;4
891800;;SUBMISSION;VELVETFRUIT_EXTRACT;SEASHELLS;5271;7
892900;;SUBMISSION;VELVETFRUIT_EXTRACT;SEASHELLS;5274;5
893100;;SUBMISSION;VELVETFRUIT_EXTRACT;SEASHELLS;5273;61
893200;;SUBMISSION;VELVETFRUIT_EXTRACT;SEASHELLS;5274;25
893200;;SUBMISSION;VELVETFRUIT_EXTRACT;SEASHELLS;5273;43
893300;;SUBMISSION;VELVETFRUIT_EXTRACT;SEASHELLS;5274;14
894800;;SUBMISSION;VEV_4000;SEASHELLS;1277;2
902500;;SUBMISSION;HYDROGEL_PACK;SEASHELLS;10018;5
903600;SUBMISSION;;HYDROGEL_PACK;SEASHELLS;10000;4
911800;SUBMISSION;;HYDROGEL_PACK;SEASHELLS;9999;1
914100;;SUBMISSION;VEV_4000;SEASHELLS;1287;2
921800;;SUBMISSION;HYDROGEL_PACK;SEASHELLS;10010;3
924400;SUBMISSION;;HYDROGEL_PACK;SEASHELLS;9998;3
925100;;SUBMISSION;VEV_4000;SEASHELLS;1287;2
940100;;SUBMISSION;HYDROGEL_PACK;SEASHELLS;10024;6
944300;SUBMISSION;;HYDROGEL_PACK;SEASHELLS;9989;5
945000;SUBMISSION;;HYDROGEL_PACK;SEASHELLS;9997;1
961700;SUBMISSION;;VEV_4000;SEASHELLS;1262;3
962500;SUBMISSION;;VELVETFRUIT_EXTRACT;SEASHELLS;5264;6
963100;SUBMISSION;;VELVETFRUIT_EXTRACT;SEASHELLS;5264;17
964300;SUBMISSION;;VELVETFRUIT_EXTRACT;SEASHELLS;5265;4
965600;SUBMISSION;;VEV_4000;SEASHELLS;1261;3
965800;SUBMISSION;;VELVETFRUIT_EXTRACT;SEASHELLS;5262;18
967000;SUBMISSION;;VELVETFRUIT_EXTRACT;SEASHELLS;5264;20
967100;SUBMISSION;;VELVETFRUIT_EXTRACT;SEASHELLS;5264;15
967200;SUBMISSION;;VELVETFRUIT_EXTRACT;SEASHELLS;5264;20
967300;SUBMISSION;;VELVETFRUIT_EXTRACT;SEASHELLS;5264;22
967500;;SUBMISSION;HYDROGEL_PACK;SEASHELLS;10021;4
967700;SUBMISSION;;VELVETFRUIT_EXTRACT;SEASHELLS;5261;10
967700;SUBMISSION;;VELVETFRUIT_EXTRACT;SEASHELLS;5264;61
967800;SUBMISSION;;VELVETFRUIT_EXTRACT;SEASHELLS;5264;7
968600;;SUBMISSION;HYDROGEL_PACK;SEASHELLS;10014;5
970300;;SUBMISSION;HYDROGEL_PACK;SEASHELLS;10005;3
972700;;SUBMISSION;VELVETFRUIT_EXTRACT;SEASHELLS;5270;8
975900;SUBMISSION;;VEV_4000;SEASHELLS;1267;1
976200;SUBMISSION;;HYDROGEL_PACK;SEASHELLS;9998;2
977300;SUBMISSION;;HYDROGEL_PACK;SEASHELLS;9991;9
978200;SUBMISSION;;VEV_4000;SEASHELLS;1264;2
978400;;SUBMISSION;VELVETFRUIT_EXTRACT;SEASHELLS;5269;8
978600;;SUBMISSION;VELVETFRUIT_EXTRACT;SEASHELLS;5271;4
979700;SUBMISSION;;HYDROGEL_PACK;SEASHELLS;9994;1
980100;;SUBMISSION;VELVETFRUIT_EXTRACT;SEASHELLS;5273;15
980100;;SUBMISSION;VELVETFRUIT_EXTRACT;SEASHELLS;5272;32
980300;;SUBMISSION;VELVETFRUIT_EXTRACT;SEASHELLS;5272;15
980600;;SUBMISSION;VELVETFRUIT_EXTRACT;SEASHELLS;5273;25
980600;;SUBMISSION;VELVETFRUIT_EXTRACT;SEASHELLS;5272;31
980900;;SUBMISSION;VELVETFRUIT_EXTRACT;SEASHELLS;5273;25
980900;;SUBMISSION;VELVETFRUIT_EXTRACT;SEASHELLS;5272;4
982500;SUBMISSION;;VEV_4000;SEASHELLS;1268;2
983700;;SUBMISSION;HYDROGEL_PACK;SEASHELLS;10004;2
984200;;SUBMISSION;HYDROGEL_PACK;SEASHELLS;10008;3
984600;;SUBMISSION;VELVETFRUIT_EXTRACT;SEASHELLS;5273;33
984700;SUBMISSION;;HYDROGEL_PACK;SEASHELLS;9985;5
992200;;SUBMISSION;HYDROGEL_PACK;SEASHELLS;10028;4
993200;;SUBMISSION;HYDROGEL_PACK;SEASHELLS;10023;6
993400;;SUBMISSION;HYDROGEL_PACK;SEASHELLS;10022;14
993400;;SUBMISSION;HYDROGEL_PACK;SEASHELLS;10019;4
993500;;SUBMISSION;HYDROGEL_PACK;SEASHELLS;10023;11
993500;;SUBMISSION;HYDROGEL_PACK;SEASHELLS;10020;24
993600;;SUBMISSION;HYDROGEL_PACK;SEASHELLS;10024;10
993600;;SUBMISSION;HYDROGEL_PACK;SEASHELLS;10021;23
998800;;SUBMISSION;VEV_4000;SEASHELLS;1302;3
