timestamp;buyer;seller;symbol;currency;price;quantity
1300;SUBMISSION;;VEV_4000;SEASHELLS;1256;3
2700;SUBMISSION;;VELVETFRUIT_EXTRACT;SEASHELLS;5270;8
2900;;SUBMISSION;VELVETFRUIT_EXTRACT;SEASHELLS;5271;8
4800;;SUBMISSION;VELVETFRUIT_EXTRACT;SEASHELLS;5272;3
5700;SUBMISSION;;VELVETFRUIT_EXTRACT;SEASHELLS;5274;5
10200;SUBMISSION;;HYDROGEL_PACK;SEASHELLS;10019;6
10700;;SUBMISSION;VELVETFRUIT_EXTRACT;SEASHELLS;5264;4
11200;;SUBMISSION;HYDROGEL_PACK;SEASHELLS;10029;4
12600;SUBMISSION;;VELVETFRUIT_EXTRACT;SEASHELLS;5265;3
13900;;SUBMISSION;VELVETFRUIT_EXTRACT;SEASHELLS;5268;4
15700;;SUBMISSION;HYDROGEL_PACK;SEASHELLS;10033;2
16300;;SUBMISSION;VELVETFRUIT_EXTRACT;SEASHELLS;5274;5
17400;SUBMISSION;;VELVETFRUIT_EXTRACT;SEASHELLS;5275;3
19100;;SUBMISSION;HYDROGEL_PACK;SEASHELLS;10019;6
19700;SUBMISSION;;VELVETFRUIT_EXTRACT;SEASHELLS;5266;13
23100;SUBMISSION;;VELVETFRUIT_EXTRACT;SEASHELLS;5265;4
26500;;SUBMISSION;VELVETFRUIT_EXTRACT;SEASHELLS;5268;6
29200;SUBMISSION;;HYDROGEL_PACK;SEASHELLS;9994;4
33300;;SUBMISSION;VELVETFRUIT_EXTRACT;SEASHELLS;5270;7
35700;;SUBMISSION;VELVETFRUIT_EXTRACT;SEASHELLS;5269;3
35800;SUBMISSION;;VELVETFRUIT_EXTRACT;SEASHELLS;5265;7
36100;;SUBMISSION;VELVETFRUIT_EXTRACT;SEASHELLS;5270;4
38400;SUBMISSION;;VELVETFRUIT_EXTRACT;SEASHELLS;5266;8
41100;;SUBMISSION;HYDROGEL_PACK;SEASHELLS;9996;6
41700;;SUBMISSION;VELVETFRUIT_EXTRACT;SEASHELLS;5253;5
42000;SUBMISSION;;VELVETFRUIT_EXTRACT;SEASHELLS;5248;8
43000;SUBMISSION;;VELVETFRUIT_EXTRACT;SEASHELLS;5251;8
44000;SUBMISSION;;HYDROGEL_PACK;SEASHELLS;9981;4
45100;;SUBMISSION;HYDROGEL_PACK;SEASHELLS;9989;3
45100;SUBMISSION;;VEV_5400;SEASHELLS;15;4
47700;SUBMISSION;;HYDROGEL_PACK;SEASHELLS;9972;10
47700;SUBMISSION;;HYDROGEL_PACK;SEASHELLS;9975;20
47800;SUBMISSION;;HYDROGEL_PACK;SEASHELLS;9971;15
47800;SUBMISSION;;HYDROGEL_PACK;SEASHELLS;9974;15
47900;SUBMISSION;;HYDROGEL_PACK;SEASHELLS;9971;13
47900;SUBMISSION;;HYDROGEL_PACK;SEASHELLS;9974;17
48000;SUBMISSION;;HYDROGEL_PACK;SEASHELLS;9971;13
48000;SUBMISSION;;HYDROGEL_PACK;SEASHELLS;9974;17
48100;SUBMISSION;;HYDROGEL_PACK;SEASHELLS;9972;10
48100;SUBMISSION;;HYDROGEL_PACK;SEASHELLS;9975;20
48100;;SUBMISSION;VELVETFRUIT_EXTRACT;SEASHELLS;5260;7
48200;SUBMISSION;;HYDROGEL_PACK;SEASHELLS;9971;12
48200;SUBMISSION;;HYDROGEL_PACK;SEASHELLS;9973;18
48300;SUBMISSION;;HYDROGEL_PACK;SEASHELLS;9970;11
48300;SUBMISSION;;HYDROGEL_PACK;SEASHELLS;9972;11
49800;;SUBMISSION;HYDROGEL_PACK;SEASHELLS;9955;3
49900;SUBMISSION;;HYDROGEL_PACK;SEASHELLS;9963;3
52600;;SUBMISSION;VELVETFRUIT_EXTRACT;SEASHELLS;5262;8
53200;;SUBMISSION;VELVETFRUIT_EXTRACT;SEASHELLS;5263;5
53600;SUBMISSION;;VELVETFRUIT_EXTRACT;SEASHELLS;5258;5
58300;;SUBMISSION;HYDROGEL_PACK;SEASHELLS;9958;6
58400;SUBMISSION;;HYDROGEL_PACK;SEASHELLS;9960;6
58900;SUBMISSION;;VEV_5100;SEASHELLS;160;10
58900;SUBMISSION;;VEV_5100;SEASHELLS;161;20
59100;SUBMISSION;;VEV_5100;SEASHELLS;160;24
59200;;SUBMISSION;VELVETFRUIT_EXTRACT;SEASHELLS;5243;8
59200;SUBMISSION;;VEV_5100;SEASHELLS;159;6
59200;SUBMISSION;;VEV_5100;SEASHELLS;160;22
59200;SUBMISSION;;VEV_5200;SEASHELLS;89;6
59200;SUBMISSION;;VEV_5200;SEASHELLS;90;22
59200;SUBMISSION;;VEV_5300;SEASHELLS;42;9
59200;SUBMISSION;;VEV_5300;SEASHELLS;43;19
59400;SUBMISSION;;VEV_5100;SEASHELLS;160;8
59400;SUBMISSION;;VEV_5100;SEASHELLS;161;13
59500;SUBMISSION;;VEV_5100;SEASHELLS;159;7
59500;SUBMISSION;;VEV_5100;SEASHELLS;160;12
59500;SUBMISSION;;VEV_5200;SEASHELLS;89;7
59500;SUBMISSION;;VEV_5200;SEASHELLS;90;12
59600;SUBMISSION;;VEV_5100;SEASHELLS;159;9
59600;SUBMISSION;;VEV_5100;SEASHELLS;160;16
59600;SUBMISSION;;VEV_5200;SEASHELLS;89;25
59700;SUBMISSION;;VEV_5100;SEASHELLS;159;6
59700;SUBMISSION;;VEV_5100;SEASHELLS;160;17
59700;SUBMISSION;;VEV_5200;SEASHELLS;89;23
59900;SUBMISSION;;VEV_5100;SEASHELLS;160;28
60700;;SUBMISSION;HYDROGEL_PACK;SEASHELLS;9968;5
64300;SUBMISSION;;VELVETFRUIT_EXTRACT;SEASHELLS;5250;3
67600;;SUBMISSION;VELVETFRUIT_EXTRACT;SEASHELLS;5261;4
70000;SUBMISSION;;VELVETFRUIT_EXTRACT;SEASHELLS;5256;6
70400;;SUBMISSION;VELVETFRUIT_EXTRACT;SEASHELLS;5259;5
70900;;SUBMISSION;HYDROGEL_PACK;SEASHELLS;9988;2
72700;;SUBMISSION;HYDROGEL_PACK;SEASHELLS;9982;3
73100;SUBMISSION;;VELVETFRUIT_EXTRACT;SEASHELLS;5257;7
73200;SUBMISSION;;VELVETFRUIT_EXTRACT;SEASHELLS;5255;5
76700;;SUBMISSION;VELVETFRUIT_EXTRACT;SEASHELLS;5257;4
83000;;SUBMISSION;VELVETFRUIT_EXTRACT;SEASHELLS;5270;6
84100;;SUBMISSION;VELVETFRUIT_EXTRACT;SEASHELLS;5271;8
85500;;SUBMISSION;VELVETFRUIT_EXTRACT;SEASHELLS;5272;8
91700;SUBMISSION;;VELVETFRUIT_EXTRACT;SEASHELLS;5265;8
92600;;SUBMISSION;VELVETFRUIT_EXTRACT;SEASHELLS;5270;4
95100;SUBMISSION;;VELVETFRUIT_EXTRACT;SEASHELLS;5263;8
97200;;SUBMISSION;VELVETFRUIT_EXTRACT;SEASHELLS;5264;7
97400;SUBMISSION;;VELVETFRUIT_EXTRACT;SEASHELLS;5259;5
101800;;SUBMISSION;HYDROGEL_PACK;SEASHELLS;9979;3
102400;;SUBMISSION;HYDROGEL_PACK;SEASHELLS;9979;3
103500;SUBMISSION;;VELVETFRUIT_EXTRACT;SEASHELLS;5264;8
104500;;SUBMISSION;HYDROGEL_PACK;SEASHELLS;9979;2
106300;;SUBMISSION;VELVETFRUIT_EXTRACT;SEASHELLS;5261;7
108800;;SUBMISSION;VELVETFRUIT_EXTRACT;SEASHELLS;5262;3
109400;;SUBMISSION;VELVETFRUIT_EXTRACT;SEASHELLS;5265;6
109600;;SUBMISSION;HYDROGEL_PACK;SEASHELLS;9984;6
111300;;SUBMISSION;VELVETFRUIT_EXTRACT;SEASHELLS;5262;7
114500;;SUBMISSION;HYDROGEL_PACK;SEASHELLS;9988;5
122900;SUBMISSION;;VELVETFRUIT_EXTRACT;SEASHELLS;5259;8
124900;;SUBMISSION;HYDROGEL_PACK;SEASHELLS;10019;3
126800;;SUBMISSION;HYDROGEL_PACK;SEASHELLS;10012;2
129400;;SUBMISSION;HYDROGEL_PACK;SEASHELLS;10005;4
129600;SUBMISSION;;VELVETFRUIT_EXTRACT;SEASHELLS;5256;6
130100;;SUBMISSION;VELVETFRUIT_EXTRACT;SEASHELLS;5255;5
130300;SUBMISSION;;VELVETFRUIT_EXTRACT;SEASHELLS;5253;6
133000;;SUBMISSION;VELVETFRUIT_EXTRACT;SEASHELLS;5259;7
135500;;SUBMISSION;VELVETFRUIT_EXTRACT;SEASHELLS;5258;7
138200;;SUBMISSION;HYDROGEL_PACK;SEASHELLS;10016;10
138200;;SUBMISSION;HYDROGEL_PACK;SEASHELLS;10014;20
138700;;SUBMISSION;VELVETFRUIT_EXTRACT;SEASHELLS;5261;3
139000;;SUBMISSION;HYDROGEL_PACK;SEASHELLS;10017;11
139000;;SUBMISSION;HYDROGEL_PACK;SEASHELLS;10014;19
141300;;SUBMISSION;HYDROGEL_PACK;SEASHELLS;10016;12
141300;;SUBMISSION;HYDROGEL_PACK;SEASHELLS;10014;18
141400;;SUBMISSION;HYDROGEL_PACK;SEASHELLS;10016;10
141400;;SUBMISSION;HYDROGEL_PACK;SEASHELLS;10014;20
141500;;SUBMISSION;HYDROGEL_PACK;SEASHELLS;10020;12
141500;;SUBMISSION;HYDROGEL_PACK;SEASHELLS;10017;18
141600;;SUBMISSION;HYDROGEL_PACK;SEASHELLS;10020;13
141600;;SUBMISSION;HYDROGEL_PACK;SEASHELLS;10017;17
141700;;SUBMISSION;HYDROGEL_PACK;SEASHELLS;10021;15
141700;;SUBMISSION;HYDROGEL_PACK;SEASHELLS;10018;15
141800;;SUBMISSION;HYDROGEL_PACK;SEASHELLS;10017;12
141800;;SUBMISSION;HYDROGEL_PACK;SEASHELLS;10015;18
143800;SUBMISSION;;HYDROGEL_PACK;SEASHELLS;10000;5
145400;SUBMISSION;;HYDROGEL_PACK;SEASHELLS;9998;2
147200;SUBMISSION;;VELVETFRUIT_EXTRACT;SEASHELLS;5260;8
149900;SUBMISSION;;HYDROGEL_PACK;SEASHELLS;10010;3
151400;SUBMISSION;;HYDROGEL_PACK;SEASHELLS;10017;3
151600;SUBMISSION;;HYDROGEL_PACK;SEASHELLS;10017;6
153200;SUBMISSION;;HYDROGEL_PACK;SEASHELLS;10011;5
154300;;SUBMISSION;VELVETFRUIT_EXTRACT;SEASHELLS;5274;6
155100;;SUBMISSION;VELVETFRUIT_EXTRACT;SEASHELLS;5276;8
155800;SUBMISSION;;VELVETFRUIT_EXTRACT;SEASHELLS;5275;7
156200;SUBMISSION;;VELVETFRUIT_EXTRACT;SEASHELLS;5275;14
157000;;SUBMISSION;HYDROGEL_PACK;SEASHELLS;10023;4
160400;;SUBMISSION;HYDROGEL_PACK;SEASHELLS;10021;13
160400;;SUBMISSION;HYDROGEL_PACK;SEASHELLS;10019;17
160500;;SUBMISSION;HYDROGEL_PACK;SEASHELLS;10022;14
160500;;SUBMISSION;HYDROGEL_PACK;SEASHELLS;10020;16
160600;;SUBMISSION;HYDROGEL_PACK;SEASHELLS;10020;13
160600;;SUBMISSION;HYDROGEL_PACK;SEASHELLS;10017;17
164200;SUBMISSION;;VELVETFRUIT_EXTRACT;SEASHELLS;5279;7
164500;;SUBMISSION;HYDROGEL_PACK;SEASHELLS;10023;14
164500;;SUBMISSION;HYDROGEL_PACK;SEASHELLS;10020;16
164600;;SUBMISSION;HYDROGEL_PACK;SEASHELLS;10023;10
164600;;SUBMISSION;HYDROGEL_PACK;SEASHELLS;10021;2
164600;SUBMISSION;;HYDROGEL_PACK;SEASHELLS;10029;6
164700;;SUBMISSION;HYDROGEL_PACK;SEASHELLS;10023;6
169900;SUBMISSION;;VELVETFRUIT_EXTRACT;SEASHELLS;5268;3
170500;;SUBMISSION;VELVETFRUIT_EXTRACT;SEASHELLS;5271;7
171500;SUBMISSION;;VELVETFRUIT_EXTRACT;SEASHELLS;5272;7
172600;;SUBMISSION;VELVETFRUIT_EXTRACT;SEASHELLS;5275;8
175000;;SUBMISSION;VELVETFRUIT_EXTRACT;SEASHELLS;5278;4
177100;SUBMISSION;;HYDROGEL_PACK;SEASHELLS;10017;3
178100;SUBMISSION;;HYDROGEL_PACK;SEASHELLS;10013;3
178200;SUBMISSION;;VELVETFRUIT_EXTRACT;SEASHELLS;5273;3
179100;;SUBMISSION;VELVETFRUIT_EXTRACT;SEASHELLS;5274;8
181600;SUBMISSION;;HYDROGEL_PACK;SEASHELLS;10002;5
188200;SUBMISSION;;VELVETFRUIT_EXTRACT;SEASHELLS;5256;3
189700;SUBMISSION;;VELVETFRUIT_EXTRACT;SEASHELLS;5258;6
194900;SUBMISSION;;VELVETFRUIT_EXTRACT;SEASHELLS;5258;6
195500;;SUBMISSION;VELVETFRUIT_EXTRACT;SEASHELLS;5263;6
195600;SUBMISSION;;HYDROGEL_PACK;SEASHELLS;9977;5
196700;SUBMISSION;;VELVETFRUIT_EXTRACT;SEASHELLS;5262;6
199400;SUBMISSION;;VELVETFRUIT_EXTRACT;SEASHELLS;5262;8
203500;;SUBMISSION;VELVETFRUIT_EXTRACT;SEASHELLS;5262;4
206000;;SUBMISSION;VELVETFRUIT_EXTRACT;SEASHELLS;5267;6
206600;SUBMISSION;;HYDROGEL_PACK;SEASHELLS;9982;3
206700;SUBMISSION;;HYDROGEL_PACK;SEASHELLS;9984;5
209400;SUBMISSION;;VELVETFRUIT_EXTRACT;SEASHELLS;5266;4
211400;SUBMISSION;;VELVETFRUIT_EXTRACT;SEASHELLS;5265;7
212100;;SUBMISSION;VELVETFRUIT_EXTRACT;SEASHELLS;5270;4
212900;SUBMISSION;;VELVETFRUIT_EXTRACT;SEASHELLS;5267;5
217800;SUBMISSION;;VELVETFRUIT_EXTRACT;SEASHELLS;5261;6
219200;SUBMISSION;;HYDROGEL_PACK;SEASHELLS;9960;4
220800;;SUBMISSION;VELVETFRUIT_EXTRACT;SEASHELLS;5264;6
221600;SUBMISSION;;HYDROGEL_PACK;SEASHELLS;9957;11
221600;SUBMISSION;;HYDROGEL_PACK;SEASHELLS;9959;19
221700;SUBMISSION;;HYDROGEL_PACK;SEASHELLS;9954;12
221700;SUBMISSION;;HYDROGEL_PACK;SEASHELLS;9957;18
221800;SUBMISSION;;HYDROGEL_PACK;SEASHELLS;9953;11
221800;SUBMISSION;;HYDROGEL_PACK;SEASHELLS;9955;19
221900;SUBMISSION;;HYDROGEL_PACK;SEASHELLS;9955;12
221900;SUBMISSION;;HYDROGEL_PACK;SEASHELLS;9957;18
222000;SUBMISSION;;HYDROGEL_PACK;SEASHELLS;9954;10
222000;SUBMISSION;;HYDROGEL_PACK;SEASHELLS;9957;20
222100;SUBMISSION;;HYDROGEL_PACK;SEASHELLS;9952;10
222100;SUBMISSION;;HYDROGEL_PACK;SEASHELLS;9955;20
222200;SUBMISSION;;HYDROGEL_PACK;SEASHELLS;9952;11
222200;SUBMISSION;;HYDROGEL_PACK;SEASHELLS;9954;19
222300;SUBMISSION;;HYDROGEL_PACK;SEASHELLS;9954;11
222300;SUBMISSION;;HYDROGEL_PACK;SEASHELLS;9956;19
222400;SUBMISSION;;HYDROGEL_PACK;SEASHELLS;9952;11
222400;SUBMISSION;;HYDROGEL_PACK;SEASHELLS;9954;19
222500;SUBMISSION;;HYDROGEL_PACK;SEASHELLS;9952;11
222500;SUBMISSION;;HYDROGEL_PACK;SEASHELLS;9955;19
222600;SUBMISSION;;HYDROGEL_PACK;SEASHELLS;9949;15
222600;SUBMISSION;;HYDROGEL_PACK;SEASHELLS;9951;15
222700;SUBMISSION;;HYDROGEL_PACK;SEASHELLS;9949;10
222700;SUBMISSION;;HYDROGEL_PACK;SEASHELLS;9952;20
222800;SUBMISSION;;HYDROGEL_PACK;SEASHELLS;9948;2
224300;;SUBMISSION;HYDROGEL_PACK;SEASHELLS;9936;4
224400;SUBMISSION;;HYDROGEL_PACK;SEASHELLS;9933;4
229400;SUBMISSION;;VELVETFRUIT_EXTRACT;SEASHELLS;5261;7
232000;;SUBMISSION;VELVETFRUIT_EXTRACT;SEASHELLS;5266;8
233000;;SUBMISSION;HYDROGEL_PACK;SEASHELLS;9921;3
233100;SUBMISSION;;HYDROGEL_PACK;SEASHELLS;9927;3
237400;;SUBMISSION;VELVETFRUIT_EXTRACT;SEASHELLS;5272;6
237700;;SUBMISSION;VELVETFRUIT_EXTRACT;SEASHELLS;5272;8
239800;;SUBMISSION;HYDROGEL_PACK;SEASHELLS;9919;5
239900;SUBMISSION;;HYDROGEL_PACK;SEASHELLS;9927;5
243500;;SUBMISSION;VELVETFRUIT_EXTRACT;SEASHELLS;5273;4
244900;;SUBMISSION;VELVETFRUIT_EXTRACT;SEASHELLS;5275;4
254300;;SUBMISSION;HYDROGEL_PACK;SEASHELLS;9945;2
254600;SUBMISSION;;HYDROGEL_PACK;SEASHELLS;9948;2
258900;;SUBMISSION;HYDROGEL_PACK;SEASHELLS;9922;2
259000;SUBMISSION;;HYDROGEL_PACK;SEASHELLS;9930;2
259500;SUBMISSION;;VELVETFRUIT_EXTRACT;SEASHELLS;5274;4
263900;SUBMISSION;;VELVETFRUIT_EXTRACT;SEASHELLS;5282;4
264200;;SUBMISSION;HYDROGEL_PACK;SEASHELLS;9921;6
264200;;SUBMISSION;VEV_5100;SEASHELLS;192;25
264200;;SUBMISSION;VEV_5200;SEASHELLS;115;8
264200;;SUBMISSION;VEV_5200;SEASHELLS;114;17
264300;SUBMISSION;;HYDROGEL_PACK;SEASHELLS;9923;6
264300;;SUBMISSION;VEV_5100;SEASHELLS;192;25
264400;;SUBMISSION;VEV_5100;SEASHELLS;192;26
264400;;SUBMISSION;VEV_5200;SEASHELLS;115;10
264400;;SUBMISSION;VEV_5200;SEASHELLS;114;16
264600;;SUBMISSION;VEV_5100;SEASHELLS;192;9
264600;;SUBMISSION;VEV_5100;SEASHELLS;191;17
264700;;SUBMISSION;VEV_5100;SEASHELLS;192;12
264700;;SUBMISSION;VEV_5100;SEASHELLS;191;13
264900;;SUBMISSION;VEV_5100;SEASHELLS;192;30
265000;;SUBMISSION;VEV_5100;SEASHELLS;193;6
265000;;SUBMISSION;VEV_5100;SEASHELLS;192;12
265000;;SUBMISSION;VEV_5200;SEASHELLS;115;18
265100;SUBMISSION;;VELVETFRUIT_EXTRACT;SEASHELLS;5286;6
265100;;SUBMISSION;VEV_5100;SEASHELLS;194;8
265100;;SUBMISSION;VEV_5100;SEASHELLS;193;21
265100;;SUBMISSION;VEV_5200;SEASHELLS;116;8
265100;;SUBMISSION;VEV_5200;SEASHELLS;115;21
265200;;SUBMISSION;VEV_5100;SEASHELLS;193;28
265200;;SUBMISSION;VEV_5200;SEASHELLS;115;28
265300;;SUBMISSION;VEV_5100;SEASHELLS;193;27
265300;;SUBMISSION;VEV_5200;SEASHELLS;115;27
265400;;SUBMISSION;VEV_5100;SEASHELLS;193;30
265400;;SUBMISSION;VEV_5200;SEASHELLS;115;30
265500;SUBMISSION;;VELVETFRUIT_EXTRACT;SEASHELLS;5286;6
265500;;SUBMISSION;VEV_4000;SEASHELLS;1287;3
265500;;SUBMISSION;VEV_4000;SEASHELLS;1277;14
265500;;SUBMISSION;VEV_4000;SEASHELLS;1274;13
265500;;SUBMISSION;VEV_4500;SEASHELLS;787;3
265500;;SUBMISSION;VEV_4500;SEASHELLS;779;8
265500;;SUBMISSION;VEV_4500;SEASHELLS;777;19
265500;;SUBMISSION;VEV_5000;SEASHELLS;289;3
265500;;SUBMISSION;VEV_5000;SEASHELLS;286;8
265500;;SUBMISSION;VEV_5000;SEASHELLS;285;19
265500;;SUBMISSION;VEV_5100;SEASHELLS;195;3
265500;;SUBMISSION;VEV_5100;SEASHELLS;194;8
265500;;SUBMISSION;VEV_5100;SEASHELLS;193;19
265500;;SUBMISSION;VEV_5200;SEASHELLS;117;3
265500;;SUBMISSION;VEV_5200;SEASHELLS;115;27
265500;;SUBMISSION;VEV_5400;SEASHELLS;21;3
265500;;SUBMISSION;VEV_5400;SEASHELLS;20;23
265600;;SUBMISSION;VEV_5100;SEASHELLS;193;9
265600;;SUBMISSION;VEV_5100;SEASHELLS;192;14
265600;;SUBMISSION;VEV_5200;SEASHELLS;115;23
265700;;SUBMISSION;VEV_4000;SEASHELLS;1286;4
265700;;SUBMISSION;VEV_4000;SEASHELLS;1276;8
265700;;SUBMISSION;VEV_4000;SEASHELLS;1274;18
265700;;SUBMISSION;VEV_4500;SEASHELLS;786;4
265700;;SUBMISSION;VEV_4500;SEASHELLS;779;10
265700;;SUBMISSION;VEV_4500;SEASHELLS;777;16
265700;;SUBMISSION;VEV_5000;SEASHELLS;288;4
265700;;SUBMISSION;VEV_5000;SEASHELLS;286;10
265700;;SUBMISSION;VEV_5000;SEASHELLS;285;16
265700;;SUBMISSION;VEV_5100;SEASHELLS;195;4
265700;;SUBMISSION;VEV_5100;SEASHELLS;193;10
265700;;SUBMISSION;VEV_5100;SEASHELLS;192;16
265700;;SUBMISSION;VEV_5200;SEASHELLS;116;4
265700;;SUBMISSION;VEV_5200;SEASHELLS;115;26
265800;;SUBMISSION;VEV_5100;SEASHELLS;193;19
265800;;SUBMISSION;VEV_5200;SEASHELLS;115;19
265900;;SUBMISSION;VEV_5000;SEASHELLS;287;12
265900;;SUBMISSION;VEV_5000;SEASHELLS;286;18
265900;;SUBMISSION;VEV_5100;SEASHELLS;194;30
265900;;SUBMISSION;VEV_5200;SEASHELLS;116;30
266000;;SUBMISSION;VEV_5000;SEASHELLS;287;7
266000;;SUBMISSION;VEV_5000;SEASHELLS;286;23
266000;;SUBMISSION;VEV_5100;SEASHELLS;194;30
266000;;SUBMISSION;VEV_5200;SEASHELLS;116;30
266000;;SUBMISSION;VEV_5400;SEASHELLS;21;24
266100;;SUBMISSION;VEV_5000;SEASHELLS;287;6
266100;;SUBMISSION;VEV_5000;SEASHELLS;286;21
266100;;SUBMISSION;VEV_5100;SEASHELLS;194;6
266100;;SUBMISSION;VEV_5100;SEASHELLS;193;21
266100;;SUBMISSION;VEV_5200;SEASHELLS;116;6
266100;;SUBMISSION;VEV_5200;SEASHELLS;115;21
266200;;SUBMISSION;VEV_5000;SEASHELLS;287;10
266200;;SUBMISSION;VEV_5000;SEASHELLS;286;20
266200;;SUBMISSION;VEV_5100;SEASHELLS;194;15
266200;;SUBMISSION;VEV_5200;SEASHELLS;116;18
266200;;SUBMISSION;VEV_5400;SEASHELLS;21;10
266200;;SUBMISSION;VEV_5400;SEASHELLS;20;20
266300;;SUBMISSION;VEV_5000;SEASHELLS;288;7
266300;;SUBMISSION;VEV_5000;SEASHELLS;287;23
266300;;SUBMISSION;VEV_5400;SEASHELLS;21;18
266400;;SUBMISSION;VELVETFRUIT_EXTRACT;SEASHELLS;5287;30
266400;;SUBMISSION;VEV_4000;SEASHELLS;1279;8
266400;;SUBMISSION;VEV_4000;SEASHELLS;1277;22
266400;;SUBMISSION;VEV_4500;SEASHELLS;782;9
266400;;SUBMISSION;VEV_4500;SEASHELLS;780;16
266400;;SUBMISSION;VEV_5000;SEASHELLS;288;25
266400;;SUBMISSION;VEV_5300;SEASHELLS;59;22
266400;;SUBMISSION;VEV_5400;SEASHELLS;21;22
266500;;SUBMISSION;VEV_5000;SEASHELLS;287;18
266500;;SUBMISSION;VEV_5400;SEASHELLS;21;23
266700;;SUBMISSION;VEV_4000;SEASHELLS;1286;2
266700;;SUBMISSION;VEV_4000;SEASHELLS;1276;15
266700;;SUBMISSION;VEV_4000;SEASHELLS;1273;13
266700;;SUBMISSION;VEV_4500;SEASHELLS;786;2
266700;;SUBMISSION;VEV_4500;SEASHELLS;778;8
266700;;SUBMISSION;VEV_4500;SEASHELLS;776;20
266700;;SUBMISSION;VEV_5000;SEASHELLS;288;2
266700;;SUBMISSION;VEV_5000;SEASHELLS;285;28
266800;SUBMISSION;;VEV_4000;SEASHELLS;1277;1
267400;SUBMISSION;;VELVETFRUIT_EXTRACT;SEASHELLS;5284;4
267900;;SUBMISSION;HYDROGEL_PACK;SEASHELLS;9922;6
268000;SUBMISSION;;HYDROGEL_PACK;SEASHELLS;9934;6
268200;SUBMISSION;;VELVETFRUIT_EXTRACT;SEASHELLS;5281;7
268600;SUBMISSION;;VELVETFRUIT_EXTRACT;SEASHELLS;5282;5
271100;SUBMISSION;;VELVETFRUIT_EXTRACT;SEASHELLS;5277;3
272700;SUBMISSION;;VELVETFRUIT_EXTRACT;SEASHELLS;5278;3
272900;;SUBMISSION;HYDROGEL_PACK;SEASHELLS;9919;5
273000;SUBMISSION;;HYDROGEL_PACK;SEASHELLS;9922;5
273400;;SUBMISSION;HYDROGEL_PACK;SEASHELLS;9917;3
273500;SUBMISSION;;HYDROGEL_PACK;SEASHELLS;9921;3
273500;;SUBMISSION;HYDROGEL_PACK;SEASHELLS;9916;6
273600;SUBMISSION;;HYDROGEL_PACK;SEASHELLS;9921;6
274600;SUBMISSION;;VELVETFRUIT_EXTRACT;SEASHELLS;5275;3
275800;;SUBMISSION;HYDROGEL_PACK;SEASHELLS;9907;6
275900;SUBMISSION;;HYDROGEL_PACK;SEASHELLS;9913;6
277000;;SUBMISSION;HYDROGEL_PACK;SEASHELLS;9906;6
277100;SUBMISSION;;HYDROGEL_PACK;SEASHELLS;9911;6
277300;;SUBMISSION;HYDROGEL_PACK;SEASHELLS;9905;3
277400;SUBMISSION;;HYDROGEL_PACK;SEASHELLS;9908;3
277900;SUBMISSION;;VEV_4000;SEASHELLS;1261;3
278700;;SUBMISSION;VELVETFRUIT_EXTRACT;SEASHELLS;5273;6
278800;;SUBMISSION;VELVETFRUIT_EXTRACT;SEASHELLS;5275;4
280700;SUBMISSION;;VELVETFRUIT_EXTRACT;SEASHELLS;5269;6
282600;SUBMISSION;;VELVETFRUIT_EXTRACT;SEASHELLS;5269;7
282600;;SUBMISSION;VELVETFRUIT_EXTRACT;SEASHELLS;5271;6
283300;SUBMISSION;;VELVETFRUIT_EXTRACT;SEASHELLS;5271;5
283700;;SUBMISSION;HYDROGEL_PACK;SEASHELLS;9916;5
283800;SUBMISSION;;HYDROGEL_PACK;SEASHELLS;9921;5
284300;;SUBMISSION;HYDROGEL_PACK;SEASHELLS;9917;6
284400;SUBMISSION;;HYDROGEL_PACK;SEASHELLS;9926;6
285600;;SUBMISSION;VELVETFRUIT_EXTRACT;SEASHELLS;5277;4
286900;SUBMISSION;;VEV_4000;SEASHELLS;1268;3
288000;;SUBMISSION;HYDROGEL_PACK;SEASHELLS;9930;5
288000;SUBMISSION;;VELVETFRUIT_EXTRACT;SEASHELLS;5275;8
288100;SUBMISSION;;HYDROGEL_PACK;SEASHELLS;9940;5
292800;;SUBMISSION;HYDROGEL_PACK;SEASHELLS;9915;6
292900;SUBMISSION;;HYDROGEL_PACK;SEASHELLS;9922;6
293100;;SUBMISSION;VELVETFRUIT_EXTRACT;SEASHELLS;5273;5
293400;;SUBMISSION;VELVETFRUIT_EXTRACT;SEASHELLS;5272;5
293600;SUBMISSION;;VEV_4000;SEASHELLS;1262;2
293700;SUBMISSION;;VELVETFRUIT_EXTRACT;SEASHELLS;5268;8
296800;SUBMISSION;;VELVETFRUIT_EXTRACT;SEASHELLS;5269;8
297000;SUBMISSION;;VELVETFRUIT_EXTRACT;SEASHELLS;5267;15
299100;;SUBMISSION;HYDROGEL_PACK;SEASHELLS;9957;3
301700;SUBMISSION;;VEV_4000;SEASHELLS;1258;2
303100;SUBMISSION;;VEV_4000;SEASHELLS;1258;1
305700;;SUBMISSION;HYDROGEL_PACK;SEASHELLS;9945;6
306000;;SUBMISSION;VELVETFRUIT_EXTRACT;SEASHELLS;5273;5
306100;;SUBMISSION;HYDROGEL_PACK;SEASHELLS;9946;5
307900;SUBMISSION;;VELVETFRUIT_EXTRACT;SEASHELLS;5269;8
308000;SUBMISSION;;HYDROGEL_PACK;SEASHELLS;9939;13
308000;SUBMISSION;;HYDROGEL_PACK;SEASHELLS;9942;1
310100;;SUBMISSION;HYDROGEL_PACK;SEASHELLS;9936;4
311700;;SUBMISSION;VELVETFRUIT_EXTRACT;SEASHELLS;5271;6
311800;;SUBMISSION;HYDROGEL_PACK;SEASHELLS;9939;2
314800;;SUBMISSION;HYDROGEL_PACK;SEASHELLS;9948;3
315400;;SUBMISSION;HYDROGEL_PACK;SEASHELLS;9951;4
316700;SUBMISSION;;VEV_5400;SEASHELLS;18;3
316900;;SUBMISSION;HYDROGEL_PACK;SEASHELLS;9949;2
323200;;SUBMISSION;VELVETFRUIT_EXTRACT;SEASHELLS;5275;5
327600;;SUBMISSION;VELVETFRUIT_EXTRACT;SEASHELLS;5265;5
328500;;SUBMISSION;VELVETFRUIT_EXTRACT;SEASHELLS;5268;7
328700;;SUBMISSION;VELVETFRUIT_EXTRACT;SEASHELLS;5267;5
328700;SUBMISSION;;VEV_4000;SEASHELLS;1257;3
328900;;SUBMISSION;HYDROGEL_PACK;SEASHELLS;9952;2
330400;SUBMISSION;;VELVETFRUIT_EXTRACT;SEASHELLS;5262;8
332600;;SUBMISSION;VELVETFRUIT_EXTRACT;SEASHELLS;5273;8
333900;;SUBMISSION;VELVETFRUIT_EXTRACT;SEASHELLS;5272;7
336800;SUBMISSION;;VELVETFRUIT_EXTRACT;SEASHELLS;5269;5
340500;SUBMISSION;;VEV_4000;SEASHELLS;1259;3
341400;SUBMISSION;;VEV_5500;SEASHELLS;7;2
342300;;SUBMISSION;HYDROGEL_PACK;SEASHELLS;9960;2
344000;SUBMISSION;;VELVETFRUIT_EXTRACT;SEASHELLS;5270;3
344600;;SUBMISSION;HYDROGEL_PACK;SEASHELLS;9952;6
344600;SUBMISSION;;VELVETFRUIT_EXTRACT;SEASHELLS;5266;7
344900;SUBMISSION;;VELVETFRUIT_EXTRACT;SEASHELLS;5266;6
346100;;SUBMISSION;HYDROGEL_PACK;SEASHELLS;9941;2
347400;;SUBMISSION;HYDROGEL_PACK;SEASHELLS;9942;4
350600;;SUBMISSION;VELVETFRUIT_EXTRACT;SEASHELLS;5265;5
352300;;SUBMISSION;VELVETFRUIT_EXTRACT;SEASHELLS;5256;8
353600;SUBMISSION;;VELVETFRUIT_EXTRACT;SEASHELLS;5255;7
356500;;SUBMISSION;VELVETFRUIT_EXTRACT;SEASHELLS;5262;6
358300;SUBMISSION;;VELVETFRUIT_EXTRACT;SEASHELLS;5262;7
358400;;SUBMISSION;VELVETFRUIT_EXTRACT;SEASHELLS;5265;5
360000;;SUBMISSION;VELVETFRUIT_EXTRACT;SEASHELLS;5266;7
361300;;SUBMISSION;VELVETFRUIT_EXTRACT;SEASHELLS;5266;3
361600;SUBMISSION;;VELVETFRUIT_EXTRACT;SEASHELLS;5261;5
362500;SUBMISSION;;VELVETFRUIT_EXTRACT;SEASHELLS;5261;5
364700;SUBMISSION;;VELVETFRUIT_EXTRACT;SEASHELLS;5257;10
366500;;SUBMISSION;HYDROGEL_PACK;SEASHELLS;9996;2
370700;SUBMISSION;;VEV_4000;SEASHELLS;1242;2
372300;SUBMISSION;;VELVETFRUIT_EXTRACT;SEASHELLS;5251;6
373100;;SUBMISSION;VELVETFRUIT_EXTRACT;SEASHELLS;5255;6
382200;;SUBMISSION;VELVETFRUIT_EXTRACT;SEASHELLS;5252;5
383100;;SUBMISSION;VELVETFRUIT_EXTRACT;SEASHELLS;5253;6
385100;SUBMISSION;;VELVETFRUIT_EXTRACT;SEASHELLS;5245;9
386000;SUBMISSION;;VEV_5100;SEASHELLS;161;21
386200;SUBMISSION;;VEV_5100;SEASHELLS;159;8
386200;SUBMISSION;;VEV_5100;SEASHELLS;160;19
386200;SUBMISSION;;VEV_5200;SEASHELLS;89;27
386200;SUBMISSION;;VEV_5300;SEASHELLS;41;17
386300;SUBMISSION;;VEV_5000;SEASHELLS;249;6
386300;SUBMISSION;;VEV_5000;SEASHELLS;250;14
386300;SUBMISSION;;VEV_5100;SEASHELLS;158;20
386300;SUBMISSION;;VEV_5200;SEASHELLS;88;20
386300;SUBMISSION;;VEV_5300;SEASHELLS;41;20
386400;SUBMISSION;;VEV_5100;SEASHELLS;158;11
386400;SUBMISSION;;VEV_5100;SEASHELLS;159;19
386400;SUBMISSION;;VEV_5200;SEASHELLS;88;30
386400;SUBMISSION;;VEV_5300;SEASHELLS;41;18
386500;SUBMISSION;;VEV_5100;SEASHELLS;159;26
386500;SUBMISSION;;VEV_5200;SEASHELLS;88;11
386500;SUBMISSION;;VEV_5200;SEASHELLS;89;15
386500;SUBMISSION;;VEV_5300;SEASHELLS;41;24
386600;SUBMISSION;;VEV_5100;SEASHELLS;159;30
386600;SUBMISSION;;VEV_5200;SEASHELLS;88;30
386600;SUBMISSION;;VEV_5300;SEASHELLS;41;20
386700;SUBMISSION;;VEV_5100;SEASHELLS;159;26
386700;SUBMISSION;;VEV_5200;SEASHELLS;88;26
386700;SUBMISSION;;VEV_5300;SEASHELLS;41;23
386800;SUBMISSION;;VEV_5000;SEASHELLS;249;12
386800;SUBMISSION;;VEV_5000;SEASHELLS;250;18
386800;SUBMISSION;;VEV_5100;SEASHELLS;158;30
386800;SUBMISSION;;VEV_5200;SEASHELLS;88;30
386800;SUBMISSION;;VEV_5300;SEASHELLS;41;19
386900;SUBMISSION;;VEV_5000;SEASHELLS;248;8
386900;SUBMISSION;;VEV_5000;SEASHELLS;249;19
386900;SUBMISSION;;VEV_5100;SEASHELLS;157;27
386900;SUBMISSION;;VEV_5200;SEASHELLS;87;27
386900;SUBMISSION;;VEV_5300;SEASHELLS;40;18
387000;SUBMISSION;;VELVETFRUIT_EXTRACT;SEASHELLS;5243;30
387000;SUBMISSION;;VEV_4500;SEASHELLS;748;11
387000;SUBMISSION;;VEV_4500;SEASHELLS;750;13
387000;SUBMISSION;;VEV_5000;SEASHELLS;247;11
387000;SUBMISSION;;VEV_5000;SEASHELLS;248;13
387000;SUBMISSION;;VEV_5100;SEASHELLS;156;24
387000;SUBMISSION;;VEV_5200;SEASHELLS;86;24
387000;SUBMISSION;;VEV_5300;SEASHELLS;40;27
387100;SUBMISSION;;VELVETFRUIT_EXTRACT;SEASHELLS;5242;25
387100;SUBMISSION;;VELVETFRUIT_EXTRACT;SEASHELLS;5243;5
387100;SUBMISSION;;VEV_4000;SEASHELLS;1250;8
387100;SUBMISSION;;VEV_4000;SEASHELLS;1253;22
387100;SUBMISSION;;VEV_4500;SEASHELLS;748;11
387100;SUBMISSION;;VEV_4500;SEASHELLS;750;19
387100;SUBMISSION;;VEV_5000;SEASHELLS;247;30
387100;SUBMISSION;;VEV_5100;SEASHELLS;156;30
387100;SUBMISSION;;VEV_5200;SEASHELLS;86;30
387100;SUBMISSION;;VEV_5300;SEASHELLS;40;18
387200;SUBMISSION;;VEV_5000;SEASHELLS;248;12
387200;SUBMISSION;;VEV_5000;SEASHELLS;249;18
387200;SUBMISSION;;VEV_5100;SEASHELLS;157;30
387200;SUBMISSION;;VEV_5200;SEASHELLS;87;30
387200;SUBMISSION;;VEV_5300;SEASHELLS;40;17
387300;SUBMISSION;;VELVETFRUIT_EXTRACT;SEASHELLS;5243;30
387300;SUBMISSION;;VEV_4000;SEASHELLS;1250;11
387300;SUBMISSION;;VEV_4000;SEASHELLS;1253;19
387300;SUBMISSION;;VEV_4500;SEASHELLS;748;12
387300;SUBMISSION;;VEV_4500;SEASHELLS;750;18
387300;SUBMISSION;;VEV_5000;SEASHELLS;247;30
387300;SUBMISSION;;VEV_5100;SEASHELLS;156;30
387300;SUBMISSION;;VEV_5200;SEASHELLS;86;30
387300;SUBMISSION;;VEV_5300;SEASHELLS;40;18
387400;SUBMISSION;;VELVETFRUIT_EXTRACT;SEASHELLS;5242;19
387400;SUBMISSION;;VELVETFRUIT_EXTRACT;SEASHELLS;5243;11
387400;SUBMISSION;;VEV_4000;SEASHELLS;1250;7
387400;SUBMISSION;;VEV_4000;SEASHELLS;1252;15
387400;SUBMISSION;;VEV_4500;SEASHELLS;747;9
387400;SUBMISSION;;VEV_4500;SEASHELLS;749;20
387400;SUBMISSION;;VEV_5000;SEASHELLS;246;9
387400;SUBMISSION;;VEV_5000;SEASHELLS;247;20
387400;SUBMISSION;;VEV_5100;SEASHELLS;156;29
387400;SUBMISSION;;VEV_5200;SEASHELLS;86;29
387400;SUBMISSION;;VEV_5300;SEASHELLS;40;18
387500;;SUBMISSION;HYDROGEL_PACK;SEASHELLS;9986;3
387500;SUBMISSION;;VEV_5000;SEASHELLS;247;9
387500;SUBMISSION;;VEV_5000;SEASHELLS;248;17
387500;SUBMISSION;;VEV_5100;SEASHELLS;156;9
387500;SUBMISSION;;VEV_5100;SEASHELLS;157;17
387500;SUBMISSION;;VEV_5200;SEASHELLS;86;9
387500;SUBMISSION;;VEV_5200;SEASHELLS;87;17
387500;SUBMISSION;;VEV_5300;SEASHELLS;40;21
387600;SUBMISSION;;VEV_5000;SEASHELLS;248;30
387600;SUBMISSION;;VEV_5100;SEASHELLS;157;30
387600;SUBMISSION;;VEV_5200;SEASHELLS;87;30
387600;SUBMISSION;;VEV_5300;SEASHELLS;40;11
387700;SUBMISSION;;VEV_4500;SEASHELLS;748;11
387700;SUBMISSION;;VEV_4500;SEASHELLS;750;16
387700;SUBMISSION;;VEV_5000;SEASHELLS;247;11
387700;SUBMISSION;;VEV_5000;SEASHELLS;248;16
387700;SUBMISSION;;VEV_5100;SEASHELLS;156;11
387700;SUBMISSION;;VEV_5100;SEASHELLS;157;16
387700;SUBMISSION;;VEV_5200;SEASHELLS;86;11
387700;SUBMISSION;;VEV_5200;SEASHELLS;87;16
387800;SUBMISSION;;VEV_5000;SEASHELLS;248;19
387800;SUBMISSION;;VEV_5100;SEASHELLS;157;19
387800;SUBMISSION;;VEV_5200;SEASHELLS;87;19
387900;SUBMISSION;;VEV_4500;SEASHELLS;748;10
387900;SUBMISSION;;VEV_4500;SEASHELLS;750;19
387900;SUBMISSION;;VEV_5000;SEASHELLS;247;10
387900;SUBMISSION;;VEV_5000;SEASHELLS;248;19
387900;SUBMISSION;;VEV_5100;SEASHELLS;156;29
387900;SUBMISSION;;VEV_5200;SEASHELLS;86;29
388000;SUBMISSION;;VELVETFRUIT_EXTRACT;SEASHELLS;5241;20
388000;SUBMISSION;;VELVETFRUIT_EXTRACT;SEASHELLS;5242;10
388000;SUBMISSION;;VEV_4000;SEASHELLS;1249;10
388000;SUBMISSION;;VEV_4000;SEASHELLS;1252;20
388000;SUBMISSION;;VEV_4500;SEASHELLS;747;10
388000;SUBMISSION;;VEV_4500;SEASHELLS;749;14
388000;SUBMISSION;;VEV_5000;SEASHELLS;246;24
388000;SUBMISSION;;VEV_5100;SEASHELLS;155;24
388000;SUBMISSION;;VEV_5200;SEASHELLS;85;10
388000;SUBMISSION;;VEV_5200;SEASHELLS;86;14
388100;SUBMISSION;;VELVETFRUIT_EXTRACT;SEASHELLS;5242;22
388100;SUBMISSION;;VELVETFRUIT_EXTRACT;SEASHELLS;5243;8
388100;SUBMISSION;;VEV_4000;SEASHELLS;1250;8
388100;SUBMISSION;;VEV_4000;SEASHELLS;1252;22
388100;SUBMISSION;;VEV_4500;SEASHELLS;747;8
388100;SUBMISSION;;VEV_4500;SEASHELLS;749;22
388100;SUBMISSION;;VEV_5000;SEASHELLS;247;30
388100;SUBMISSION;;VEV_5100;SEASHELLS;156;30
388100;SUBMISSION;;VEV_5200;SEASHELLS;86;30
388200;SUBMISSION;;VELVETFRUIT_EXTRACT;SEASHELLS;5242;2
388200;SUBMISSION;;VEV_4000;SEASHELLS;1250;9
388200;SUBMISSION;;VEV_4000;SEASHELLS;1252;17
388200;SUBMISSION;;VEV_4500;SEASHELLS;747;7
388200;SUBMISSION;;VEV_4500;SEASHELLS;749;13
388200;SUBMISSION;;VEV_5000;SEASHELLS;246;7
388200;SUBMISSION;;VEV_5000;SEASHELLS;247;13
388200;SUBMISSION;;VEV_5100;SEASHELLS;156;20
388200;SUBMISSION;;VEV_5200;SEASHELLS;86;20
388300;SUBMISSION;;VEV_4000;SEASHELLS;1249;8
388300;SUBMISSION;;VEV_4000;SEASHELLS;1252;22
388300;SUBMISSION;;VEV_4500;SEASHELLS;747;11
388300;SUBMISSION;;VEV_4500;SEASHELLS;749;18
388300;SUBMISSION;;VEV_5000;SEASHELLS;246;11
388300;SUBMISSION;;VEV_5000;SEASHELLS;247;18
388300;SUBMISSION;;VEV_5100;SEASHELLS;155;5
388300;SUBMISSION;;VEV_5200;SEASHELLS;86;26
388400;SUBMISSION;;VEV_4000;SEASHELLS;1250;11
388400;SUBMISSION;;VEV_4000;SEASHELLS;1252;15
388400;SUBMISSION;;VEV_4500;SEASHELLS;747;7
388400;SUBMISSION;;VEV_4500;SEASHELLS;749;19
388400;SUBMISSION;;VEV_5000;SEASHELLS;246;7
388400;SUBMISSION;;VEV_5000;SEASHELLS;247;19
388500;SUBMISSION;;VEV_4000;SEASHELLS;1249;14
388500;SUBMISSION;;VEV_4000;SEASHELLS;1252;16
388500;SUBMISSION;;VEV_4500;SEASHELLS;747;9
388500;SUBMISSION;;VEV_4500;SEASHELLS;749;19
388500;SUBMISSION;;VEV_5000;SEASHELLS;246;9
388500;SUBMISSION;;VEV_5000;SEASHELLS;247;19
388600;SUBMISSION;;VEV_4000;SEASHELLS;1249;7
388600;SUBMISSION;;VEV_4000;SEASHELLS;1252;22
388600;SUBMISSION;;VEV_4500;SEASHELLS;747;6
388600;SUBMISSION;;VEV_4500;SEASHELLS;749;16
388600;SUBMISSION;;VEV_5000;SEASHELLS;246;6
388600;SUBMISSION;;VEV_5000;SEASHELLS;247;16
388700;SUBMISSION;;VEV_4000;SEASHELLS;1249;13
388700;SUBMISSION;;VEV_4000;SEASHELLS;1251;17
388700;SUBMISSION;;VEV_4500;SEASHELLS;746;12
388700;SUBMISSION;;VEV_4500;SEASHELLS;748;18
388700;SUBMISSION;;VEV_5000;SEASHELLS;246;30
388800;SUBMISSION;;VEV_4000;SEASHELLS;1249;12
388800;SUBMISSION;;VEV_4000;SEASHELLS;1251;18
388800;SUBMISSION;;VEV_4500;SEASHELLS;746;7
388800;SUBMISSION;;VEV_4500;SEASHELLS;748;23
388800;SUBMISSION;;VEV_5000;SEASHELLS;246;15
388900;SUBMISSION;;VEV_4000;SEASHELLS;1249;10
388900;SUBMISSION;;VEV_4000;SEASHELLS;1252;20
388900;SUBMISSION;;VEV_4500;SEASHELLS;747;2
389000;SUBMISSION;;VEV_4000;SEASHELLS;1239;2
389000;SUBMISSION;;VEV_4000;SEASHELLS;1249;13
389000;SUBMISSION;;VEV_4000;SEASHELLS;1252;4
389300;SUBMISSION;;VEV_5400;SEASHELLS;12;25
389400;SUBMISSION;;VEV_5400;SEASHELLS;12;19
389600;;SUBMISSION;VEV_4000;SEASHELLS;1244;3
389700;SUBMISSION;;VEV_4000;SEASHELLS;1250;3
391700;;SUBMISSION;HYDROGEL_PACK;SEASHELLS;9983;2
392400;;SUBMISSION;HYDROGEL_PACK;SEASHELLS;9985;5
394100;;SUBMISSION;HYDROGEL_PACK;SEASHELLS;9970;6
394300;;SUBMISSION;HYDROGEL_PACK;SEASHELLS;9965;5
397200;SUBMISSION;;VEV_5400;SEASHELLS;11;8
397200;SUBMISSION;;VEV_5400;SEASHELLS;12;14
397300;SUBMISSION;;VEV_5400;SEASHELLS;11;8
397300;SUBMISSION;;VEV_5400;SEASHELLS;12;16
397400;SUBMISSION;;VEV_5400;SEASHELLS;11;18
397500;SUBMISSION;;VEV_5400;SEASHELLS;11;20
397600;SUBMISSION;;VEV_5400;SEASHELLS;11;19
397600;SUBMISSION;;VEV_5500;SEASHELLS;4;6
397600;SUBMISSION;;VEV_5500;SEASHELLS;5;13
397700;SUBMISSION;;VEV_5400;SEASHELLS;11;20
397800;SUBMISSION;;VEV_5400;SEASHELLS;11;18
397900;SUBMISSION;;VEV_5400;SEASHELLS;11;26
398000;SUBMISSION;;VEV_5400;SEASHELLS;11;27
398100;SUBMISSION;;VEV_5400;SEASHELLS;11;29
398200;SUBMISSION;;VEV_5400;SEASHELLS;11;18
398300;SUBMISSION;;VEV_5400;SEASHELLS;11;21
398400;SUBMISSION;;VEV_5400;SEASHELLS;11;21
398500;SUBMISSION;;VEV_5400;SEASHELLS;11;26
398600;SUBMISSION;;VEV_5400;SEASHELLS;11;17
398700;SUBMISSION;;VEV_5400;SEASHELLS;11;17
398700;SUBMISSION;;VEV_5500;SEASHELLS;4;7
398700;SUBMISSION;;VEV_5500;SEASHELLS;5;10
398800;SUBMISSION;;VEV_5400;SEASHELLS;11;22
398800;SUBMISSION;;VEV_5500;SEASHELLS;4;22
398900;SUBMISSION;;VEV_5400;SEASHELLS;11;19
399000;SUBMISSION;;VEV_5400;SEASHELLS;11;3
401100;SUBMISSION;;VEV_5500;SEASHELLS;4;21
401200;SUBMISSION;;VEV_5500;SEASHELLS;4;22
401300;SUBMISSION;;VEV_5500;SEASHELLS;4;22
401400;SUBMISSION;;VEV_5500;SEASHELLS;4;24
401500;;SUBMISSION;VELVETFRUIT_EXTRACT;SEASHELLS;5228;7
401500;SUBMISSION;;VEV_5500;SEASHELLS;4;26
401600;SUBMISSION;;VELVETFRUIT_EXTRACT;SEASHELLS;5231;7
401600;SUBMISSION;;VEV_5500;SEASHELLS;4;26
401700;SUBMISSION;;VEV_5500;SEASHELLS;4;16
401800;SUBMISSION;;VEV_5500;SEASHELLS;4;18
401900;SUBMISSION;;VEV_5500;SEASHELLS;4;22
402000;SUBMISSION;;VEV_5500;SEASHELLS;4;24
402100;SUBMISSION;;VEV_5500;SEASHELLS;4;14
408000;;SUBMISSION;HYDROGEL_PACK;SEASHELLS;9985;3
409400;;SUBMISSION;HYDROGEL_PACK;SEASHELLS;9983;3
410100;;SUBMISSION;HYDROGEL_PACK;SEASHELLS;9984;6
413100;;SUBMISSION;HYDROGEL_PACK;SEASHELLS;9973;2
413500;;SUBMISSION;HYDROGEL_PACK;SEASHELLS;9970;5
415400;;SUBMISSION;HYDROGEL_PACK;SEASHELLS;9972;6
416600;;SUBMISSION;HYDROGEL_PACK;SEASHELLS;9977;4
420200;;SUBMISSION;HYDROGEL_PACK;SEASHELLS;9970;4
421400;;SUBMISSION;VELVETFRUIT_EXTRACT;SEASHELLS;5229;6
421500;SUBMISSION;;VELVETFRUIT_EXTRACT;SEASHELLS;5233;6
423800;;SUBMISSION;HYDROGEL_PACK;SEASHELLS;9964;3
424400;;SUBMISSION;VEV_4000;SEASHELLS;1239;2
424500;SUBMISSION;;VEV_4000;SEASHELLS;1244;2
424600;;SUBMISSION;VELVETFRUIT_EXTRACT;SEASHELLS;5231;6
424700;SUBMISSION;;VELVETFRUIT_EXTRACT;SEASHELLS;5235;6
425300;;SUBMISSION;VELVETFRUIT_EXTRACT;SEASHELLS;5234;3
425400;SUBMISSION;;VELVETFRUIT_EXTRACT;SEASHELLS;5239;3
427400;;SUBMISSION;VELVETFRUIT_EXTRACT;SEASHELLS;5237;5
427700;SUBMISSION;;VELVETFRUIT_EXTRACT;SEASHELLS;5239;5
428400;;SUBMISSION;VEV_4000;SEASHELLS;1243;1
428600;SUBMISSION;;VEV_4000;SEASHELLS;1246;1
429500;;SUBMISSION;HYDROGEL_PACK;SEASHELLS;9964;3
430200;;SUBMISSION;HYDROGEL_PACK;SEASHELLS;9970;4
430700;;SUBMISSION;HYDROGEL_PACK;SEASHELLS;9972;4
433900;;SUBMISSION;HYDROGEL_PACK;SEASHELLS;9966;4
434900;SUBMISSION;;VELVETFRUIT_EXTRACT;SEASHELLS;5237;5
436100;;SUBMISSION;VELVETFRUIT_EXTRACT;SEASHELLS;5238;5
438500;;SUBMISSION;VELVETFRUIT_EXTRACT;SEASHELLS;5237;6
438900;;SUBMISSION;VEV_4000;SEASHELLS;1244;3
442500;SUBMISSION;;VELVETFRUIT_EXTRACT;SEASHELLS;5237;6
442800;SUBMISSION;;VEV_4000;SEASHELLS;1245;3
443400;;SUBMISSION;HYDROGEL_PACK;SEASHELLS;9965;4
444200;;SUBMISSION;VELVETFRUIT_EXTRACT;SEASHELLS;5240;6
445300;;SUBMISSION;HYDROGEL_PACK;SEASHELLS;9970;2
448600;;SUBMISSION;VELVETFRUIT_EXTRACT;SEASHELLS;5248;7
448900;;SUBMISSION;VELVETFRUIT_EXTRACT;SEASHELLS;5246;9
450900;;SUBMISSION;HYDROGEL_PACK;SEASHELLS;9985;6
452800;;SUBMISSION;HYDROGEL_PACK;SEASHELLS;9971;4
453000;;SUBMISSION;VELVETFRUIT_EXTRACT;SEASHELLS;5236;3
454700;;SUBMISSION;VEV_4000;SEASHELLS;1241;1
454900;SUBMISSION;;VELVETFRUIT_EXTRACT;SEASHELLS;5238;25
454900;SUBMISSION;;VEV_4000;SEASHELLS;1246;1
457600;;SUBMISSION;VELVETFRUIT_EXTRACT;SEASHELLS;5238;3
460500;SUBMISSION;;VELVETFRUIT_EXTRACT;SEASHELLS;5238;3
464700;;SUBMISSION;VELVETFRUIT_EXTRACT;SEASHELLS;5237;5
466200;SUBMISSION;;VELVETFRUIT_EXTRACT;SEASHELLS;5237;5
468600;;SUBMISSION;VELVETFRUIT_EXTRACT;SEASHELLS;5235;4
471000;SUBMISSION;;VELVETFRUIT_EXTRACT;SEASHELLS;5238;4
472900;;SUBMISSION;VELVETFRUIT_EXTRACT;SEASHELLS;5234;6
473000;;SUBMISSION;VELVETFRUIT_EXTRACT;SEASHELLS;5234;4
473500;SUBMISSION;;VELVETFRUIT_EXTRACT;SEASHELLS;5237;10
473800;;SUBMISSION;VELVETFRUIT_EXTRACT;SEASHELLS;5235;3
474000;;SUBMISSION;VELVETFRUIT_EXTRACT;SEASHELLS;5233;5
478900;;SUBMISSION;HYDROGEL_PACK;SEASHELLS;9993;3
480900;SUBMISSION;;HYDROGEL_PACK;SEASHELLS;9995;2
481400;SUBMISSION;;HYDROGEL_PACK;SEASHELLS;9997;2
482400;;SUBMISSION;HYDROGEL_PACK;SEASHELLS;10009;3
483400;;SUBMISSION;VELVETFRUIT_EXTRACT;SEASHELLS;5244;3
486200;;SUBMISSION;VELVETFRUIT_EXTRACT;SEASHELLS;5237;8
488600;;SUBMISSION;VEV_4000;SEASHELLS;1242;2
490600;;SUBMISSION;VEV_4000;SEASHELLS;1246;2
493000;SUBMISSION;;VELVETFRUIT_EXTRACT;SEASHELLS;5240;12
493000;;SUBMISSION;VELVETFRUIT_EXTRACT;SEASHELLS;5240;12
493800;;SUBMISSION;HYDROGEL_PACK;SEASHELLS;10004;10
493800;;SUBMISSION;HYDROGEL_PACK;SEASHELLS;10002;20
493800;;SUBMISSION;HYDROGEL_PACK;SEASHELLS;10017;6
493900;;SUBMISSION;HYDROGEL_PACK;SEASHELLS;10010;10
493900;;SUBMISSION;HYDROGEL_PACK;SEASHELLS;10002;13
493900;;SUBMISSION;HYDROGEL_PACK;SEASHELLS;10000;7
494300;;SUBMISSION;VELVETFRUIT_EXTRACT;SEASHELLS;5239;6
494400;;SUBMISSION;HYDROGEL_PACK;SEASHELLS;10008;6
494400;;SUBMISSION;HYDROGEL_PACK;SEASHELLS;10000;10
494400;;SUBMISSION;HYDROGEL_PACK;SEASHELLS;9998;14
495100;;SUBMISSION;VELVETFRUIT_EXTRACT;SEASHELLS;5245;8
495700;SUBMISSION;;HYDROGEL_PACK;SEASHELLS;9987;3
498500;SUBMISSION;;HYDROGEL_PACK;SEASHELLS;9979;4
499900;;SUBMISSION;VEV_4000;SEASHELLS;1251;3
500000;;SUBMISSION;VELVETFRUIT_EXTRACT;SEASHELLS;5244;3
500600;SUBMISSION;;HYDROGEL_PACK;SEASHELLS;9978;5
501300;;SUBMISSION;VELVETFRUIT_EXTRACT;SEASHELLS;5243;7
501600;SUBMISSION;;HYDROGEL_PACK;SEASHELLS;9978;4
503600;SUBMISSION;;HYDROGEL_PACK;SEASHELLS;9977;2
505100;SUBMISSION;;VELVETFRUIT_EXTRACT;SEASHELLS;5234;9
505100;SUBMISSION;;VELVETFRUIT_EXTRACT;SEASHELLS;5237;16
505100;SUBMISSION;;VELVETFRUIT_EXTRACT;SEASHELLS;5238;5
507400;SUBMISSION;;VELVETFRUIT_EXTRACT;SEASHELLS;5235;8
508800;SUBMISSION;;VEV_4000;SEASHELLS;1235;5
508800;SUBMISSION;;VEV_4000;SEASHELLS;1246;2
509700;SUBMISSION;;VELVETFRUIT_EXTRACT;SEASHELLS;5236;5
511000;SUBMISSION;;HYDROGEL_PACK;SEASHELLS;9991;6
512800;SUBMISSION;;HYDROGEL_PACK;SEASHELLS;9984;4
513600;;SUBMISSION;VELVETFRUIT_EXTRACT;SEASHELLS;5240;5
516500;SUBMISSION;;HYDROGEL_PACK;SEASHELLS;9979;5
519800;;SUBMISSION;HYDROGEL_PACK;SEASHELLS;9980;6
521000;;SUBMISSION;VEV_4000;SEASHELLS;1252;1
521700;;SUBMISSION;VELVETFRUIT_EXTRACT;SEASHELLS;5243;8
524600;SUBMISSION;;HYDROGEL_PACK;SEASHELLS;9971;5
524600;SUBMISSION;;VELVETFRUIT_EXTRACT;SEASHELLS;5244;9
526300;SUBMISSION;;HYDROGEL_PACK;SEASHELLS;9968;3
527300;;SUBMISSION;VELVETFRUIT_EXTRACT;SEASHELLS;5244;5
529800;;SUBMISSION;VELVETFRUIT_EXTRACT;SEASHELLS;5245;3
530600;;SUBMISSION;VELVETFRUIT_EXTRACT;SEASHELLS;5245;5
530900;SUBMISSION;;HYDROGEL_PACK;SEASHELLS;9989;3
533300;;SUBMISSION;VELVETFRUIT_EXTRACT;SEASHELLS;5241;3
534700;SUBMISSION;;HYDROGEL_PACK;SEASHELLS;9959;3
534900;;SUBMISSION;HYDROGEL_PACK;SEASHELLS;9974;3
535100;SUBMISSION;;HYDROGEL_PACK;SEASHELLS;9962;2
536500;;SUBMISSION;VEV_4000;SEASHELLS;1247;2
538700;;SUBMISSION;VELVETFRUIT_EXTRACT;SEASHELLS;5243;5
540500;;SUBMISSION;HYDROGEL_PACK;SEASHELLS;9981;2
540600;;SUBMISSION;HYDROGEL_PACK;SEASHELLS;9979;2
541400;;SUBMISSION;VELVETFRUIT_EXTRACT;SEASHELLS;5239;8
543800;;SUBMISSION;HYDROGEL_PACK;SEASHELLS;9974;6
544400;;SUBMISSION;HYDROGEL_PACK;SEASHELLS;9975;6
544700;;SUBMISSION;VELVETFRUIT_EXTRACT;SEASHELLS;5239;8
545400;;SUBMISSION;VELVETFRUIT_EXTRACT;SEASHELLS;5236;7
545900;;SUBMISSION;VELVETFRUIT_EXTRACT;SEASHELLS;5234;5
547000;SUBMISSION;;HYDROGEL_PACK;SEASHELLS;9970;6
548500;SUBMISSION;;HYDROGEL_PACK;SEASHELLS;9964;6
548600;SUBMISSION;;VEV_4000;SEASHELLS;1237;2
548600;SUBMISSION;;VEV_4000;SEASHELLS;1248;1
548900;;SUBMISSION;VELVETFRUIT_EXTRACT;SEASHELLS;5236;7
550200;SUBMISSION;;VELVETFRUIT_EXTRACT;SEASHELLS;5235;30
550300;SUBMISSION;;VELVETFRUIT_EXTRACT;SEASHELLS;5235;30
553400;;SUBMISSION;HYDROGEL_PACK;SEASHELLS;9966;2
554600;;SUBMISSION;VEV_5300;SEASHELLS;38;5
555000;;SUBMISSION;VELVETFRUIT_EXTRACT;SEASHELLS;5241;3
556000;;SUBMISSION;HYDROGEL_PACK;SEASHELLS;9974;5
556100;;SUBMISSION;HYDROGEL_PACK;SEASHELLS;9974;5
558400;SUBMISSION;;VEV_5300;SEASHELLS;37;5
558800;;SUBMISSION;VELVETFRUIT_EXTRACT;SEASHELLS;5237;8
558900;;SUBMISSION;VELVETFRUIT_EXTRACT;SEASHELLS;5237;7
561000;;SUBMISSION;HYDROGEL_PACK;SEASHELLS;9995;4
563700;;SUBMISSION;VEV_4000;SEASHELLS;1241;1
566300;;SUBMISSION;VELVETFRUIT_EXTRACT;SEASHELLS;5231;5
566600;SUBMISSION;;VELVETFRUIT_EXTRACT;SEASHELLS;5234;19
566600;SUBMISSION;;VELVETFRUIT_EXTRACT;SEASHELLS;5235;4
566600;SUBMISSION;;VEV_4000;SEASHELLS;1242;1
568500;SUBMISSION;;HYDROGEL_PACK;SEASHELLS;9974;2
568900;SUBMISSION;;VELVETFRUIT_EXTRACT;SEASHELLS;5228;5
573700;;SUBMISSION;VELVETFRUIT_EXTRACT;SEASHELLS;5233;3
573800;;SUBMISSION;HYDROGEL_PACK;SEASHELLS;9987;3
574200;;SUBMISSION;HYDROGEL_PACK;SEASHELLS;9986;6
576700;;SUBMISSION;HYDROGEL_PACK;SEASHELLS;9998;5
578300;;SUBMISSION;HYDROGEL_PACK;SEASHELLS;9990;6
582600;SUBMISSION;;HYDROGEL_PACK;SEASHELLS;9981;4
584900;;SUBMISSION;HYDROGEL_PACK;SEASHELLS;10005;13
584900;;SUBMISSION;HYDROGEL_PACK;SEASHELLS;10002;17
585200;;SUBMISSION;HYDROGEL_PACK;SEASHELLS;10005;11
585200;;SUBMISSION;HYDROGEL_PACK;SEASHELLS;10003;19
585200;SUBMISSION;;HYDROGEL_PACK;SEASHELLS;10006;6
585400;;SUBMISSION;HYDROGEL_PACK;SEASHELLS;10008;13
585400;;SUBMISSION;HYDROGEL_PACK;SEASHELLS;10005;17
585500;;SUBMISSION;HYDROGEL_PACK;SEASHELLS;10007;11
585500;;SUBMISSION;HYDROGEL_PACK;SEASHELLS;10004;19
585600;;SUBMISSION;HYDROGEL_PACK;SEASHELLS;10008;11
585600;;SUBMISSION;HYDROGEL_PACK;SEASHELLS;10006;19
585700;;SUBMISSION;HYDROGEL_PACK;SEASHELLS;10008;11
585700;;SUBMISSION;HYDROGEL_PACK;SEASHELLS;10006;19
585800;;SUBMISSION;HYDROGEL_PACK;SEASHELLS;10007;3
587200;;SUBMISSION;VELVETFRUIT_EXTRACT;SEASHELLS;5210;6
587300;SUBMISSION;;VELVETFRUIT_EXTRACT;SEASHELLS;5215;4
588400;;SUBMISSION;VELVETFRUIT_EXTRACT;SEASHELLS;5213;5
588500;SUBMISSION;;VELVETFRUIT_EXTRACT;SEASHELLS;5217;5
589300;SUBMISSION;;HYDROGEL_PACK;SEASHELLS;10006;3
590700;;SUBMISSION;VEV_4000;SEASHELLS;1220;1
590800;SUBMISSION;;VEV_4000;SEASHELLS;1224;1
592000;;SUBMISSION;VELVETFRUIT_EXTRACT;SEASHELLS;5219;6
592100;SUBMISSION;;VELVETFRUIT_EXTRACT;SEASHELLS;5223;6
593000;;SUBMISSION;HYDROGEL_PACK;SEASHELLS;10011;3
596100;SUBMISSION;;HYDROGEL_PACK;SEASHELLS;10007;3
598300;;SUBMISSION;HYDROGEL_PACK;SEASHELLS;10007;3
600300;;SUBMISSION;VEV_4000;SEASHELLS;1249;2
601600;SUBMISSION;;HYDROGEL_PACK;SEASHELLS;10018;6
601700;;SUBMISSION;HYDROGEL_PACK;SEASHELLS;10016;6
603700;SUBMISSION;;VELVETFRUIT_EXTRACT;SEASHELLS;5244;5
604500;;SUBMISSION;VELVETFRUIT_EXTRACT;SEASHELLS;5241;7
607400;;SUBMISSION;VEV_4000;SEASHELLS;1254;2
608800;;SUBMISSION;VELVETFRUIT_EXTRACT;SEASHELLS;5251;3
608900;SUBMISSION;;HYDROGEL_PACK;SEASHELLS;10037;2
609000;;SUBMISSION;HYDROGEL_PACK;SEASHELLS;10028;2
610900;SUBMISSION;;HYDROGEL_PACK;SEASHELLS;10034;5
611000;;SUBMISSION;HYDROGEL_PACK;SEASHELLS;10026;5
611300;;SUBMISSION;VELVETFRUIT_EXTRACT;SEASHELLS;5243;6
614100;;SUBMISSION;VELVETFRUIT_EXTRACT;SEASHELLS;5243;10
616700;;SUBMISSION;VELVETFRUIT_EXTRACT;SEASHELLS;5233;4
617200;;SUBMISSION;VELVETFRUIT_EXTRACT;SEASHELLS;5233;6
620000;SUBMISSION;;HYDROGEL_PACK;SEASHELLS;10016;5
620100;;SUBMISSION;HYDROGEL_PACK;SEASHELLS;10010;5
620800;;SUBMISSION;VELVETFRUIT_EXTRACT;SEASHELLS;5230;4
621000;SUBMISSION;;VELVETFRUIT_EXTRACT;SEASHELLS;5232;22
621000;SUBMISSION;;VELVETFRUIT_EXTRACT;SEASHELLS;5233;8
621000;SUBMISSION;;VEV_4000;SEASHELLS;1240;4
621100;SUBMISSION;;VELVETFRUIT_EXTRACT;SEASHELLS;5232;5
625900;;SUBMISSION;VEV_4000;SEASHELLS;1248;2
626300;;SUBMISSION;VELVETFRUIT_EXTRACT;SEASHELLS;5244;5
627100;;SUBMISSION;VEV_4000;SEASHELLS;1249;3
627400;;SUBMISSION;VELVETFRUIT_EXTRACT;SEASHELLS;5242;7
630700;SUBMISSION;;HYDROGEL_PACK;SEASHELLS;10016;3
630800;;SUBMISSION;HYDROGEL_PACK;SEASHELLS;10009;3
630800;SUBMISSION;;VELVETFRUIT_EXTRACT;SEASHELLS;5242;13
631400;SUBMISSION;;HYDROGEL_PACK;SEASHELLS;10008;3
634400;;SUBMISSION;VELVETFRUIT_EXTRACT;SEASHELLS;5240;5
637900;;SUBMISSION;VEV_4000;SEASHELLS;1251;3
638600;SUBMISSION;;VELVETFRUIT_EXTRACT;SEASHELLS;5246;8
640000;SUBMISSION;;HYDROGEL_PACK;SEASHELLS;10007;2
641500;;SUBMISSION;VELVETFRUIT_EXTRACT;SEASHELLS;5244;5
642600;;SUBMISSION;HYDROGEL_PACK;SEASHELLS;10009;5
643300;;SUBMISSION;VEV_4000;SEASHELLS;1247;1
645000;SUBMISSION;;HYDROGEL_PACK;SEASHELLS;10022;4
645100;;SUBMISSION;HYDROGEL_PACK;SEASHELLS;10016;4
650000;SUBMISSION;;HYDROGEL_PACK;SEASHELLS;10035;4
650100;;SUBMISSION;HYDROGEL_PACK;SEASHELLS;10033;4
650200;;SUBMISSION;VELVETFRUIT_EXTRACT;SEASHELLS;5242;6
650600;;SUBMISSION;VELVETFRUIT_EXTRACT;SEASHELLS;5243;8
651300;;SUBMISSION;VELVETFRUIT_EXTRACT;SEASHELLS;5243;8
653800;;SUBMISSION;VELVETFRUIT_EXTRACT;SEASHELLS;5248;5
655500;SUBMISSION;;HYDROGEL_PACK;SEASHELLS;10030;3
655600;;SUBMISSION;HYDROGEL_PACK;SEASHELLS;10026;3
656600;;SUBMISSION;VELVETFRUIT_EXTRACT;SEASHELLS;5252;8
658100;;SUBMISSION;VEV_4000;SEASHELLS;1258;3
661900;SUBMISSION;;HYDROGEL_PACK;SEASHELLS;10031;6
662000;;SUBMISSION;HYDROGEL_PACK;SEASHELLS;10024;6
662600;;SUBMISSION;VELVETFRUIT_EXTRACT;SEASHELLS;5247;6
663000;SUBMISSION;;HYDROGEL_PACK;SEASHELLS;10032;2
663100;;SUBMISSION;HYDROGEL_PACK;SEASHELLS;10024;2
667800;;SUBMISSION;VELVETFRUIT_EXTRACT;SEASHELLS;5258;5
669900;;SUBMISSION;VEV_4000;SEASHELLS;1270;3
672600;;SUBMISSION;VELVETFRUIT_EXTRACT;SEASHELLS;5267;3
672800;;SUBMISSION;VELVETFRUIT_EXTRACT;SEASHELLS;5270;10
673600;;SUBMISSION;VELVETFRUIT_EXTRACT;SEASHELLS;5271;6
675600;;SUBMISSION;VELVETFRUIT_EXTRACT;SEASHELLS;5269;7
676600;;SUBMISSION;VEV_4000;SEASHELLS;1274;2
679000;;SUBMISSION;VELVETFRUIT_EXTRACT;SEASHELLS;5272;5
679500;;SUBMISSION;VEV_5100;SEASHELLS;183;11
679500;;SUBMISSION;VEV_5100;SEASHELLS;182;15
679700;;SUBMISSION;VEV_5100;SEASHELLS;183;24
679800;;SUBMISSION;VEV_5100;SEASHELLS;183;9
679800;;SUBMISSION;VEV_5100;SEASHELLS;182;21
679900;;SUBMISSION;VEV_5100;SEASHELLS;183;12
679900;;SUBMISSION;VEV_5100;SEASHELLS;182;18
681000;;SUBMISSION;VEV_5100;SEASHELLS;183;30
681200;;SUBMISSION;VEV_5100;SEASHELLS;184;12
681200;;SUBMISSION;VEV_5100;SEASHELLS;183;12
681300;;SUBMISSION;VEV_4000;SEASHELLS;1278;2
681300;;SUBMISSION;VEV_4000;SEASHELLS;1267;11
681300;;SUBMISSION;VEV_4000;SEASHELLS;1265;15
681300;;SUBMISSION;VEV_4500;SEASHELLS;778;2
681300;;SUBMISSION;VEV_4500;SEASHELLS;770;7
681300;;SUBMISSION;VEV_4500;SEASHELLS;768;14
681300;;SUBMISSION;VEV_5000;SEASHELLS;280;2
681300;;SUBMISSION;VEV_5000;SEASHELLS;277;7
681300;;SUBMISSION;VEV_5000;SEASHELLS;276;14
681300;;SUBMISSION;VEV_5100;SEASHELLS;186;2
681300;;SUBMISSION;VEV_5100;SEASHELLS;184;21
681400;;SUBMISSION;VEV_5000;SEASHELLS;278;8
681400;;SUBMISSION;VEV_5000;SEASHELLS;277;18
681400;;SUBMISSION;VEV_5100;SEASHELLS;185;8
681400;;SUBMISSION;VEV_5100;SEASHELLS;184;18
681500;;SUBMISSION;VEV_5000;SEASHELLS;277;8
681500;;SUBMISSION;VEV_5000;SEASHELLS;276;17
681500;;SUBMISSION;VEV_5100;SEASHELLS;184;25
681600;;SUBMISSION;VEV_5100;SEASHELLS;183;11
681600;;SUBMISSION;VEV_5100;SEASHELLS;182;19
681700;;SUBMISSION;VEV_5000;SEASHELLS;277;8
681700;;SUBMISSION;VEV_5000;SEASHELLS;276;19
681700;;SUBMISSION;VEV_5100;SEASHELLS;184;8
681700;;SUBMISSION;VEV_5100;SEASHELLS;183;19
681800;;SUBMISSION;VEV_5100;SEASHELLS;183;30
681900;;SUBMISSION;VEV_5000;SEASHELLS;277;9
681900;;SUBMISSION;VEV_5000;SEASHELLS;276;21
681900;;SUBMISSION;VEV_5100;SEASHELLS;184;9
681900;;SUBMISSION;VEV_5100;SEASHELLS;183;21
682000;;SUBMISSION;VEV_5000;SEASHELLS;278;7
682000;;SUBMISSION;VEV_5000;SEASHELLS;277;23
682000;;SUBMISSION;VEV_5100;SEASHELLS;185;7
682000;;SUBMISSION;VEV_5100;SEASHELLS;184;23
682100;;SUBMISSION;VEV_5000;SEASHELLS;278;30
682100;;SUBMISSION;VEV_5100;SEASHELLS;185;30
682100;;SUBMISSION;VEV_5200;SEASHELLS;107;12
682100;;SUBMISSION;VEV_5200;SEASHELLS;106;18
682200;;SUBMISSION;VELVETFRUIT_EXTRACT;SEASHELLS;5278;30
682200;;SUBMISSION;VEV_4000;SEASHELLS;1270;8
682200;;SUBMISSION;VEV_4000;SEASHELLS;1268;22
682200;;SUBMISSION;VEV_4500;SEASHELLS;773;7
682200;;SUBMISSION;VEV_4500;SEASHELLS;771;21
682200;;SUBMISSION;VEV_5000;SEASHELLS;280;7
682200;;SUBMISSION;VEV_5000;SEASHELLS;279;21
682200;;SUBMISSION;VEV_5100;SEASHELLS;187;7
682200;;SUBMISSION;VEV_5100;SEASHELLS;186;21
682200;;SUBMISSION;VEV_5200;SEASHELLS;108;7
682200;;SUBMISSION;VEV_5200;SEASHELLS;107;21
682300;;SUBMISSION;VEV_4000;SEASHELLS;1269;10
682300;;SUBMISSION;VEV_4000;SEASHELLS;1267;20
682300;;SUBMISSION;VEV_4500;SEASHELLS;772;9
682300;;SUBMISSION;VEV_4500;SEASHELLS;770;13
682300;;SUBMISSION;VEV_5000;SEASHELLS;278;22
682300;;SUBMISSION;VEV_5100;SEASHELLS;186;9
682300;;SUBMISSION;VEV_5100;SEASHELLS;185;13
682300;;SUBMISSION;VEV_5200;SEASHELLS;107;22
682400;;SUBMISSION;VEV_5000;SEASHELLS;277;21
682400;;SUBMISSION;VEV_5100;SEASHELLS;185;8
682400;;SUBMISSION;VEV_5100;SEASHELLS;184;13
682500;;SUBMISSION;VEV_5000;SEASHELLS;277;7
682500;;SUBMISSION;VEV_5000;SEASHELLS;276;14
682500;;SUBMISSION;VEV_5100;SEASHELLS;184;21
682600;;SUBMISSION;VEV_5000;SEASHELLS;277;29
682600;;SUBMISSION;VEV_5100;SEASHELLS;185;8
682600;;SUBMISSION;VEV_5100;SEASHELLS;184;21
682700;;SUBMISSION;VELVETFRUIT_EXTRACT;SEASHELLS;5278;15
682700;;SUBMISSION;VELVETFRUIT_EXTRACT;SEASHELLS;5277;15
682700;;SUBMISSION;VEV_4000;SEASHELLS;1269;7
682700;;SUBMISSION;VEV_4000;SEASHELLS;1267;23
682700;;SUBMISSION;VEV_4500;SEASHELLS;772;6
682700;;SUBMISSION;VEV_4500;SEASHELLS;770;17
682700;;SUBMISSION;VEV_5000;SEASHELLS;279;6
682700;;SUBMISSION;VEV_5000;SEASHELLS;278;17
682700;;SUBMISSION;VEV_5100;SEASHELLS;186;6
682700;;SUBMISSION;VEV_5100;SEASHELLS;185;17
682700;;SUBMISSION;VEV_5200;SEASHELLS;107;23
682800;;SUBMISSION;VELVETFRUIT_EXTRACT;SEASHELLS;5278;30
682800;;SUBMISSION;VELVETFRUIT_EXTRACT;SEASHELLS;5281;6
682800;;SUBMISSION;VEV_4000;SEASHELLS;1270;7
682800;;SUBMISSION;VEV_4000;SEASHELLS;1267;23
682800;;SUBMISSION;VEV_4500;SEASHELLS;772;7
682800;;SUBMISSION;VEV_4500;SEASHELLS;770;12
682800;;SUBMISSION;VEV_5000;SEASHELLS;279;19
682800;;SUBMISSION;VEV_5100;SEASHELLS;186;19
682800;;SUBMISSION;VEV_5200;SEASHELLS;107;19
682900;;SUBMISSION;VELVETFRUIT_EXTRACT;SEASHELLS;5277;30
682900;;SUBMISSION;VEV_4000;SEASHELLS;1269;9
682900;;SUBMISSION;VEV_4000;SEASHELLS;1267;21
682900;;SUBMISSION;VEV_4500;SEASHELLS;772;11
682900;;SUBMISSION;VEV_4500;SEASHELLS;770;19
682900;;SUBMISSION;VEV_5000;SEASHELLS;279;11
682900;;SUBMISSION;VEV_5000;SEASHELLS;278;19
682900;;SUBMISSION;VEV_5100;SEASHELLS;186;11
682900;;SUBMISSION;VEV_5100;SEASHELLS;185;1
682900;;SUBMISSION;VEV_5200;SEASHELLS;107;30
683000;;SUBMISSION;VELVETFRUIT_EXTRACT;SEASHELLS;5278;15
683000;;SUBMISSION;VELVETFRUIT_EXTRACT;SEASHELLS;5277;15
683000;;SUBMISSION;VEV_4000;SEASHELLS;1270;9
683000;;SUBMISSION;VEV_4000;SEASHELLS;1267;19
683000;;SUBMISSION;VEV_4500;SEASHELLS;772;12
683000;;SUBMISSION;VEV_4500;SEASHELLS;770;18
683000;;SUBMISSION;VEV_5000;SEASHELLS;279;12
683000;;SUBMISSION;VEV_5000;SEASHELLS;278;18
683000;;SUBMISSION;VEV_5200;SEASHELLS;107;30
683100;;SUBMISSION;VELVETFRUIT_EXTRACT;SEASHELLS;5280;5
683100;;SUBMISSION;VELVETFRUIT_EXTRACT;SEASHELLS;5278;15
683100;;SUBMISSION;VELVETFRUIT_EXTRACT;SEASHELLS;5277;10
683100;;SUBMISSION;VEV_4000;SEASHELLS;1270;9
683100;;SUBMISSION;VEV_4000;SEASHELLS;1267;21
683100;;SUBMISSION;VEV_4500;SEASHELLS;772;10
683100;;SUBMISSION;VEV_4500;SEASHELLS;770;20
683100;;SUBMISSION;VEV_5000;SEASHELLS;279;10
683100;;SUBMISSION;VEV_5000;SEASHELLS;278;20
683100;;SUBMISSION;VEV_5200;SEASHELLS;107;30
683200;;SUBMISSION;VEV_5000;SEASHELLS;278;24
683200;;SUBMISSION;VEV_5200;SEASHELLS;107;8
683200;;SUBMISSION;VEV_5200;SEASHELLS;106;16
683300;;SUBMISSION;VELVETFRUIT_EXTRACT;SEASHELLS;5278;30
683300;;SUBMISSION;VEV_4000;SEASHELLS;1270;14
683300;;SUBMISSION;VEV_4000;SEASHELLS;1267;15
683300;;SUBMISSION;VEV_4500;SEASHELLS;772;6
683300;;SUBMISSION;VEV_4500;SEASHELLS;770;19
683300;;SUBMISSION;VEV_5000;SEASHELLS;279;25
683300;;SUBMISSION;VEV_5200;SEASHELLS;107;25
683400;;SUBMISSION;VELVETFRUIT_EXTRACT;SEASHELLS;5277;30
683400;;SUBMISSION;VEV_4000;SEASHELLS;1269;15
683400;;SUBMISSION;VEV_4000;SEASHELLS;1267;15
683400;;SUBMISSION;VEV_4500;SEASHELLS;772;11
683400;;SUBMISSION;VEV_4500;SEASHELLS;770;18
683400;;SUBMISSION;VEV_5000;SEASHELLS;279;11
683400;;SUBMISSION;VEV_5000;SEASHELLS;278;18
683400;;SUBMISSION;VEV_5200;SEASHELLS;107;29
683500;;SUBMISSION;VELVETFRUIT_EXTRACT;SEASHELLS;5277;30
683500;;SUBMISSION;VEV_4000;SEASHELLS;1269;13
683500;;SUBMISSION;VEV_4000;SEASHELLS;1267;17
683500;;SUBMISSION;VEV_4500;SEASHELLS;772;6
683500;;SUBMISSION;VEV_4500;SEASHELLS;770;23
683500;;SUBMISSION;VEV_5000;SEASHELLS;279;6
683500;;SUBMISSION;VEV_5000;SEASHELLS;278;23
683500;;SUBMISSION;VEV_5200;SEASHELLS;107;29
683600;;SUBMISSION;VELVETFRUIT_EXTRACT;SEASHELLS;5278;30
683600;;SUBMISSION;VEV_4000;SEASHELLS;1270;14
683600;;SUBMISSION;VEV_4000;SEASHELLS;1268;16
683600;;SUBMISSION;VEV_4500;SEASHELLS;773;8
683600;;SUBMISSION;VEV_4500;SEASHELLS;771;22
683600;;SUBMISSION;VEV_5000;SEASHELLS;279;30
683600;;SUBMISSION;VEV_5200;SEASHELLS;108;8
683600;;SUBMISSION;VEV_5200;SEASHELLS;107;22
683700;;SUBMISSION;VELVETFRUIT_EXTRACT;SEASHELLS;5279;6
683700;;SUBMISSION;VEV_4000;SEASHELLS;1271;9
683700;;SUBMISSION;VEV_4000;SEASHELLS;1268;19
683700;;SUBMISSION;VEV_4500;SEASHELLS;773;7
683700;;SUBMISSION;VEV_4500;SEASHELLS;771;12
683700;;SUBMISSION;VEV_5000;SEASHELLS;280;7
683700;;SUBMISSION;VEV_5000;SEASHELLS;279;2
683700;;SUBMISSION;VEV_5200;SEASHELLS;108;19
683800;;SUBMISSION;VEV_4000;SEASHELLS;1270;11
683800;;SUBMISSION;VEV_4000;SEASHELLS;1267;16
683800;;SUBMISSION;VEV_4500;SEASHELLS;772;8
683800;;SUBMISSION;VEV_4500;SEASHELLS;770;15
683800;;SUBMISSION;VEV_5200;SEASHELLS;107;23
683900;;SUBMISSION;VEV_4000;SEASHELLS;1269;13
683900;;SUBMISSION;VEV_4000;SEASHELLS;1267;17
683900;;SUBMISSION;VEV_4500;SEASHELLS;772;7
683900;;SUBMISSION;VEV_4500;SEASHELLS;770;23
683900;;SUBMISSION;VEV_5200;SEASHELLS;107;30
684000;;SUBMISSION;VEV_4000;SEASHELLS;1270;15
684000;;SUBMISSION;VEV_4000;SEASHELLS;1267;15
684000;;SUBMISSION;VEV_4500;SEASHELLS;772;8
684000;;SUBMISSION;VEV_4500;SEASHELLS;770;16
684000;;SUBMISSION;VEV_5200;SEASHELLS;107;24
684100;;SUBMISSION;VEV_4000;SEASHELLS;1270;15
684100;;SUBMISSION;VEV_4000;SEASHELLS;1268;15
684100;;SUBMISSION;VEV_4500;SEASHELLS;773;12
684100;;SUBMISSION;VEV_4500;SEASHELLS;771;15
684100;;SUBMISSION;VEV_5200;SEASHELLS;108;12
684100;;SUBMISSION;VEV_5200;SEASHELLS;107;15
684500;SUBMISSION;;VELVETFRUIT_EXTRACT;SEASHELLS;5277;7
686100;SUBMISSION;;HYDROGEL_PACK;SEASHELLS;10001;6
686400;SUBMISSION;;VELVETFRUIT_EXTRACT;SEASHELLS;5278;8
687700;SUBMISSION;;VELVETFRUIT_EXTRACT;SEASHELLS;5270;7
688500;SUBMISSION;;VELVETFRUIT_EXTRACT;SEASHELLS;5276;3
689700;SUBMISSION;;HYDROGEL_PACK;SEASHELLS;10002;5
690500;SUBMISSION;;VEV_4000;SEASHELLS;1267;1
690800;SUBMISSION;;HYDROGEL_PACK;SEASHELLS;9996;5
691200;SUBMISSION;;VELVETFRUIT_EXTRACT;SEASHELLS;5275;7
691600;SUBMISSION;;HYDROGEL_PACK;SEASHELLS;9996;5
692500;SUBMISSION;;VELVETFRUIT_EXTRACT;SEASHELLS;5272;6
695900;SUBMISSION;;VELVETFRUIT_EXTRACT;SEASHELLS;5266;11
698800;SUBMISSION;;HYDROGEL_PACK;SEASHELLS;10005;2
699800;SUBMISSION;;VEV_4000;SEASHELLS;1264;3
701000;SUBMISSION;;VELVETFRUIT_EXTRACT;SEASHELLS;5266;4
701500;;SUBMISSION;HYDROGEL_PACK;SEASHELLS;10015;15
701500;;SUBMISSION;HYDROGEL_PACK;SEASHELLS;10013;8
702200;SUBMISSION;;VELVETFRUIT_EXTRACT;SEASHELLS;5263;3
705700;SUBMISSION;;VELVETFRUIT_EXTRACT;SEASHELLS;5265;4
707900;SUBMISSION;;HYDROGEL_PACK;SEASHELLS;10028;6
708000;;SUBMISSION;HYDROGEL_PACK;SEASHELLS;10021;6
711200;SUBMISSION;;VEV_4000;SEASHELLS;1252;3
715300;SUBMISSION;;VELVETFRUIT_EXTRACT;SEASHELLS;5244;8
715500;SUBMISSION;;HYDROGEL_PACK;SEASHELLS;10041;6
715600;;SUBMISSION;HYDROGEL_PACK;SEASHELLS;10039;6
716900;SUBMISSION;;HYDROGEL_PACK;SEASHELLS;10033;3
717000;;SUBMISSION;HYDROGEL_PACK;SEASHELLS;10025;3
717300;SUBMISSION;;VELVETFRUIT_EXTRACT;SEASHELLS;5244;12
719000;SUBMISSION;;HYDROGEL_PACK;SEASHELLS;10038;5
719100;;SUBMISSION;HYDROGEL_PACK;SEASHELLS;10032;5
720500;SUBMISSION;;VELVETFRUIT_EXTRACT;SEASHELLS;5237;11
720700;SUBMISSION;;VEV_5200;SEASHELLS;82;24
721200;SUBMISSION;;VELVETFRUIT_EXTRACT;SEASHELLS;5241;3
723600;SUBMISSION;;VEV_5200;SEASHELLS;81;19
723700;SUBMISSION;;VEV_5200;SEASHELLS;81;25
723800;SUBMISSION;;VEV_5100;SEASHELLS;151;6
723800;SUBMISSION;;VEV_5100;SEASHELLS;152;23
723800;SUBMISSION;;VEV_5200;SEASHELLS;81;29
723900;SUBMISSION;;VEV_5200;SEASHELLS;81;27
724000;SUBMISSION;;VEV_5200;SEASHELLS;81;25
724100;SUBMISSION;;VEV_5100;SEASHELLS;151;30
724100;SUBMISSION;;VEV_5200;SEASHELLS;80;30
724200;SUBMISSION;;VEV_5200;SEASHELLS;80;30
724300;SUBMISSION;;VEV_5200;SEASHELLS;81;24
724400;SUBMISSION;;VEV_5100;SEASHELLS;151;22
724400;SUBMISSION;;VEV_5200;SEASHELLS;80;22
724600;SUBMISSION;;VEV_5200;SEASHELLS;81;30
724700;SUBMISSION;;VEV_5200;SEASHELLS;81;27
724800;SUBMISSION;;VEV_5200;SEASHELLS;81;18
724900;SUBMISSION;;VEV_5200;SEASHELLS;81;26
725000;SUBMISSION;;VEV_5200;SEASHELLS;81;29
725100;SUBMISSION;;VEV_5200;SEASHELLS;81;10
725100;SUBMISSION;;VEV_5200;SEASHELLS;82;20
725200;SUBMISSION;;VEV_5200;SEASHELLS;81;29
725300;SUBMISSION;;VEV_5200;SEASHELLS;81;28
725500;SUBMISSION;;VEV_5100;SEASHELLS;151;30
725700;SUBMISSION;;VEV_5100;SEASHELLS;151;26
725800;SUBMISSION;;VEV_5100;SEASHELLS;151;27
725900;SUBMISSION;;VEV_5100;SEASHELLS;150;26
726000;SUBMISSION;;VEV_5100;SEASHELLS;150;21
726100;SUBMISSION;;VELVETFRUIT_EXTRACT;SEASHELLS;5234;5
726100;SUBMISSION;;VEV_5100;SEASHELLS;150;23
726200;SUBMISSION;;VEV_5100;SEASHELLS;149;9
726200;SUBMISSION;;VEV_5100;SEASHELLS;150;12
726300;SUBMISSION;;VEV_5000;SEASHELLS;238;8
726300;SUBMISSION;;VEV_5000;SEASHELLS;239;12
726300;SUBMISSION;;VEV_5100;SEASHELLS;148;20
726400;SUBMISSION;;VEV_5000;SEASHELLS;237;11
726400;SUBMISSION;;VEV_5000;SEASHELLS;238;12
726400;SUBMISSION;;VEV_5100;SEASHELLS;147;11
726400;SUBMISSION;;VEV_5100;SEASHELLS;148;12
726500;SUBMISSION;;VEV_5000;SEASHELLS;238;27
726500;SUBMISSION;;VEV_5100;SEASHELLS;148;27
726600;SUBMISSION;;VEV_4000;SEASHELLS;1229;2
726600;SUBMISSION;;VEV_4000;SEASHELLS;1240;10
726600;SUBMISSION;;VEV_4000;SEASHELLS;1243;18
726600;SUBMISSION;;VEV_4500;SEASHELLS;729;2
726600;SUBMISSION;;VEV_4500;SEASHELLS;738;10
726600;SUBMISSION;;VEV_4500;SEASHELLS;740;18
726600;SUBMISSION;;VEV_5000;SEASHELLS;234;2
726600;SUBMISSION;;VEV_5000;SEASHELLS;237;10
726600;SUBMISSION;;VEV_5000;SEASHELLS;238;18
726600;SUBMISSION;;VEV_5100;SEASHELLS;145;2
726600;SUBMISSION;;VEV_5100;SEASHELLS;147;28
726700;SUBMISSION;;VELVETFRUIT_EXTRACT;SEASHELLS;5232;16
726700;SUBMISSION;;VELVETFRUIT_EXTRACT;SEASHELLS;5233;14
726700;SUBMISSION;;VEV_4000;SEASHELLS;1240;12
726700;SUBMISSION;;VEV_4000;SEASHELLS;1242;18
726700;SUBMISSION;;VEV_4500;SEASHELLS;737;6
726700;SUBMISSION;;VEV_4500;SEASHELLS;739;23
726700;SUBMISSION;;VEV_5000;SEASHELLS;237;29
726700;SUBMISSION;;VEV_5100;SEASHELLS;147;29
726800;SUBMISSION;;VEV_5000;SEASHELLS;238;21
726800;SUBMISSION;;VEV_5100;SEASHELLS;148;21
726900;SUBMISSION;;VEV_5000;SEASHELLS;238;21
726900;SUBMISSION;;VEV_5100;SEASHELLS;148;21
727000;SUBMISSION;;VEV_5000;SEASHELLS;238;6
727000;SUBMISSION;;VEV_5000;SEASHELLS;239;12
727000;SUBMISSION;;VEV_5100;SEASHELLS;148;18
727100;SUBMISSION;;VEV_5000;SEASHELLS;238;6
727100;SUBMISSION;;VEV_5000;SEASHELLS;239;15
727100;SUBMISSION;;VEV_5100;SEASHELLS;148;21
727200;SUBMISSION;;VEV_5000;SEASHELLS;238;10
727200;SUBMISSION;;VEV_5000;SEASHELLS;239;19
727200;SUBMISSION;;VEV_5100;SEASHELLS;148;10
727200;SUBMISSION;;VEV_5100;SEASHELLS;149;19
727300;SUBMISSION;;VEV_5000;SEASHELLS;239;8
727300;SUBMISSION;;VEV_5000;SEASHELLS;240;19
727300;SUBMISSION;;VEV_5100;SEASHELLS;149;27
727400;SUBMISSION;;VEV_5000;SEASHELLS;238;7
727400;SUBMISSION;;VEV_5000;SEASHELLS;239;16
727400;SUBMISSION;;VEV_5100;SEASHELLS;148;23
727500;SUBMISSION;;VEV_5100;SEASHELLS;149;9
727500;SUBMISSION;;VEV_5100;SEASHELLS;150;21
727600;SUBMISSION;;VEV_5100;SEASHELLS;149;16
727700;SUBMISSION;;VEV_5000;SEASHELLS;239;25
727800;SUBMISSION;;VEV_5000;SEASHELLS;238;8
727800;SUBMISSION;;VEV_5000;SEASHELLS;239;17
727900;SUBMISSION;;VEV_4000;SEASHELLS;1225;2
728000;SUBMISSION;;VEV_5000;SEASHELLS;239;23
728500;SUBMISSION;;VEV_5000;SEASHELLS;239;22
728600;SUBMISSION;;VEV_5000;SEASHELLS;239;21
728700;SUBMISSION;;VEV_5000;SEASHELLS;239;12
728700;SUBMISSION;;VEV_5000;SEASHELLS;240;18
728800;SUBMISSION;;VEV_5000;SEASHELLS;239;7
728800;SUBMISSION;;VEV_5000;SEASHELLS;240;12
728900;SUBMISSION;;VELVETFRUIT_EXTRACT;SEASHELLS;5229;9
728900;SUBMISSION;;VELVETFRUIT_EXTRACT;SEASHELLS;5232;21
728900;SUBMISSION;;VEV_4000;SEASHELLS;1239;15
728900;SUBMISSION;;VEV_4000;SEASHELLS;1242;15
728900;SUBMISSION;;VEV_4500;SEASHELLS;737;6
728900;SUBMISSION;;VEV_4500;SEASHELLS;739;20
728900;SUBMISSION;;VEV_5000;SEASHELLS;236;6
728900;SUBMISSION;;VEV_5000;SEASHELLS;237;20
729000;SUBMISSION;;VEV_5000;SEASHELLS;238;30
729100;SUBMISSION;;VEV_5000;SEASHELLS;238;11
729100;SUBMISSION;;VEV_5000;SEASHELLS;239;13
729300;SUBMISSION;;VEV_5000;SEASHELLS;239;12
729300;SUBMISSION;;VEV_5000;SEASHELLS;240;14
729400;SUBMISSION;;VELVETFRUIT_EXTRACT;SEASHELLS;5232;16
729400;SUBMISSION;;VELVETFRUIT_EXTRACT;SEASHELLS;5233;14
729400;SUBMISSION;;VEV_4000;SEASHELLS;1240;10
729400;SUBMISSION;;VEV_4000;SEASHELLS;1242;15
729400;SUBMISSION;;VEV_4500;SEASHELLS;737;12
729400;SUBMISSION;;VEV_4500;SEASHELLS;739;18
729400;SUBMISSION;;VEV_5000;SEASHELLS;236;12
729400;SUBMISSION;;VEV_5000;SEASHELLS;237;18
729500;SUBMISSION;;VELVETFRUIT_EXTRACT;SEASHELLS;5230;30
729500;SUBMISSION;;VEV_4000;SEASHELLS;1237;15
729500;SUBMISSION;;VEV_4000;SEASHELLS;1240;15
729500;SUBMISSION;;VEV_4500;SEASHELLS;735;12
729500;SUBMISSION;;VEV_4500;SEASHELLS;737;13
729600;SUBMISSION;;VELVETFRUIT_EXTRACT;SEASHELLS;5229;20
729600;SUBMISSION;;VELVETFRUIT_EXTRACT;SEASHELLS;5230;10
729600;SUBMISSION;;VEV_4000;SEASHELLS;1237;9
729600;SUBMISSION;;VEV_4000;SEASHELLS;1239;18
729600;SUBMISSION;;VEV_4500;SEASHELLS;734;6
729600;SUBMISSION;;VEV_4500;SEASHELLS;736;15
729700;SUBMISSION;;VELVETFRUIT_EXTRACT;SEASHELLS;5230;30
729700;SUBMISSION;;VEV_4000;SEASHELLS;1238;10
729700;SUBMISSION;;VEV_4000;SEASHELLS;1240;20
729700;SUBMISSION;;VEV_4500;SEASHELLS;735;7
729700;SUBMISSION;;VEV_4500;SEASHELLS;737;18
729800;SUBMISSION;;VELVETFRUIT_EXTRACT;SEASHELLS;5229;30
729800;SUBMISSION;;VEV_4000;SEASHELLS;1236;7
729800;SUBMISSION;;VEV_4000;SEASHELLS;1239;18
729800;SUBMISSION;;VEV_4500;SEASHELLS;734;11
729800;SUBMISSION;;VEV_4500;SEASHELLS;736;17
729900;SUBMISSION;;VELVETFRUIT_EXTRACT;SEASHELLS;5227;16
729900;SUBMISSION;;VELVETFRUIT_EXTRACT;SEASHELLS;5228;14
729900;SUBMISSION;;VEV_4000;SEASHELLS;1235;12
729900;SUBMISSION;;VEV_4000;SEASHELLS;1237;18
729900;SUBMISSION;;VEV_4500;SEASHELLS;732;10
729900;SUBMISSION;;VEV_4500;SEASHELLS;734;15
730000;SUBMISSION;;VELVETFRUIT_EXTRACT;SEASHELLS;5227;15
730000;SUBMISSION;;VELVETFRUIT_EXTRACT;SEASHELLS;5228;15
730000;SUBMISSION;;VEV_4000;SEASHELLS;1235;14
730000;SUBMISSION;;VEV_4000;SEASHELLS;1238;16
730000;SUBMISSION;;VEV_4500;SEASHELLS;733;9
730000;SUBMISSION;;VEV_4500;SEASHELLS;734;18
730100;SUBMISSION;;VELVETFRUIT_EXTRACT;SEASHELLS;5228;18
730100;SUBMISSION;;VELVETFRUIT_EXTRACT;SEASHELLS;5229;3
730100;SUBMISSION;;VEV_4000;SEASHELLS;1236;10
730100;SUBMISSION;;VEV_4000;SEASHELLS;1238;20
730100;SUBMISSION;;VEV_4500;SEASHELLS;733;6
730100;SUBMISSION;;VEV_4500;SEASHELLS;735;14
730200;SUBMISSION;;VEV_4000;SEASHELLS;1235;13
730200;SUBMISSION;;VEV_4000;SEASHELLS;1238;17
730200;SUBMISSION;;VEV_4500;SEASHELLS;733;7
730200;SUBMISSION;;VEV_4500;SEASHELLS;734;15
730300;SUBMISSION;;VEV_4500;SEASHELLS;733;6
730300;SUBMISSION;;VEV_4500;SEASHELLS;735;12
730400;SUBMISSION;;VEV_4000;SEASHELLS;1234;15
730400;SUBMISSION;;VEV_4000;SEASHELLS;1237;15
730400;SUBMISSION;;VEV_4500;SEASHELLS;732;6
730400;SUBMISSION;;VEV_4500;SEASHELLS;733;19
730500;SUBMISSION;;VEV_4000;SEASHELLS;1233;14
730500;SUBMISSION;;VEV_4000;SEASHELLS;1236;16
730500;SUBMISSION;;VEV_4500;SEASHELLS;731;10
730500;SUBMISSION;;VEV_4500;SEASHELLS;733;19
730600;SUBMISSION;;VEV_4000;SEASHELLS;1234;7
730600;SUBMISSION;;VEV_4000;SEASHELLS;1236;18
730600;SUBMISSION;;VEV_4500;SEASHELLS;731;7
730600;SUBMISSION;;VEV_4500;SEASHELLS;733;18
730700;SUBMISSION;;VEV_4000;SEASHELLS;1235;15
730700;SUBMISSION;;VEV_4000;SEASHELLS;1237;15
730700;SUBMISSION;;VEV_4500;SEASHELLS;732;7
730700;SUBMISSION;;VEV_4500;SEASHELLS;734;16
730800;SUBMISSION;;VEV_4000;SEASHELLS;1236;10
730800;SUBMISSION;;VEV_4000;SEASHELLS;1238;20
730800;SUBMISSION;;VEV_4500;SEASHELLS;733;6
730800;SUBMISSION;;VEV_4500;SEASHELLS;735;7
730900;SUBMISSION;;VEV_4000;SEASHELLS;1236;7
730900;SUBMISSION;;VEV_4000;SEASHELLS;1239;9
736100;;SUBMISSION;VEV_4000;SEASHELLS;1234;1
736200;SUBMISSION;;HYDROGEL_PACK;SEASHELLS;10010;6
736200;SUBMISSION;;VEV_4000;SEASHELLS;1238;1
737500;;SUBMISSION;VELVETFRUIT_EXTRACT;SEASHELLS;5222;3
737600;SUBMISSION;;VELVETFRUIT_EXTRACT;SEASHELLS;5227;3
739000;SUBMISSION;;HYDROGEL_PACK;SEASHELLS;10002;4
739600;;SUBMISSION;VEV_4000;SEASHELLS;1222;3
739700;SUBMISSION;;VEV_4000;SEASHELLS;1227;3
739900;;SUBMISSION;VELVETFRUIT_EXTRACT;SEASHELLS;5213;4
740000;SUBMISSION;;HYDROGEL_PACK;SEASHELLS;10007;4
740000;SUBMISSION;;VELVETFRUIT_EXTRACT;SEASHELLS;5216;4
740300;;SUBMISSION;VELVETFRUIT_EXTRACT;SEASHELLS;5215;7
740400;SUBMISSION;;VELVETFRUIT_EXTRACT;SEASHELLS;5216;7
743500;SUBMISSION;;HYDROGEL_PACK;SEASHELLS;10009;5
744200;;SUBMISSION;VELVETFRUIT_EXTRACT;SEASHELLS;5207;8
744300;SUBMISSION;;VELVETFRUIT_EXTRACT;SEASHELLS;5211;8
746900;;SUBMISSION;VEV_4000;SEASHELLS;1216;1
747000;SUBMISSION;;VEV_4000;SEASHELLS;1221;1
747700;SUBMISSION;;HYDROGEL_PACK;SEASHELLS;9994;3
752300;;SUBMISSION;VEV_4000;SEASHELLS;1225;2
752400;SUBMISSION;;VEV_4000;SEASHELLS;1231;2
752500;SUBMISSION;;HYDROGEL_PACK;SEASHELLS;10002;5
755000;SUBMISSION;;HYDROGEL_PACK;SEASHELLS;10007;4
757200;;SUBMISSION;VEV_4000;SEASHELLS;1225;2
757300;SUBMISSION;;VEV_4000;SEASHELLS;1230;2
758800;;SUBMISSION;HYDROGEL_PACK;SEASHELLS;10016;12
758800;;SUBMISSION;HYDROGEL_PACK;SEASHELLS;10014;18
759200;;SUBMISSION;HYDROGEL_PACK;SEASHELLS;10017;1
759500;SUBMISSION;;HYDROGEL_PACK;SEASHELLS;10021;2
759600;;SUBMISSION;HYDROGEL_PACK;SEASHELLS;10018;2
762200;;SUBMISSION;VEV_4000;SEASHELLS;1231;2
762300;SUBMISSION;;VEV_4000;SEASHELLS;1238;2
762800;;SUBMISSION;VELVETFRUIT_EXTRACT;SEASHELLS;5227;6
762900;SUBMISSION;;VELVETFRUIT_EXTRACT;SEASHELLS;5229;6
766000;;SUBMISSION;VELVETFRUIT_EXTRACT;SEASHELLS;5224;4
766100;SUBMISSION;;VELVETFRUIT_EXTRACT;SEASHELLS;5229;4
766500;SUBMISSION;;HYDROGEL_PACK;SEASHELLS;10044;4
766600;;SUBMISSION;HYDROGEL_PACK;SEASHELLS;10039;4
771800;;SUBMISSION;VELVETFRUIT_EXTRACT;SEASHELLS;5232;6
774200;;SUBMISSION;VEV_4000;SEASHELLS;1238;2
775300;SUBMISSION;;HYDROGEL_PACK;SEASHELLS;10034;4
775400;;SUBMISSION;HYDROGEL_PACK;SEASHELLS;10028;4
775500;;SUBMISSION;VELVETFRUIT_EXTRACT;SEASHELLS;5238;7
777200;;SUBMISSION;VELVETFRUIT_EXTRACT;SEASHELLS;5237;10
779700;;SUBMISSION;VELVETFRUIT_EXTRACT;SEASHELLS;5242;4
781100;;SUBMISSION;VELVETFRUIT_EXTRACT;SEASHELLS;5237;7
784000;SUBMISSION;;HYDROGEL_PACK;SEASHELLS;10020;6
784500;;SUBMISSION;HYDROGEL_PACK;SEASHELLS;10018;6
787000;;SUBMISSION;VELVETFRUIT_EXTRACT;SEASHELLS;5247;6
787400;SUBMISSION;;HYDROGEL_PACK;SEASHELLS;10018;5
793900;;SUBMISSION;VELVETFRUIT_EXTRACT;SEASHELLS;5242;5
795400;SUBMISSION;;HYDROGEL_PACK;SEASHELLS;9984;6
796100;;SUBMISSION;VELVETFRUIT_EXTRACT;SEASHELLS;5241;5
796600;;SUBMISSION;VELVETFRUIT_EXTRACT;SEASHELLS;5240;7
798800;SUBMISSION;;VELVETFRUIT_EXTRACT;SEASHELLS;5241;12
798800;;SUBMISSION;VELVETFRUIT_EXTRACT;SEASHELLS;5241;12
798900;;SUBMISSION;VELVETFRUIT_EXTRACT;SEASHELLS;5241;8
800000;;SUBMISSION;VEV_4000;SEASHELLS;1255;1
803000;;SUBMISSION;VELVETFRUIT_EXTRACT;SEASHELLS;5253;3
805000;;SUBMISSION;VELVETFRUIT_EXTRACT;SEASHELLS;5256;3
807300;;SUBMISSION;VELVETFRUIT_EXTRACT;SEASHELLS;5260;6
810000;;SUBMISSION;VELVETFRUIT_EXTRACT;SEASHELLS;5254;5
812600;;SUBMISSION;VELVETFRUIT_EXTRACT;SEASHELLS;5248;5
812700;SUBMISSION;;HYDROGEL_PACK;SEASHELLS;10010;3
814600;;SUBMISSION;HYDROGEL_PACK;SEASHELLS;10019;14
815900;;SUBMISSION;VELVETFRUIT_EXTRACT;SEASHELLS;5243;3
816800;;SUBMISSION;VEV_4000;SEASHELLS;1248;3
822500;;SUBMISSION;VELVETFRUIT_EXTRACT;SEASHELLS;5252;5
823500;;SUBMISSION;VELVETFRUIT_EXTRACT;SEASHELLS;5251;8
824000;SUBMISSION;;HYDROGEL_PACK;SEASHELLS;10033;4
824100;;SUBMISSION;HYDROGEL_PACK;SEASHELLS;10024;4
825200;;SUBMISSION;VELVETFRUIT_EXTRACT;SEASHELLS;5253;4
825500;;SUBMISSION;VEV_4000;SEASHELLS;1261;3
825600;;SUBMISSION;VELVETFRUIT_EXTRACT;SEASHELLS;5257;6
825700;;SUBMISSION;VELVETFRUIT_EXTRACT;SEASHELLS;5256;6
827000;SUBMISSION;;HYDROGEL_PACK;SEASHELLS;10030;5
827100;;SUBMISSION;HYDROGEL_PACK;SEASHELLS;10022;5
827300;;SUBMISSION;VEV_4000;SEASHELLS;1259;2
827900;;SUBMISSION;VELVETFRUIT_EXTRACT;SEASHELLS;5253;3
828400;;SUBMISSION;VELVETFRUIT_EXTRACT;SEASHELLS;5256;3
829800;;SUBMISSION;VELVETFRUIT_EXTRACT;SEASHELLS;5252;7
830500;SUBMISSION;;VELVETFRUIT_EXTRACT;SEASHELLS;5252;11
830600;SUBMISSION;;HYDROGEL_PACK;SEASHELLS;10031;3
830700;;SUBMISSION;HYDROGEL_PACK;SEASHELLS;10023;3
831300;;SUBMISSION;VELVETFRUIT_EXTRACT;SEASHELLS;5255;3
833300;;SUBMISSION;VEV_4000;SEASHELLS;1260;2
833700;;SUBMISSION;VELVETFRUIT_EXTRACT;SEASHELLS;5256;5
834000;SUBMISSION;;HYDROGEL_PACK;SEASHELLS;10023;4
834500;;SUBMISSION;HYDROGEL_PACK;SEASHELLS;10021;4
842800;SUBMISSION;;HYDROGEL_PACK;SEASHELLS;10013;6
843700;;SUBMISSION;HYDROGEL_PACK;SEASHELLS;10021;6
844300;;SUBMISSION;VELVETFRUIT_EXTRACT;SEASHELLS;5260;7
848300;;SUBMISSION;VELVETFRUIT_EXTRACT;SEASHELLS;5258;7
849400;SUBMISSION;;HYDROGEL_PACK;SEASHELLS;10001;6
856600;SUBMISSION;;HYDROGEL_PACK;SEASHELLS;10007;2
861800;SUBMISSION;;HYDROGEL_PACK;SEASHELLS;10002;6
863300;SUBMISSION;;HYDROGEL_PACK;SEASHELLS;9995;5
864200;SUBMISSION;;HYDROGEL_PACK;SEASHELLS;9995;3
867500;SUBMISSION;;HYDROGEL_PACK;SEASHELLS;9997;6
869900;SUBMISSION;;HYDROGEL_PACK;SEASHELLS;9992;2
872400;SUBMISSION;;VELVETFRUIT_EXTRACT;SEASHELLS;5248;15
872400;;SUBMISSION;VELVETFRUIT_EXTRACT;SEASHELLS;5248;15
873800;SUBMISSION;;VELVETFRUIT_EXTRACT;SEASHELLS;5245;14
875900;;SUBMISSION;VEV_4000;SEASHELLS;1254;1
876900;SUBMISSION;;HYDROGEL_PACK;SEASHELLS;9982;5
881200;;SUBMISSION;VELVETFRUIT_EXTRACT;SEASHELLS;5251;4
886000;;SUBMISSION;VELVETFRUIT_EXTRACT;SEASHELLS;5263;3
887000;;SUBMISSION;VELVETFRUIT_EXTRACT;SEASHELLS;5266;4
891400;;SUBMISSION;VELVETFRUIT_EXTRACT;SEASHELLS;5266;4
891600;SUBMISSION;;HYDROGEL_PACK;SEASHELLS;9980;6
891800;;SUBMISSION;VELVETFRUIT_EXTRACT;SEASHELLS;5270;7
892900;;SUBMISSION;VELVETFRUIT_EXTRACT;SEASHELLS;5273;5
893100;;SUBMISSION;VEV_5100;SEASHELLS;182;25
893200;;SUBMISSION;VEV_5100;SEASHELLS;183;7
893200;;SUBMISSION;VEV_5100;SEASHELLS;182;14
893300;;SUBMISSION;VEV_5000;SEASHELLS;275;12
893300;;SUBMISSION;VEV_5000;SEASHELLS;274;18
893300;;SUBMISSION;VEV_5100;SEASHELLS;183;12
893300;;SUBMISSION;VEV_5100;SEASHELLS;182;18
893400;;SUBMISSION;VEV_5100;SEASHELLS;182;26
893500;;SUBMISSION;VEV_5100;SEASHELLS;182;6
893500;;SUBMISSION;VEV_5100;SEASHELLS;181;16
894000;;SUBMISSION;VEV_5100;SEASHELLS;181;26
894100;;SUBMISSION;VEV_5000;SEASHELLS;275;11
894100;;SUBMISSION;VEV_5000;SEASHELLS;274;19
894100;;SUBMISSION;VEV_5100;SEASHELLS;183;11
894100;;SUBMISSION;VEV_5100;SEASHELLS;182;19
894200;;SUBMISSION;VEV_5000;SEASHELLS;276;11
894200;;SUBMISSION;VEV_5000;SEASHELLS;275;19
894200;;SUBMISSION;VEV_5100;SEASHELLS;183;30
894300;;SUBMISSION;VEV_5100;SEASHELLS;182;25
894400;;SUBMISSION;VEV_5100;SEASHELLS;181;24
894800;;SUBMISSION;VEV_4000;SEASHELLS;1277;2
897300;;SUBMISSION;VEV_5100;SEASHELLS;181;12
897300;;SUBMISSION;VEV_5100;SEASHELLS;180;17
897500;;SUBMISSION;VEV_5100;SEASHELLS;181;11
897500;;SUBMISSION;VEV_5100;SEASHELLS;180;19
897600;;SUBMISSION;VEV_5000;SEASHELLS;275;22
897600;;SUBMISSION;VEV_5100;SEASHELLS;183;10
897600;;SUBMISSION;VEV_5100;SEASHELLS;182;12
897700;;SUBMISSION;VEV_5100;SEASHELLS;182;22
897800;;SUBMISSION;VEV_5000;SEASHELLS;275;30
897800;;SUBMISSION;VEV_5100;SEASHELLS;183;10
897800;;SUBMISSION;VEV_5100;SEASHELLS;182;20
897900;;SUBMISSION;VEV_5000;SEASHELLS;276;7
897900;;SUBMISSION;VEV_5000;SEASHELLS;275;12
897900;;SUBMISSION;VEV_5100;SEASHELLS;184;7
897900;;SUBMISSION;VEV_5100;SEASHELLS;183;12
898000;;SUBMISSION;VEV_5000;SEASHELLS;276;6
898000;;SUBMISSION;VEV_5000;SEASHELLS;275;14
898000;;SUBMISSION;VEV_5100;SEASHELLS;183;20
898100;;SUBMISSION;VELVETFRUIT_EXTRACT;SEASHELLS;5277;22
898100;;SUBMISSION;VELVETFRUIT_EXTRACT;SEASHELLS;5276;8
898100;SUBMISSION;;VELVETFRUIT_EXTRACT;SEASHELLS;5277;8
898100;;SUBMISSION;VEV_4000;SEASHELLS;1268;9
898100;;SUBMISSION;VEV_4000;SEASHELLS;1266;18
898100;;SUBMISSION;VEV_4500;SEASHELLS;771;12
898100;;SUBMISSION;VEV_4500;SEASHELLS;769;18
898100;;SUBMISSION;VEV_5000;SEASHELLS;278;12
898100;;SUBMISSION;VEV_5000;SEASHELLS;277;18
898100;;SUBMISSION;VEV_5100;SEASHELLS;185;12
898100;;SUBMISSION;VEV_5100;SEASHELLS;184;18
898100;;SUBMISSION;VEV_5200;SEASHELLS;106;30
898200;;SUBMISSION;VEV_4000;SEASHELLS;1267;12
898200;;SUBMISSION;VEV_4000;SEASHELLS;1265;18
898200;;SUBMISSION;VEV_4500;SEASHELLS;770;8
898200;;SUBMISSION;VEV_4500;SEASHELLS;768;13
898200;;SUBMISSION;VEV_5000;SEASHELLS;276;21
898200;;SUBMISSION;VEV_5100;SEASHELLS;184;8
898200;;SUBMISSION;VEV_5100;SEASHELLS;183;13
898200;;SUBMISSION;VEV_5200;SEASHELLS;105;21
898300;;SUBMISSION;VELVETFRUIT_EXTRACT;SEASHELLS;5277;30
898300;;SUBMISSION;VEV_4000;SEASHELLS;1269;13
898300;;SUBMISSION;VEV_4000;SEASHELLS;1267;17
898300;;SUBMISSION;VEV_4500;SEASHELLS;772;9
898300;;SUBMISSION;VEV_4500;SEASHELLS;770;21
898300;;SUBMISSION;VEV_5000;SEASHELLS;278;30
898300;;SUBMISSION;VEV_5100;SEASHELLS;186;9
898300;;SUBMISSION;VEV_5100;SEASHELLS;185;21
898300;;SUBMISSION;VEV_5200;SEASHELLS;107;30
898400;;SUBMISSION;VELVETFRUIT_EXTRACT;SEASHELLS;5279;24
898400;;SUBMISSION;VELVETFRUIT_EXTRACT;SEASHELLS;5278;6
898400;;SUBMISSION;VEV_4000;SEASHELLS;1271;14
898400;;SUBMISSION;VEV_4000;SEASHELLS;1268;16
898400;;SUBMISSION;VEV_4500;SEASHELLS;773;10
898400;;SUBMISSION;VEV_4500;SEASHELLS;771;14
898400;;SUBMISSION;VEV_5000;SEASHELLS;280;10
898400;;SUBMISSION;VEV_5000;SEASHELLS;279;14
898400;;SUBMISSION;VEV_5100;SEASHELLS;187;10
898400;;SUBMISSION;VEV_5100;SEASHELLS;186;14
898400;;SUBMISSION;VEV_5200;SEASHELLS;108;24
898500;;SUBMISSION;VELVETFRUIT_EXTRACT;SEASHELLS;5279;30
898500;;SUBMISSION;VEV_4000;SEASHELLS;1271;12
898500;;SUBMISSION;VEV_4000;SEASHELLS;1268;15
898500;;SUBMISSION;VEV_4500;SEASHELLS;773;11
898500;;SUBMISSION;VEV_4500;SEASHELLS;771;19
898500;;SUBMISSION;VEV_5000;SEASHELLS;280;11
898500;;SUBMISSION;VEV_5000;SEASHELLS;279;19
898500;;SUBMISSION;VEV_5100;SEASHELLS;187;30
898500;;SUBMISSION;VEV_5200;SEASHELLS;108;30
898600;;SUBMISSION;VELVETFRUIT_EXTRACT;SEASHELLS;5278;30
898600;;SUBMISSION;VEV_5000;SEASHELLS;279;30
898600;;SUBMISSION;VEV_5100;SEASHELLS;186;24
898600;;SUBMISSION;VEV_5200;SEASHELLS;108;12
898600;;SUBMISSION;VEV_5200;SEASHELLS;107;18
898700;;SUBMISSION;VELVETFRUIT_EXTRACT;SEASHELLS;5279;16
898700;;SUBMISSION;VELVETFRUIT_EXTRACT;SEASHELLS;5278;14
898700;;SUBMISSION;VEV_4000;SEASHELLS;1270;11
898700;;SUBMISSION;VEV_4000;SEASHELLS;1268;18
898700;;SUBMISSION;VEV_4500;SEASHELLS;773;7
898700;;SUBMISSION;VEV_4500;SEASHELLS;771;16
898700;;SUBMISSION;VEV_5000;SEASHELLS;280;7
898700;;SUBMISSION;VEV_5000;SEASHELLS;279;16
898700;;SUBMISSION;VEV_5200;SEASHELLS;108;23
898800;;SUBMISSION;VELVETFRUIT_EXTRACT;SEASHELLS;5278;19
898800;;SUBMISSION;VELVETFRUIT_EXTRACT;SEASHELLS;5277;11
898800;;SUBMISSION;VEV_4000;SEASHELLS;1269;15
898800;;SUBMISSION;VEV_4000;SEASHELLS;1267;15
898800;;SUBMISSION;VEV_4500;SEASHELLS;772;7
898800;;SUBMISSION;VEV_4500;SEASHELLS;770;13
898800;;SUBMISSION;VEV_5000;SEASHELLS;279;7
898800;;SUBMISSION;VEV_5000;SEASHELLS;278;13
898800;;SUBMISSION;VEV_5200;SEASHELLS;107;20
898900;;SUBMISSION;VELVETFRUIT_EXTRACT;SEASHELLS;5278;30
898900;;SUBMISSION;VEV_4000;SEASHELLS;1270;13
898900;;SUBMISSION;VEV_4000;SEASHELLS;1268;17
898900;;SUBMISSION;VEV_4500;SEASHELLS;773;12
898900;;SUBMISSION;VEV_4500;SEASHELLS;771;18
898900;;SUBMISSION;VEV_5000;SEASHELLS;279;30
898900;;SUBMISSION;VEV_5200;SEASHELLS;108;12
898900;;SUBMISSION;VEV_5200;SEASHELLS;107;18
899000;;SUBMISSION;VELVETFRUIT_EXTRACT;SEASHELLS;5279;2
899000;;SUBMISSION;VEV_4000;SEASHELLS;1271;10
899000;;SUBMISSION;VEV_4000;SEASHELLS;1268;20
899000;;SUBMISSION;VEV_4500;SEASHELLS;773;11
899000;;SUBMISSION;VEV_4500;SEASHELLS;771;19
899000;;SUBMISSION;VEV_5000;SEASHELLS;280;11
899000;;SUBMISSION;VEV_5000;SEASHELLS;279;19
899000;;SUBMISSION;VEV_5200;SEASHELLS;108;30
899100;;SUBMISSION;VEV_4000;SEASHELLS;1270;12
899100;;SUBMISSION;VEV_4000;SEASHELLS;1268;18
899100;;SUBMISSION;VEV_4500;SEASHELLS;773;8
899100;;SUBMISSION;VEV_4500;SEASHELLS;771;17
899100;;SUBMISSION;VEV_5000;SEASHELLS;279;25
899100;;SUBMISSION;VEV_5200;SEASHELLS;108;8
899100;;SUBMISSION;VEV_5200;SEASHELLS;107;17
899200;;SUBMISSION;VEV_4000;SEASHELLS;1270;10
899200;;SUBMISSION;VEV_4000;SEASHELLS;1268;20
899200;;SUBMISSION;VEV_4500;SEASHELLS;773;10
899200;;SUBMISSION;VEV_4500;SEASHELLS;771;12
899200;;SUBMISSION;VEV_5000;SEASHELLS;279;22
899200;;SUBMISSION;VEV_5200;SEASHELLS;108;10
899200;;SUBMISSION;VEV_5200;SEASHELLS;107;12
899300;;SUBMISSION;VEV_4000;SEASHELLS;1272;12
899300;;SUBMISSION;VEV_4000;SEASHELLS;1269;18
899300;;SUBMISSION;VEV_4500;SEASHELLS;774;7
899300;;SUBMISSION;VEV_4500;SEASHELLS;772;15
899300;;SUBMISSION;VEV_5000;SEASHELLS;281;7
899300;;SUBMISSION;VEV_5000;SEASHELLS;280;15
899300;;SUBMISSION;VEV_5200;SEASHELLS;109;7
899300;;SUBMISSION;VEV_5200;SEASHELLS;108;15
899300;;SUBMISSION;VEV_5300;SEASHELLS;53;6
899300;;SUBMISSION;VEV_5300;SEASHELLS;52;17
899400;;SUBMISSION;VEV_4000;SEASHELLS;1271;8
899400;;SUBMISSION;VEV_4000;SEASHELLS;1269;15
899400;;SUBMISSION;VEV_4500;SEASHELLS;774;6
899400;;SUBMISSION;VEV_4500;SEASHELLS;772;16
899400;;SUBMISSION;VEV_5000;SEASHELLS;280;22
899400;;SUBMISSION;VEV_5200;SEASHELLS;108;22
899500;;SUBMISSION;VEV_4000;SEASHELLS;1272;14
899500;;SUBMISSION;VEV_4000;SEASHELLS;1270;16
899500;;SUBMISSION;VEV_4500;SEASHELLS;775;6
899500;;SUBMISSION;VEV_4500;SEASHELLS;773;22
899500;;SUBMISSION;VEV_5000;SEASHELLS;281;6
899500;;SUBMISSION;VEV_5000;SEASHELLS;280;22
899500;;SUBMISSION;VEV_5200;SEASHELLS;109;28
899500;;SUBMISSION;VEV_5300;SEASHELLS;53;21
899600;;SUBMISSION;VEV_4000;SEASHELLS;1272;12
899600;;SUBMISSION;VEV_4000;SEASHELLS;1269;17
899600;;SUBMISSION;VEV_4500;SEASHELLS;774;11
899600;;SUBMISSION;VEV_4500;SEASHELLS;772;13
899600;;SUBMISSION;VEV_5000;SEASHELLS;281;11
899600;;SUBMISSION;VEV_5000;SEASHELLS;280;11
899600;;SUBMISSION;VEV_5200;SEASHELLS;109;24
899600;;SUBMISSION;VEV_5300;SEASHELLS;53;6
899600;;SUBMISSION;VEV_5300;SEASHELLS;52;15
899700;;SUBMISSION;VEV_4000;SEASHELLS;1273;9
899700;;SUBMISSION;VEV_4000;SEASHELLS;1270;21
899700;;SUBMISSION;VEV_4500;SEASHELLS;775;11
899700;;SUBMISSION;VEV_4500;SEASHELLS;773;16
899700;;SUBMISSION;VEV_5200;SEASHELLS;110;11
899700;;SUBMISSION;VEV_5200;SEASHELLS;109;16
899700;;SUBMISSION;VEV_5300;SEASHELLS;53;22
899800;;SUBMISSION;VEV_4000;SEASHELLS;1274;15
899800;;SUBMISSION;VEV_4000;SEASHELLS;1271;15
899800;;SUBMISSION;VEV_4500;SEASHELLS;776;12
899800;;SUBMISSION;VEV_4500;SEASHELLS;774;18
899800;;SUBMISSION;VEV_5200;SEASHELLS;110;30
899800;;SUBMISSION;VEV_5300;SEASHELLS;54;5
899800;;SUBMISSION;VEV_5300;SEASHELLS;53;13
899900;SUBMISSION;;HYDROGEL_PACK;SEASHELLS;10006;3
899900;;SUBMISSION;VEV_4000;SEASHELLS;1274;15
899900;;SUBMISSION;VEV_4000;SEASHELLS;1271;15
899900;;SUBMISSION;VEV_4500;SEASHELLS;776;9
899900;;SUBMISSION;VEV_4500;SEASHELLS;774;20
899900;;SUBMISSION;VEV_5200;SEASHELLS;110;29
899900;;SUBMISSION;VEV_5300;SEASHELLS;54;8
899900;;SUBMISSION;VEV_5300;SEASHELLS;53;15
900000;;SUBMISSION;VEV_4000;SEASHELLS;1275;9
900000;;SUBMISSION;VEV_4000;SEASHELLS;1273;21
900000;;SUBMISSION;VEV_4500;SEASHELLS;778;11
900000;;SUBMISSION;VEV_4500;SEASHELLS;776;13
900000;;SUBMISSION;VEV_5200;SEASHELLS;111;24
900000;;SUBMISSION;VEV_5300;SEASHELLS;54;27
900000;;SUBMISSION;VEV_5400;SEASHELLS;18;27
900100;;SUBMISSION;VEV_4000;SEASHELLS;1276;7
900100;;SUBMISSION;VEV_4000;SEASHELLS;1273;12
900100;;SUBMISSION;VEV_4500;SEASHELLS;778;9
900100;;SUBMISSION;VEV_4500;SEASHELLS;776;21
900100;;SUBMISSION;VEV_5200;SEASHELLS;112;9
900100;;SUBMISSION;VEV_5200;SEASHELLS;111;21
900100;;SUBMISSION;VEV_5300;SEASHELLS;54;25
900100;;SUBMISSION;VEV_5400;SEASHELLS;18;25
900200;;SUBMISSION;VEV_4500;SEASHELLS;778;9
900200;;SUBMISSION;VEV_4500;SEASHELLS;776;21
900200;;SUBMISSION;VEV_5200;SEASHELLS;111;30
900200;;SUBMISSION;VEV_5300;SEASHELLS;54;23
900200;;SUBMISSION;VEV_5400;SEASHELLS;18;9
900200;;SUBMISSION;VEV_5400;SEASHELLS;17;14
900300;;SUBMISSION;VEV_4500;SEASHELLS;779;10
900300;;SUBMISSION;VEV_4500;SEASHELLS;777;15
900300;;SUBMISSION;VEV_5200;SEASHELLS;112;9
900300;;SUBMISSION;VEV_5300;SEASHELLS;55;7
900300;;SUBMISSION;VEV_5300;SEASHELLS;54;18
900300;;SUBMISSION;VEV_5400;SEASHELLS;18;25
900400;;SUBMISSION;VEV_4500;SEASHELLS;777;7
900400;;SUBMISSION;VEV_4500;SEASHELLS;775;7
900400;;SUBMISSION;VEV_5300;SEASHELLS;54;22
900500;SUBMISSION;;VELVETFRUIT_EXTRACT;SEASHELLS;5286;3
900500;;SUBMISSION;VEV_5300;SEASHELLS;53;17
900600;;SUBMISSION;VELVETFRUIT_EXTRACT;SEASHELLS;5280;3
900600;;SUBMISSION;VEV_5300;SEASHELLS;53;30
900700;;SUBMISSION;VEV_5300;SEASHELLS;53;26
900800;;SUBMISSION;VEV_5300;SEASHELLS;54;27
900900;;SUBMISSION;VEV_5300;SEASHELLS;53;22
901000;SUBMISSION;;VELVETFRUIT_EXTRACT;SEASHELLS;5285;8
901000;;SUBMISSION;VEV_5300;SEASHELLS;53;21
901100;;SUBMISSION;VELVETFRUIT_EXTRACT;SEASHELLS;5281;8
901100;;SUBMISSION;VEV_5300;SEASHELLS;53;25
901200;;SUBMISSION;VEV_5300;SEASHELLS;53;18
901300;;SUBMISSION;VEV_5300;SEASHELLS;53;27
901400;;SUBMISSION;VEV_5300;SEASHELLS;53;27
901500;;SUBMISSION;VEV_5300;SEASHELLS;53;23
901800;SUBMISSION;;VELVETFRUIT_EXTRACT;SEASHELLS;5283;8
901900;;SUBMISSION;VELVETFRUIT_EXTRACT;SEASHELLS;5280;8
901900;;SUBMISSION;VEV_5300;SEASHELLS;53;9
901900;;SUBMISSION;VEV_5300;SEASHELLS;52;12
902000;;SUBMISSION;VEV_5300;SEASHELLS;53;19
902100;;SUBMISSION;VEV_5300;SEASHELLS;53;19
902200;;SUBMISSION;VEV_5300;SEASHELLS;54;6
902200;;SUBMISSION;VEV_5300;SEASHELLS;53;12
903600;SUBMISSION;;HYDROGEL_PACK;SEASHELLS;10004;4
913200;SUBMISSION;;HYDROGEL_PACK;SEASHELLS;9997;2
915400;SUBMISSION;;VELVETFRUIT_EXTRACT;SEASHELLS;5285;7
915500;;SUBMISSION;VELVETFRUIT_EXTRACT;SEASHELLS;5281;7
915800;;SUBMISSION;VEV_5400;SEASHELLS;18;8
915800;;SUBMISSION;VEV_5400;SEASHELLS;17;18
915900;;SUBMISSION;VEV_5400;SEASHELLS;18;27
924100;SUBMISSION;;VELVETFRUIT_EXTRACT;SEASHELLS;5289;6
924200;;SUBMISSION;VELVETFRUIT_EXTRACT;SEASHELLS;5284;6
927700;SUBMISSION;;HYDROGEL_PACK;SEASHELLS;9986;4
928800;SUBMISSION;;HYDROGEL_PACK;SEASHELLS;9981;6
929100;SUBMISSION;;VELVETFRUIT_EXTRACT;SEASHELLS;5281;8
929400;;SUBMISSION;VELVETFRUIT_EXTRACT;SEASHELLS;5277;8
929600;SUBMISSION;;HYDROGEL_PACK;SEASHELLS;9991;6
933200;SUBMISSION;;VELVETFRUIT_EXTRACT;SEASHELLS;5280;6
933600;;SUBMISSION;VELVETFRUIT_EXTRACT;SEASHELLS;5277;6
934300;SUBMISSION;;VELVETFRUIT_EXTRACT;SEASHELLS;5279;8
934400;;SUBMISSION;VELVETFRUIT_EXTRACT;SEASHELLS;5277;8
935400;SUBMISSION;;HYDROGEL_PACK;SEASHELLS;10021;3
936000;SUBMISSION;;VELVETFRUIT_EXTRACT;SEASHELLS;5277;7
936600;SUBMISSION;;VELVETFRUIT_EXTRACT;SEASHELLS;5274;8
940500;SUBMISSION;;HYDROGEL_PACK;SEASHELLS;10007;2
941000;SUBMISSION;;VELVETFRUIT_EXTRACT;SEASHELLS;5274;9
941900;SUBMISSION;;HYDROGEL_PACK;SEASHELLS;10008;2
942700;SUBMISSION;;VELVETFRUIT_EXTRACT;SEASHELLS;5273;3
944300;SUBMISSION;;HYDROGEL_PACK;SEASHELLS;9992;5
947800;;SUBMISSION;VELVETFRUIT_EXTRACT;SEASHELLS;5277;24
947800;;SUBMISSION;VELVETFRUIT_EXTRACT;SEASHELLS;5276;3
947900;SUBMISSION;;HYDROGEL_PACK;SEASHELLS;9986;6
947900;SUBMISSION;;VELVETFRUIT_EXTRACT;SEASHELLS;5279;5
948500;SUBMISSION;;VEV_5300;SEASHELLS;50;5
949800;SUBMISSION;;HYDROGEL_PACK;SEASHELLS;9980;6
955900;SUBMISSION;;VELVETFRUIT_EXTRACT;SEASHELLS;5277;6
957400;SUBMISSION;;VELVETFRUIT_EXTRACT;SEASHELLS;5279;5
958400;SUBMISSION;;HYDROGEL_PACK;SEASHELLS;9996;4
960400;SUBMISSION;;VELVETFRUIT_EXTRACT;SEASHELLS;5271;4
961700;SUBMISSION;;HYDROGEL_PACK;SEASHELLS;9993;5
961700;SUBMISSION;;VEV_4000;SEASHELLS;1264;3
964300;SUBMISSION;;VELVETFRUIT_EXTRACT;SEASHELLS;5268;4
965500;SUBMISSION;;HYDROGEL_PACK;SEASHELLS;10001;6
965600;SUBMISSION;;VEV_4000;SEASHELLS;1262;3
970000;SUBMISSION;;VELVETFRUIT_EXTRACT;SEASHELLS;5264;8
972800;SUBMISSION;;VEV_5300;SEASHELLS;47;2
974300;SUBMISSION;;VELVETFRUIT_EXTRACT;SEASHELLS;5270;5
975900;SUBMISSION;;VEV_4000;SEASHELLS;1267;1
976200;SUBMISSION;;HYDROGEL_PACK;SEASHELLS;10001;2
977200;SUBMISSION;;VELVETFRUIT_EXTRACT;SEASHELLS;5271;5
977300;SUBMISSION;;VEV_5300;SEASHELLS;47;4
977500;SUBMISSION;;VEV_5300;SEASHELLS;47;2
978200;SUBMISSION;;VEV_4000;SEASHELLS;1264;2
981200;SUBMISSION;;VELVETFRUIT_EXTRACT;SEASHELLS;5275;3
982000;;SUBMISSION;HYDROGEL_PACK;SEASHELLS;10002;2
982500;SUBMISSION;;VEV_4000;SEASHELLS;1268;2
983700;;SUBMISSION;HYDROGEL_PACK;SEASHELLS;10004;2
984200;;SUBMISSION;HYDROGEL_PACK;SEASHELLS;10008;3
984700;SUBMISSION;;HYDROGEL_PACK;SEASHELLS;9988;5
985000;SUBMISSION;;VELVETFRUIT_EXTRACT;SEASHELLS;5278;4
986100;SUBMISSION;;VELVETFRUIT_EXTRACT;SEASHELLS;5281;6
986500;;SUBMISSION;VELVETFRUIT_EXTRACT;SEASHELLS;5279;21
986500;;SUBMISSION;VELVETFRUIT_EXTRACT;SEASHELLS;5278;9
986500;;SUBMISSION;VEV_4000;SEASHELLS;1270;10
986500;;SUBMISSION;VEV_4000;SEASHELLS;1268;1
986600;;SUBMISSION;VELVETFRUIT_EXTRACT;SEASHELLS;5277;25
989000;;SUBMISSION;VEV_5300;SEASHELLS;53;13
989400;;SUBMISSION;VEV_5400;SEASHELLS;18;30
989800;;SUBMISSION;VEV_5400;SEASHELLS;18;25
990000;;SUBMISSION;VEV_5400;SEASHELLS;18;20
990100;;SUBMISSION;VEV_5400;SEASHELLS;18;28
990200;;SUBMISSION;VEV_5400;SEASHELLS;18;18
990300;;SUBMISSION;VEV_5400;SEASHELLS;18;24
990400;;SUBMISSION;VEV_5400;SEASHELLS;18;25
991400;;SUBMISSION;VEV_5400;SEASHELLS;18;29
991500;;SUBMISSION;VEV_5400;SEASHELLS;18;26
991600;;SUBMISSION;VEV_5400;SEASHELLS;18;26
991700;;SUBMISSION;VEV_5400;SEASHELLS;18;22
991800;;SUBMISSION;VEV_5400;SEASHELLS;18;25
992200;;SUBMISSION;VEV_5400;SEASHELLS;18;18
992900;SUBMISSION;;VELVETFRUIT_EXTRACT;SEASHELLS;5286;8
993000;;SUBMISSION;VELVETFRUIT_EXTRACT;SEASHELLS;5281;8
993400;;SUBMISSION;HYDROGEL_PACK;SEASHELLS;10022;14
993400;;SUBMISSION;HYDROGEL_PACK;SEASHELLS;10019;16
993500;;SUBMISSION;HYDROGEL_PACK;SEASHELLS;10023;11
993500;;SUBMISSION;HYDROGEL_PACK;SEASHELLS;10020;19
993600;;SUBMISSION;HYDROGEL_PACK;SEASHELLS;10024;10
993600;;SUBMISSION;HYDROGEL_PACK;SEASHELLS;10021;20
993800;;SUBMISSION;HYDROGEL_PACK;SEASHELLS;10022;10
993800;;SUBMISSION;HYDROGEL_PACK;SEASHELLS;10019;5
993800;SUBMISSION;;VEV_5300;SEASHELLS;51;5
993800;SUBMISSION;;VEV_5400;SEASHELLS;17;5
994800;SUBMISSION;;HYDROGEL_PACK;SEASHELLS;10016;4
995700;;SUBMISSION;VEV_5300;SEASHELLS;54;5
995800;;SUBMISSION;VEV_5400;SEASHELLS;18;26
995900;;SUBMISSION;VEV_5400;SEASHELLS;18;19
996000;;SUBMISSION;VEV_5400;SEASHELLS;18;20
996100;;SUBMISSION;VEV_5400;SEASHELLS;18;22
996200;;SUBMISSION;VEV_5400;SEASHELLS;19;29
996300;SUBMISSION;;VELVETFRUIT_EXTRACT;SEASHELLS;5294;3
996300;;SUBMISSION;VEV_5400;SEASHELLS;19;10
996400;;SUBMISSION;VELVETFRUIT_EXTRACT;SEASHELLS;5290;3
996500;SUBMISSION;;HYDROGEL_PACK;SEASHELLS;10015;2
996500;SUBMISSION;;VELVETFRUIT_EXTRACT;SEASHELLS;5295;3
996600;;SUBMISSION;VELVETFRUIT_EXTRACT;SEASHELLS;5292;3
