timestamp,buyer,seller,symbol,currency,price,quantity
1400,,SUBMISSION,VELVETFRUIT_EXTRACT,XIREC,5248.0,64
1700,,SUBMISSION,VELVETFRUIT_EXTRACT,XIREC,5249.0,24
2000,,SUBMISSION,VELVETFRUIT_EXTRACT,XIREC,5250.0,8
3300,,SUBMISSION,VELVETFRUIT_EXTRACT,XIREC,5251.0,64
4400,,SUBMISSION,VELVETFRUIT_EXTRACT,XIREC,5252.0,39
4500,SUBMISSION,,VEV_5400,XIREC,18.0,2
4500,SUBMISSION,,VEV_5500,XIREC,8.0,2
4500,,,VEV_6000,XIREC,0.0,2
4500,,,VEV_6500,XIREC,0.0,2
5100,,,HYDROGEL_PACK,XIREC,9960.0,4
5300,,SUBMISSION,VEV_4000,XIREC,1259.0,2
5400,,SUBMISSION,VELVETFRUIT_EXTRACT,XIREC,5253.0,1
6100,,,VELVETFRUIT_EXTRACT,XIREC,5255.0,3
6200,,,HYDROGEL_PACK,XIREC,9955.0,5
6500,SUBMISSION,,HYDROGEL_PACK,XIREC,9944.0,4
6500,SUBMISSION,,HYDROGEL_PACK,XIREC,9953.0,12
6800,SUBMISSION,,HYDROGEL_PACK,XIREC,9952.0,12
6900,SUBMISSION,,HYDROGEL_PACK,XIREC,9952.0,11
8300,SUBMISSION,,HYDROGEL_PACK,XIREC,9950.0,15
8400,SUBMISSION,,HYDROGEL_PACK,XIREC,9949.0,11
8500,SUBMISSION,,HYDROGEL_PACK,XIREC,9947.0,14
8500,SUBMISSION,,HYDROGEL_PACK,XIREC,9950.0,25
8600,SUBMISSION,,HYDROGEL_PACK,XIREC,9946.0,13
8600,SUBMISSION,,HYDROGEL_PACK,XIREC,9948.0,27
8700,SUBMISSION,,HYDROGEL_PACK,XIREC,9948.0,11
9400,SUBMISSION,,VELVETFRUIT_EXTRACT,XIREC,5244.0,14
9400,SUBMISSION,,VELVETFRUIT_EXTRACT,XIREC,5244.0,1
9400,,,VELVETFRUIT_EXTRACT,XIREC,5244.0,7
9600,SUBMISSION,,VEV_5400,XIREC,16.0,4
9600,SUBMISSION,,VEV_5500,XIREC,7.0,4
9600,,,VEV_6000,XIREC,0.0,4
9600,,,VEV_6500,XIREC,0.0,4
10300,SUBMISSION,,VELVETFRUIT_EXTRACT,XIREC,5242.0,13
10400,SUBMISSION,,VELVETFRUIT_EXTRACT,XIREC,5240.0,12
10400,SUBMISSION,,VELVETFRUIT_EXTRACT,XIREC,5240.0,12
10800,SUBMISSION,,HYDROGEL_PACK,XIREC,9948.0,10
11100,SUBMISSION,,HYDROGEL_PACK,XIREC,9947.0,14
11800,SUBMISSION,,VEV_5500,XIREC,7.0,4
11800,,,VEV_6000,XIREC,0.0,4
11800,,,VEV_6500,XIREC,0.0,4
12800,SUBMISSION,,VELVETFRUIT_EXTRACT,XIREC,5241.0,22
13300,SUBMISSION,,VELVETFRUIT_EXTRACT,XIREC,5241.0,15
13400,SUBMISSION,,VELVETFRUIT_EXTRACT,XIREC,5241.0,59
13500,SUBMISSION,,VELVETFRUIT_EXTRACT,XIREC,5241.0,16
13500,SUBMISSION,,VELVETFRUIT_EXTRACT,XIREC,5242.0,46
13600,SUBMISSION,,VELVETFRUIT_EXTRACT,XIREC,5239.0,21
13600,SUBMISSION,,VELVETFRUIT_EXTRACT,XIREC,5240.0,43
13700,SUBMISSION,,VELVETFRUIT_EXTRACT,XIREC,5241.0,55
13800,SUBMISSION,,VELVETFRUIT_EXTRACT,XIREC,5241.0,19
13900,SUBMISSION,,VELVETFRUIT_EXTRACT,XIREC,5239.0,15
13900,SUBMISSION,,VELVETFRUIT_EXTRACT,XIREC,5240.0,37
14300,,,VELVETFRUIT_EXTRACT,XIREC,5238.0,6
14800,SUBMISSION,,VEV_5300,XIREC,42.0,4
14800,SUBMISSION,,VEV_5400,XIREC,14.0,4
14800,SUBMISSION,,VEV_5500,XIREC,6.0,4
14800,,,VELVETFRUIT_EXTRACT,XIREC,5232.0,6
14800,,,VEV_6000,XIREC,0.0,4
14800,,,VEV_6500,XIREC,0.0,4
15000,,SUBMISSION,HYDROGEL_PACK,XIREC,9965.0,4
16700,SUBMISSION,,VEV_4000,XIREC,1226.0,2
16700,SUBMISSION,,VEV_5300,XIREC,41.0,2
16700,SUBMISSION,,VEV_5400,XIREC,14.0,2
16700,SUBMISSION,,VEV_5500,XIREC,6.0,2
16700,,,VEV_6000,XIREC,0.0,2
16700,,,VEV_6500,XIREC,0.0,2
17300,SUBMISSION,,VEV_4000,XIREC,1226.0,1
17400,,,VELVETFRUIT_EXTRACT,XIREC,5230.0,8
17500,SUBMISSION,,HYDROGEL_PACK,XIREC,9946.0,14
17700,SUBMISSION,,HYDROGEL_PACK,XIREC,9944.0,11
17900,,SUBMISSION,VEV_4000,XIREC,1238.0,1
19300,,,VELVETFRUIT_EXTRACT,XIREC,5226.0,5
20200,,,VELVETFRUIT_EXTRACT,XIREC,5224.0,5
22800,,,HYDROGEL_PACK,XIREC,9946.0,6
25700,,SUBMISSION,VEV_4000,XIREC,1236.0,3
29300,,,VELVETFRUIT_EXTRACT,XIREC,5237.0,4
30800,,,HYDROGEL_PACK,XIREC,9940.0,2
31400,,,HYDROGEL_PACK,XIREC,9953.0,3
31700,,,VELVETFRUIT_EXTRACT,XIREC,5237.0,4
32000,,,HYDROGEL_PACK,XIREC,9938.0,5
32600,,,VELVETFRUIT_EXTRACT,XIREC,5240.0,5
32800,,,VELVETFRUIT_EXTRACT,XIREC,5238.0,7
33600,,,HYDROGEL_PACK,XIREC,9948.0,6
36200,,SUBMISSION,VEV_4000,XIREC,1239.0,3
36500,,,VELVETFRUIT_EXTRACT,XIREC,5232.0,7
37400,,,HYDROGEL_PACK,XIREC,9936.0,4
38500,SUBMISSION,,VEV_5500,XIREC,6.0,5
38500,,,VEV_6000,XIREC,0.0,5
38500,,,VEV_6500,XIREC,0.0,5
38700,,,VELVETFRUIT_EXTRACT,XIREC,5228.0,8
39400,,,VELVETFRUIT_EXTRACT,XIREC,5234.0,5
39400,,,VELVETFRUIT_EXTRACT,XIREC,5233.0,9
39800,,,VELVETFRUIT_EXTRACT,XIREC,5232.0,4
40400,SUBMISSION,,VEV_5300,XIREC,41.0,4
40400,SUBMISSION,,VEV_5400,XIREC,14.0,4
40400,SUBMISSION,,VEV_5500,XIREC,6.0,4
40400,,,VEV_6000,XIREC,0.0,4
40400,,,VEV_6500,XIREC,0.0,4
40900,,,HYDROGEL_PACK,XIREC,9951.0,5
41300,,,HYDROGEL_PACK,XIREC,9953.0,5
43400,SUBMISSION,,VEV_5400,XIREC,13.0,5
43400,SUBMISSION,,VEV_5500,XIREC,6.0,5
43400,,,VEV_6000,XIREC,0.0,5
43400,,,VEV_6500,XIREC,0.0,5
43600,,,VELVETFRUIT_EXTRACT,XIREC,5229.0,4
43900,,,HYDROGEL_PACK,XIREC,9952.0,6
45200,,,HYDROGEL_PACK,XIREC,9961.0,2
45400,,,VELVETFRUIT_EXTRACT,XIREC,5241.0,8
47700,,,VELVETFRUIT_EXTRACT,XIREC,5243.0,4
48300,,,HYDROGEL_PACK,XIREC,9960.0,3
48900,,,VELVETFRUIT_EXTRACT,XIREC,5241.0,6
49600,,SUBMISSION,HYDROGEL_PACK,XIREC,9977.0,3
49800,,,VELVETFRUIT_EXTRACT,XIREC,5244.0,3
50200,SUBMISSION,,VEV_4000,XIREC,1241.0,2
50300,,SUBMISSION,VEV_4000,XIREC,1252.0,3
50700,SUBMISSION,,VEV_5400,XIREC,16.0,5
50700,SUBMISSION,,VEV_5500,XIREC,7.0,5
50700,,,VEV_6000,XIREC,0.0,5
50700,,,VEV_6500,XIREC,0.0,5
51700,,,VELVETFRUIT_EXTRACT,XIREC,5243.0,4
52400,,,HYDROGEL_PACK,XIREC,9961.0,5
52800,SUBMISSION,,VEV_5400,XIREC,16.0,3
52800,SUBMISSION,,VEV_5500,XIREC,7.0,3
52800,,,VEV_6000,XIREC,0.0,3
52800,,,VEV_6500,XIREC,0.0,3
53000,,,HYDROGEL_PACK,XIREC,9961.0,4
53400,SUBMISSION,,VEV_5500,XIREC,7.0,2
53400,,,VEV_6000,XIREC,0.0,2
53400,,,VEV_6500,XIREC,0.0,2
53800,,SUBMISSION,VEV_4000,XIREC,1250.0,2
54400,SUBMISSION,,VEV_4000,XIREC,1239.0,3
57600,,SUBMISSION,VEV_4000,XIREC,1252.0,3
59300,,,HYDROGEL_PACK,XIREC,9949.0,4
59600,,,VELVETFRUIT_EXTRACT,XIREC,5244.0,4
60300,,,VELVETFRUIT_EXTRACT,XIREC,5245.0,5
61100,,SUBMISSION,HYDROGEL_PACK,XIREC,9960.0,2
61400,,SUBMISSION,HYDROGEL_PACK,XIREC,9961.0,2
62100,,,VELVETFRUIT_EXTRACT,XIREC,5243.0,6
62600,,SUBMISSION,VEV_4000,XIREC,1249.0,1
63100,,SUBMISSION,VEV_4000,XIREC,1247.0,3
63200,,,HYDROGEL_PACK,XIREC,9950.0,5
63200,,,VELVETFRUIT_EXTRACT,XIREC,5240.0,8
63400,SUBMISSION,,HYDROGEL_PACK,XIREC,9945.0,7
64200,,SUBMISSION,VELVETFRUIT_EXTRACT,XIREC,5244.0,6
64300,,,HYDROGEL_PACK,XIREC,9933.0,4
65400,,,HYDROGEL_PACK,XIREC,9930.0,4
65700,,,VELVETFRUIT_EXTRACT,XIREC,5240.0,8
65900,,,HYDROGEL_PACK,XIREC,9935.0,2
67300,,SUBMISSION,VELVETFRUIT_EXTRACT,XIREC,5244.0,15
67700,,SUBMISSION,VELVETFRUIT_EXTRACT,XIREC,5249.0,4
68000,,SUBMISSION,VEV_4000,XIREC,1253.0,2
69500,,,HYDROGEL_PACK,XIREC,9952.0,2
70500,SUBMISSION,,VEV_4000,XIREC,1237.0,1
73400,SUBMISSION,,VELVETFRUIT_EXTRACT,XIREC,5236.0,6
73400,SUBMISSION,,VELVETFRUIT_EXTRACT,XIREC,5236.0,6
73400,,,VELVETFRUIT_EXTRACT,XIREC,5237.0,8
73500,,,HYDROGEL_PACK,XIREC,9966.0,3
74100,SUBMISSION,,VEV_5300,XIREC,42.0,3
74100,SUBMISSION,,VEV_5400,XIREC,14.0,3
74100,SUBMISSION,,VEV_5500,XIREC,6.0,3
74100,,,VEV_6000,XIREC,0.0,3
74100,,,VEV_6500,XIREC,0.0,3
74300,,SUBMISSION,HYDROGEL_PACK,XIREC,9975.0,1
74300,,,VELVETFRUIT_EXTRACT,XIREC,5238.0,6
74400,SUBMISSION,,VELVETFRUIT_EXTRACT,XIREC,5236.0,4
76000,,SUBMISSION,HYDROGEL_PACK,XIREC,9976.0,1
76100,,SUBMISSION,HYDROGEL_PACK,XIREC,9977.0,3
76300,,SUBMISSION,HYDROGEL_PACK,XIREC,9978.0,6
76500,,SUBMISSION,HYDROGEL_PACK,XIREC,9979.0,13
76500,,SUBMISSION,HYDROGEL_PACK,XIREC,9976.0,3
76600,,SUBMISSION,HYDROGEL_PACK,XIREC,9994.0,3
76700,,SUBMISSION,HYDROGEL_PACK,XIREC,9982.0,11
76700,,SUBMISSION,HYDROGEL_PACK,XIREC,9980.0,30
76800,,SUBMISSION,HYDROGEL_PACK,XIREC,9984.0,10
76800,,SUBMISSION,HYDROGEL_PACK,XIREC,9982.0,25
76900,,SUBMISSION,HYDROGEL_PACK,XIREC,9985.0,10
76900,,SUBMISSION,HYDROGEL_PACK,XIREC,9982.0,27
77000,,SUBMISSION,HYDROGEL_PACK,XIREC,9982.0,13
77000,,SUBMISSION,HYDROGEL_PACK,XIREC,9980.0,28
77100,,SUBMISSION,HYDROGEL_PACK,XIREC,9983.0,12
77100,,SUBMISSION,HYDROGEL_PACK,XIREC,9981.0,22
77200,,SUBMISSION,HYDROGEL_PACK,XIREC,9985.0,13
77200,,SUBMISSION,HYDROGEL_PACK,XIREC,9982.0,30
77300,,SUBMISSION,HYDROGEL_PACK,XIREC,9984.0,12
77300,,SUBMISSION,HYDROGEL_PACK,XIREC,9982.0,25
77300,,,VELVETFRUIT_EXTRACT,XIREC,5241.0,8
77400,,SUBMISSION,HYDROGEL_PACK,XIREC,9984.0,10
77400,,SUBMISSION,HYDROGEL_PACK,XIREC,9981.0,4
77600,,SUBMISSION,HYDROGEL_PACK,XIREC,9985.0,15
77600,,SUBMISSION,HYDROGEL_PACK,XIREC,9983.0,30
77700,,SUBMISSION,HYDROGEL_PACK,XIREC,9985.0,10
77700,,SUBMISSION,HYDROGEL_PACK,XIREC,9982.0,2
77800,,SUBMISSION,HYDROGEL_PACK,XIREC,9987.0,11
77800,,SUBMISSION,HYDROGEL_PACK,XIREC,9984.0,14
77900,,SUBMISSION,HYDROGEL_PACK,XIREC,9988.0,3
78100,,SUBMISSION,HYDROGEL_PACK,XIREC,9996.0,3
78300,SUBMISSION,,VEV_4000,XIREC,1234.0,3
78400,,,VELVETFRUIT_EXTRACT,XIREC,5238.0,7
78500,,,HYDROGEL_PACK,XIREC,10000.0,4
79000,,,HYDROGEL_PACK,XIREC,9982.0,3
79800,,,HYDROGEL_PACK,XIREC,9994.0,6
81300,,,HYDROGEL_PACK,XIREC,9970.0,6
81700,,,HYDROGEL_PACK,XIREC,9980.0,3
81900,,,HYDROGEL_PACK,XIREC,9978.0,2
82300,,,HYDROGEL_PACK,XIREC,9977.0,3
82300,,,VELVETFRUIT_EXTRACT,XIREC,5235.0,3
83200,,,VELVETFRUIT_EXTRACT,XIREC,5237.0,7
84100,SUBMISSION,,VELVETFRUIT_EXTRACT,XIREC,5234.0,9
84300,,SUBMISSION,VEV_4000,XIREC,1238.0,1
84600,,,VELVETFRUIT_EXTRACT,XIREC,5233.0,8
85300,SUBMISSION,,VEV_5300,XIREC,42.0,2
85300,SUBMISSION,,VEV_5400,XIREC,14.0,2
85300,SUBMISSION,,VEV_5500,XIREC,6.0,2
85300,,,VEV_6000,XIREC,0.0,2
85300,,,VEV_6500,XIREC,0.0,2
86100,SUBMISSION,,VEV_5400,XIREC,14.0,5
86100,SUBMISSION,,VEV_5500,XIREC,6.0,5
86100,,,VEV_6000,XIREC,0.0,5
86100,,,VEV_6500,XIREC,0.0,5
87900,,,VELVETFRUIT_EXTRACT,XIREC,5239.0,3
88500,,SUBMISSION,VELVETFRUIT_EXTRACT,XIREC,5241.0,6
89300,SUBMISSION,,VEV_4000,XIREC,1237.0,3
89800,SUBMISSION,,VEV_5300,XIREC,45.0,4
89800,SUBMISSION,,VEV_5400,XIREC,15.0,4
89800,,,VEV_6000,XIREC,0.0,4
89800,,,VEV_6500,XIREC,0.0,4
91100,,SUBMISSION,VELVETFRUIT_EXTRACT,XIREC,5243.0,6
92000,,SUBMISSION,VELVETFRUIT_EXTRACT,XIREC,5242.0,8
92100,SUBMISSION,,HYDROGEL_PACK,XIREC,9956.0,4
92500,,,HYDROGEL_PACK,XIREC,9956.0,2
93700,,SUBMISSION,VELVETFRUIT_EXTRACT,XIREC,5245.0,6
93800,,SUBMISSION,VELVETFRUIT_EXTRACT,XIREC,5245.0,7
94400,,,HYDROGEL_PACK,XIREC,9974.0,4
97100,SUBMISSION,,HYDROGEL_PACK,XIREC,9951.0,2
98600,,,HYDROGEL_PACK,XIREC,9962.0,2
99000,,,HYDROGEL_PACK,XIREC,9961.0,3
100500,,SUBMISSION,VELVETFRUIT_EXTRACT,XIREC,5247.0,4
101100,SUBMISSION,,HYDROGEL_PACK,XIREC,9944.0,9
101200,,SUBMISSION,VELVETFRUIT_EXTRACT,XIREC,5248.0,22
101300,,SUBMISSION,VELVETFRUIT_EXTRACT,XIREC,5247.0,15
101400,SUBMISSION,,HYDROGEL_PACK,XIREC,9937.0,5
101400,,SUBMISSION,VELVETFRUIT_EXTRACT,XIREC,5248.0,58
101500,SUBMISSION,,HYDROGEL_PACK,XIREC,9936.0,6
101700,SUBMISSION,,HYDROGEL_PACK,XIREC,9945.0,9
102500,SUBMISSION,,VEV_4000,XIREC,1240.0,1
102800,SUBMISSION,,VEV_4000,XIREC,1241.0,1
103100,,,HYDROGEL_PACK,XIREC,9952.0,4
103500,SUBMISSION,,HYDROGEL_PACK,XIREC,9941.0,3
104400,,SUBMISSION,VELVETFRUIT_EXTRACT,XIREC,5251.0,6
104900,,SUBMISSION,VELVETFRUIT_EXTRACT,XIREC,5248.0,18
104900,,SUBMISSION,VELVETFRUIT_EXTRACT,XIREC,5247.0,34
105000,,SUBMISSION,VELVETFRUIT_EXTRACT,XIREC,5248.0,55
105100,,SUBMISSION,VELVETFRUIT_EXTRACT,XIREC,5251.0,16
105100,,SUBMISSION,VELVETFRUIT_EXTRACT,XIREC,5250.0,38
105200,,SUBMISSION,VELVETFRUIT_EXTRACT,XIREC,5251.0,23
105200,,SUBMISSION,VELVETFRUIT_EXTRACT,XIREC,5250.0,34
105300,,SUBMISSION,VELVETFRUIT_EXTRACT,XIREC,5252.0,22
105300,,SUBMISSION,VELVETFRUIT_EXTRACT,XIREC,5251.0,22
107100,SUBMISSION,,HYDROGEL_PACK,XIREC,9953.0,5
107900,,,VELVETFRUIT_EXTRACT,XIREC,5267.0,3
109000,,,VELVETFRUIT_EXTRACT,XIREC,5265.0,12
109100,,,HYDROGEL_PACK,XIREC,9957.0,2
110100,,,VELVETFRUIT_EXTRACT,XIREC,5265.0,4
112000,,,VELVETFRUIT_EXTRACT,XIREC,5260.0,3
112700,SUBMISSION,,HYDROGEL_PACK,XIREC,9949.0,2
113900,,,HYDROGEL_PACK,XIREC,9956.0,2
115500,SUBMISSION,,HYDROGEL_PACK,XIREC,9938.0,3
118800,,,VELVETFRUIT_EXTRACT,XIREC,5257.0,3
119400,,SUBMISSION,HYDROGEL_PACK,XIREC,9961.0,3
120300,SUBMISSION,,VEV_5400,XIREC,18.0,4
120300,SUBMISSION,,VEV_5500,XIREC,8.0,4
120300,,,VEV_6000,XIREC,0.0,4
120300,,,VEV_6500,XIREC,0.0,4
120700,,,HYDROGEL_PACK,XIREC,9958.0,2
123300,,,VELVETFRUIT_EXTRACT,XIREC,5262.0,7
125600,,,VELVETFRUIT_EXTRACT,XIREC,5265.0,3
126000,,,HYDROGEL_PACK,XIREC,9953.0,4
127200,SUBMISSION,,VEV_5500,XIREC,8.0,3
127200,,,VEV_6000,XIREC,0.0,3
127200,,,VEV_6500,XIREC,0.0,3
129100,,SUBMISSION,VEV_4000,XIREC,1270.0,3
129500,,SUBMISSION,HYDROGEL_PACK,XIREC,9966.0,6
129800,SUBMISSION,,HYDROGEL_PACK,XIREC,9952.0,4
130800,SUBMISSION,,HYDROGEL_PACK,XIREC,9947.0,5
131300,,,VELVETFRUIT_EXTRACT,XIREC,5265.0,5
131800,,,VELVETFRUIT_EXTRACT,XIREC,5261.0,5
132600,,,VELVETFRUIT_EXTRACT,XIREC,5263.0,10
133100,SUBMISSION,,VEV_4000,XIREC,1258.0,3
133700,SUBMISSION,,HYDROGEL_PACK,XIREC,9949.0,4
134000,,,VELVETFRUIT_EXTRACT,XIREC,5264.0,8
134500,SUBMISSION,,HYDROGEL_PACK,XIREC,9945.0,6
135200,,,VELVETFRUIT_EXTRACT,XIREC,5264.0,8
135500,,,VELVETFRUIT_EXTRACT,XIREC,5257.0,7
135900,SUBMISSION,,VEV_5300,XIREC,52.0,3
135900,SUBMISSION,,VEV_5400,XIREC,19.0,3
135900,SUBMISSION,,VEV_5500,XIREC,8.0,3
135900,,,VEV_6000,XIREC,0.0,3
135900,,,VEV_6500,XIREC,0.0,3
137000,SUBMISSION,,VEV_4000,XIREC,1257.0,3
137300,SUBMISSION,,VEV_4000,XIREC,1256.0,3
137600,,SUBMISSION,VEV_4000,XIREC,1264.0,3
137800,SUBMISSION,,HYDROGEL_PACK,XIREC,9943.0,3
138000,,,VELVETFRUIT_EXTRACT,XIREC,5254.0,7
138100,,SUBMISSION,HYDROGEL_PACK,XIREC,9958.0,2
139700,,,VELVETFRUIT_EXTRACT,XIREC,5257.0,8
140000,,,VELVETFRUIT_EXTRACT,XIREC,5261.0,5
140100,,,VELVETFRUIT_EXTRACT,XIREC,5260.0,4
141000,,,VELVETFRUIT_EXTRACT,XIREC,5260.0,4
142000,,,VELVETFRUIT_EXTRACT,XIREC,5262.0,6
144500,,,VELVETFRUIT_EXTRACT,XIREC,5258.0,5
145500,SUBMISSION,,VEV_5400,XIREC,19.0,2
145500,SUBMISSION,,VEV_5500,XIREC,8.0,2
145500,,,VEV_6000,XIREC,0.0,2
145500,,,VEV_6500,XIREC,0.0,2
145600,,SUBMISSION,HYDROGEL_PACK,XIREC,9961.0,5
146500,,SUBMISSION,HYDROGEL_PACK,XIREC,9962.0,6
146700,,,VELVETFRUIT_EXTRACT,XIREC,5260.0,7
147900,SUBMISSION,,VEV_4000,XIREC,1261.0,1
148000,,SUBMISSION,HYDROGEL_PACK,XIREC,9971.0,3
148300,,,VELVETFRUIT_EXTRACT,XIREC,5265.0,4
150600,SUBMISSION,,VEV_5300,XIREC,53.0,2
150600,SUBMISSION,,VEV_5400,XIREC,20.0,2
150600,SUBMISSION,,VEV_5500,XIREC,8.0,2
150600,,,VEV_6000,XIREC,0.0,2
150600,,,VEV_6500,XIREC,0.0,2
150700,,,VELVETFRUIT_EXTRACT,XIREC,5268.0,7
151100,SUBMISSION,,HYDROGEL_PACK,XIREC,9946.0,4
151200,SUBMISSION,,HYDROGEL_PACK,XIREC,9945.0,6
151400,,,VELVETFRUIT_EXTRACT,XIREC,5261.0,7
152700,SUBMISSION,,HYDROGEL_PACK,XIREC,9945.0,5
153000,SUBMISSION,,VEV_5400,XIREC,18.0,4
153000,SUBMISSION,,VEV_5500,XIREC,7.0,4
153000,,,VEV_6000,XIREC,0.0,4
153000,,,VEV_6500,XIREC,0.0,4
154100,SUBMISSION,,VEV_4000,XIREC,1247.0,3
155900,,SUBMISSION,HYDROGEL_PACK,XIREC,9965.0,4
156200,SUBMISSION,,VEV_4000,XIREC,1242.0,1
156400,SUBMISSION,,HYDROGEL_PACK,XIREC,9950.0,6
159900,,,HYDROGEL_PACK,XIREC,9961.0,3
161200,,,HYDROGEL_PACK,XIREC,9956.0,6
163300,,,VELVETFRUIT_EXTRACT,XIREC,5254.0,10
164000,SUBMISSION,,VELVETFRUIT_EXTRACT,XIREC,5252.0,5
164300,,SUBMISSION,HYDROGEL_PACK,XIREC,9972.0,5
165500,SUBMISSION,,VELVETFRUIT_EXTRACT,XIREC,5251.0,4
167300,,,HYDROGEL_PACK,XIREC,9957.0,3
167600,SUBMISSION,,VELVETFRUIT_EXTRACT,XIREC,5250.0,6
167600,SUBMISSION,,VEV_4000,XIREC,1247.0,2
168400,SUBMISSION,,VELVETFRUIT_EXTRACT,XIREC,5249.0,3
168500,,SUBMISSION,VEV_4000,XIREC,1256.0,2
168700,,SUBMISSION,VEV_4000,XIREC,1255.0,1
170400,SUBMISSION,,VEV_5400,XIREC,17.0,5
170400,SUBMISSION,,VEV_5500,XIREC,7.0,5
170400,,,VEV_6000,XIREC,0.0,5
170400,,,VEV_6500,XIREC,0.0,5
170500,SUBMISSION,,VEV_5300,XIREC,46.0,3
170500,SUBMISSION,,VEV_5500,XIREC,7.0,3
170500,,,VEV_6000,XIREC,0.0,3
170500,,,VEV_6500,XIREC,0.0,3
170900,,SUBMISSION,VEV_4000,XIREC,1255.0,3
171400,,SUBMISSION,HYDROGEL_PACK,XIREC,9991.0,6
171700,SUBMISSION,,VELVETFRUIT_EXTRACT,XIREC,5249.0,7
172400,SUBMISSION,,VEV_4000,XIREC,1243.0,1
172500,SUBMISSION,,VEV_5300,XIREC,46.0,5
172500,SUBMISSION,,VEV_5400,XIREC,17.0,5
172500,SUBMISSION,,VEV_5500,XIREC,7.0,5
172500,,,VEV_6000,XIREC,0.0,5
172500,,,VEV_6500,XIREC,0.0,5
174200,,SUBMISSION,HYDROGEL_PACK,XIREC,9987.0,5
174400,,SUBMISSION,HYDROGEL_PACK,XIREC,9990.0,6
176100,,SUBMISSION,HYDROGEL_PACK,XIREC,9988.0,13
176100,,SUBMISSION,HYDROGEL_PACK,XIREC,9986.0,22
176200,,SUBMISSION,HYDROGEL_PACK,XIREC,9989.0,4
176300,,SUBMISSION,HYDROGEL_PACK,XIREC,9990.0,1
178000,,,HYDROGEL_PACK,XIREC,9988.0,3
179200,SUBMISSION,,VELVETFRUIT_EXTRACT,XIREC,5244.0,4
180100,,,VELVETFRUIT_EXTRACT,XIREC,5248.0,3
182100,,,HYDROGEL_PACK,XIREC,10012.0,3
182800,,,HYDROGEL_PACK,XIREC,10010.0,5
184100,SUBMISSION,,VELVETFRUIT_EXTRACT,XIREC,5244.0,54
184200,SUBMISSION,,VELVETFRUIT_EXTRACT,XIREC,5243.0,62
184200,,SUBMISSION,VEV_4000,XIREC,1246.0,3
184300,SUBMISSION,,VELVETFRUIT_EXTRACT,XIREC,5243.0,17
184300,SUBMISSION,,VELVETFRUIT_EXTRACT,XIREC,5244.0,22
184400,SUBMISSION,,VELVETFRUIT_EXTRACT,XIREC,5243.0,1
184700,SUBMISSION,,VELVETFRUIT_EXTRACT,XIREC,5244.0,1
184900,SUBMISSION,,VELVETFRUIT_EXTRACT,XIREC,5242.0,1
185100,SUBMISSION,,VELVETFRUIT_EXTRACT,XIREC,5242.0,1
185400,SUBMISSION,,VELVETFRUIT_EXTRACT,XIREC,5239.0,1
185600,SUBMISSION,,VELVETFRUIT_EXTRACT,XIREC,5240.0,1
185800,SUBMISSION,,VELVETFRUIT_EXTRACT,XIREC,5241.0,1
185800,,,HYDROGEL_PACK,XIREC,10040.0,4
186100,SUBMISSION,,VELVETFRUIT_EXTRACT,XIREC,5235.0,1
186300,SUBMISSION,,VELVETFRUIT_EXTRACT,XIREC,5236.0,1
186600,SUBMISSION,,VELVETFRUIT_EXTRACT,XIREC,5239.0,1
186800,SUBMISSION,,VELVETFRUIT_EXTRACT,XIREC,5239.0,1
187000,SUBMISSION,,VELVETFRUIT_EXTRACT,XIREC,5236.0,1
187300,SUBMISSION,,VELVETFRUIT_EXTRACT,XIREC,5234.0,1
187400,,,VELVETFRUIT_EXTRACT,XIREC,5235.0,8
187500,SUBMISSION,,VELVETFRUIT_EXTRACT,XIREC,5234.0,1
187600,,,VELVETFRUIT_EXTRACT,XIREC,5235.0,5
187800,SUBMISSION,,VELVETFRUIT_EXTRACT,XIREC,5233.0,1
188000,SUBMISSION,,VELVETFRUIT_EXTRACT,XIREC,5234.0,1
188300,SUBMISSION,,VELVETFRUIT_EXTRACT,XIREC,5234.0,1
188400,,,HYDROGEL_PACK,XIREC,10021.0,4
188500,SUBMISSION,,VELVETFRUIT_EXTRACT,XIREC,5236.0,1
188800,SUBMISSION,,VELVETFRUIT_EXTRACT,XIREC,5235.0,1
188800,SUBMISSION,,VELVETFRUIT_EXTRACT,XIREC,5233.0,6
190100,SUBMISSION,,VEV_5300,XIREC,42.0,3
190100,SUBMISSION,,VEV_5400,XIREC,15.0,3
190100,SUBMISSION,,VEV_5500,XIREC,6.0,3
190100,,,VEV_6000,XIREC,0.0,3
190100,,,VEV_6500,XIREC,0.0,3
190600,SUBMISSION,,VELVETFRUIT_EXTRACT,XIREC,5239.0,1
190600,SUBMISSION,,VELVETFRUIT_EXTRACT,XIREC,5235.0,6
190700,,,VELVETFRUIT_EXTRACT,XIREC,5239.0,3
191100,SUBMISSION,,VELVETFRUIT_EXTRACT,XIREC,5238.0,8
192600,SUBMISSION,,VELVETFRUIT_EXTRACT,XIREC,5232.0,3
192800,,,HYDROGEL_PACK,XIREC,10007.0,5
193400,,,HYDROGEL_PACK,XIREC,10026.0,4
194200,,SUBMISSION,VEV_4000,XIREC,1242.0,2
194400,SUBMISSION,,VELVETFRUIT_EXTRACT,XIREC,5235.0,5
195200,,,VELVETFRUIT_EXTRACT,XIREC,5236.0,3
195600,SUBMISSION,,VEV_5300,XIREC,41.0,3
195600,SUBMISSION,,VEV_5400,XIREC,14.0,3
195600,SUBMISSION,,VEV_5500,XIREC,6.0,3
195600,,,VEV_6000,XIREC,0.0,3
195600,,,VEV_6500,XIREC,0.0,3
196100,,,VELVETFRUIT_EXTRACT,XIREC,5236.0,5
196700,SUBMISSION,,VEV_4000,XIREC,1230.0,1
197000,SUBMISSION,,VELVETFRUIT_EXTRACT,XIREC,5235.0,1
197000,SUBMISSION,,VELVETFRUIT_EXTRACT,XIREC,5235.0,9
197600,SUBMISSION,,VELVETFRUIT_EXTRACT,XIREC,5237.0,9
197600,SUBMISSION,,VELVETFRUIT_EXTRACT,XIREC,5237.0,4
197600,,,VELVETFRUIT_EXTRACT,XIREC,5237.0,5
198900,,,VELVETFRUIT_EXTRACT,XIREC,5243.0,5
199200,,,VELVETFRUIT_EXTRACT,XIREC,5243.0,5
199400,,,HYDROGEL_PACK,XIREC,10029.0,3
202300,,SUBMISSION,VEV_4000,XIREC,1247.0,3
202700,,,HYDROGEL_PACK,XIREC,10033.0,5
203200,,,HYDROGEL_PACK,XIREC,10014.0,6
203700,,,VELVETFRUIT_EXTRACT,XIREC,5241.0,3
204400,SUBMISSION,,VELVETFRUIT_EXTRACT,XIREC,5241.0,1
205400,SUBMISSION,,VELVETFRUIT_EXTRACT,XIREC,5243.0,12
206200,SUBMISSION,,VEV_5400,XIREC,16.0,3
206200,,,VEV_6000,XIREC,0.0,3
206200,,,VEV_6500,XIREC,0.0,3
206600,,SUBMISSION,VEV_4000,XIREC,1250.0,1
206800,SUBMISSION,,VELVETFRUIT_EXTRACT,XIREC,5242.0,6
207600,,SUBMISSION,VELVETFRUIT_EXTRACT,XIREC,5250.0,4
210100,,SUBMISSION,VELVETFRUIT_EXTRACT,XIREC,5250.0,24
210200,,SUBMISSION,VELVETFRUIT_EXTRACT,XIREC,5251.0,10
210200,,SUBMISSION,VELVETFRUIT_EXTRACT,XIREC,5249.0,67
210300,,SUBMISSION,VELVETFRUIT_EXTRACT,XIREC,5250.0,17
210300,,SUBMISSION,VELVETFRUIT_EXTRACT,XIREC,5249.0,39
210300,,,VELVETFRUIT_EXTRACT,XIREC,5250.0,5
210400,,SUBMISSION,VELVETFRUIT_EXTRACT,XIREC,5253.0,6
210400,,SUBMISSION,VELVETFRUIT_EXTRACT,XIREC,5251.0,20
210400,,SUBMISSION,VELVETFRUIT_EXTRACT,XIREC,5250.0,45
210600,,,HYDROGEL_PACK,XIREC,9990.0,5
211000,,SUBMISSION,VELVETFRUIT_EXTRACT,XIREC,5252.0,18
211100,,,HYDROGEL_PACK,XIREC,9996.0,6
211600,,SUBMISSION,VELVETFRUIT_EXTRACT,XIREC,5253.0,9
211900,,SUBMISSION,VELVETFRUIT_EXTRACT,XIREC,5254.0,15
213700,,,VELVETFRUIT_EXTRACT,XIREC,5259.0,5
214400,,,VELVETFRUIT_EXTRACT,XIREC,5250.0,3
215000,,,VELVETFRUIT_EXTRACT,XIREC,5249.0,4
216000,,SUBMISSION,VEV_4000,XIREC,1258.0,1
217100,,,VELVETFRUIT_EXTRACT,XIREC,5257.0,4
217500,,,HYDROGEL_PACK,XIREC,10011.0,4
217800,,SUBMISSION,VEV_4000,XIREC,1258.0,1
218500,,,HYDROGEL_PACK,XIREC,10017.0,5
218900,,,HYDROGEL_PACK,XIREC,10014.0,3
218900,,,VELVETFRUIT_EXTRACT,XIREC,5249.0,8
221200,,,HYDROGEL_PACK,XIREC,10011.0,5
221800,SUBMISSION,,VELVETFRUIT_EXTRACT,XIREC,5242.0,7
222900,SUBMISSION,,VEV_4000,XIREC,1241.0,3
223300,,SUBMISSION,VEV_4000,XIREC,1252.0,2
224100,,SUBMISSION,VEV_4000,XIREC,1253.0,2
225100,,,VELVETFRUIT_EXTRACT,XIREC,5254.0,5
226100,,,HYDROGEL_PACK,XIREC,9974.0,5
229100,,SUBMISSION,VEV_4000,XIREC,1253.0,1
230000,,,HYDROGEL_PACK,XIREC,9998.0,4
230800,,,HYDROGEL_PACK,XIREC,10007.0,3
235300,SUBMISSION,,VEV_5400,XIREC,16.0,3
235300,SUBMISSION,,VEV_5500,XIREC,7.0,3
235300,,,VEV_6000,XIREC,0.0,3
235300,,,VEV_6500,XIREC,0.0,3
235900,,,HYDROGEL_PACK,XIREC,9998.0,3
237900,,,VELVETFRUIT_EXTRACT,XIREC,5254.0,6
238200,,,HYDROGEL_PACK,XIREC,10025.0,2
239400,,,VELVETFRUIT_EXTRACT,XIREC,5251.0,6
239600,,,HYDROGEL_PACK,XIREC,10006.0,4
239600,,,VELVETFRUIT_EXTRACT,XIREC,5255.0,5
239700,,,HYDROGEL_PACK,XIREC,10021.0,6
240200,,,VELVETFRUIT_EXTRACT,XIREC,5258.0,3
240600,,,HYDROGEL_PACK,XIREC,10013.0,3
240700,,SUBMISSION,VELVETFRUIT_EXTRACT,XIREC,5255.0,7
241900,,,HYDROGEL_PACK,XIREC,10005.0,2
242900,,,VELVETFRUIT_EXTRACT,XIREC,5254.0,5
245600,,,VELVETFRUIT_EXTRACT,XIREC,5256.0,6
248200,,,HYDROGEL_PACK,XIREC,10025.0,5
248300,,,VELVETFRUIT_EXTRACT,XIREC,5257.0,5
250500,,,VELVETFRUIT_EXTRACT,XIREC,5260.0,4
250600,SUBMISSION,,VEV_4000,XIREC,1257.0,2
251200,,,VELVETFRUIT_EXTRACT,XIREC,5262.0,8
251600,,SUBMISSION,VEV_4000,XIREC,1270.0,3
251900,,,VELVETFRUIT_EXTRACT,XIREC,5263.0,14
252400,,,VELVETFRUIT_EXTRACT,XIREC,5267.0,6
252500,SUBMISSION,,VEV_5300,XIREC,53.0,2
252500,SUBMISSION,,VEV_5400,XIREC,19.0,2
252500,SUBMISSION,,VEV_5500,XIREC,8.0,2
252500,,,HYDROGEL_PACK,XIREC,9988.0,3
252500,,,VEV_6000,XIREC,0.0,2
252500,,,VEV_6500,XIREC,0.0,2
253900,,,VELVETFRUIT_EXTRACT,XIREC,5266.0,3
254700,,,HYDROGEL_PACK,XIREC,9997.0,5
255000,,,HYDROGEL_PACK,XIREC,9980.0,4
255300,SUBMISSION,,HYDROGEL_PACK,XIREC,9974.0,2
255400,SUBMISSION,,HYDROGEL_PACK,XIREC,9974.0,3
258400,,,VELVETFRUIT_EXTRACT,XIREC,5257.0,8
262200,SUBMISSION,,VELVETFRUIT_EXTRACT,XIREC,5251.0,4
262300,,,HYDROGEL_PACK,XIREC,10005.0,4
262800,,,HYDROGEL_PACK,XIREC,10008.0,2
262900,,SUBMISSION,HYDROGEL_PACK,XIREC,9996.0,4
263100,,SUBMISSION,HYDROGEL_PACK,XIREC,9998.0,1
263100,,SUBMISSION,VEV_4000,XIREC,1263.0,3
263900,,,VELVETFRUIT_EXTRACT,XIREC,5257.0,7
265400,,,VELVETFRUIT_EXTRACT,XIREC,5250.0,9
265600,SUBMISSION,,VELVETFRUIT_EXTRACT,XIREC,5249.0,5
265700,SUBMISSION,,VELVETFRUIT_EXTRACT,XIREC,5247.0,14
265800,,,VELVETFRUIT_EXTRACT,XIREC,5252.0,7
265900,SUBMISSION,,VEV_4000,XIREC,1245.0,1
266300,,,HYDROGEL_PACK,XIREC,9999.0,4
266500,,,VELVETFRUIT_EXTRACT,XIREC,5253.0,5
266600,,,HYDROGEL_PACK,XIREC,9997.0,4
267400,,SUBMISSION,VELVETFRUIT_EXTRACT,XIREC,5253.0,3
268300,,SUBMISSION,VEV_4000,XIREC,1252.0,2
268700,,,VELVETFRUIT_EXTRACT,XIREC,5251.0,5
269300,SUBMISSION,,HYDROGEL_PACK,XIREC,9974.0,3
269300,SUBMISSION,,VELVETFRUIT_EXTRACT,XIREC,5248.0,5
271600,SUBMISSION,,VEV_4000,XIREC,1253.0,1
271700,,SUBMISSION,VELVETFRUIT_EXTRACT,XIREC,5258.0,25
272600,,,VELVETFRUIT_EXTRACT,XIREC,5261.0,7
274600,,,HYDROGEL_PACK,XIREC,9989.0,2
275300,,,VELVETFRUIT_EXTRACT,XIREC,5259.0,8
275700,,,HYDROGEL_PACK,XIREC,9996.0,2
276500,,,VELVETFRUIT_EXTRACT,XIREC,5255.0,7
277400,,,VELVETFRUIT_EXTRACT,XIREC,5254.0,4
278300,,,VELVETFRUIT_EXTRACT,XIREC,5258.0,5
279600,,,VELVETFRUIT_EXTRACT,XIREC,5260.0,4
280000,SUBMISSION,,HYDROGEL_PACK,XIREC,9967.0,7
280500,,,HYDROGEL_PACK,XIREC,9973.0,2
281000,SUBMISSION,,HYDROGEL_PACK,XIREC,9968.0,14
281100,SUBMISSION,,HYDROGEL_PACK,XIREC,9968.0,11
281100,SUBMISSION,,HYDROGEL_PACK,XIREC,9953.0,3
281200,SUBMISSION,,HYDROGEL_PACK,XIREC,9966.0,12
281200,SUBMISSION,,HYDROGEL_PACK,XIREC,9969.0,30
281300,SUBMISSION,,HYDROGEL_PACK,XIREC,9970.0,10
281400,SUBMISSION,,VELVETFRUIT_EXTRACT,XIREC,5253.0,15
281400,,,VELVETFRUIT_EXTRACT,XIREC,5253.0,15
281500,,SUBMISSION,VEV_4000,XIREC,1262.0,1
282000,,SUBMISSION,VELVETFRUIT_EXTRACT,XIREC,5255.0,6
282200,,SUBMISSION,VELVETFRUIT_EXTRACT,XIREC,5260.0,9
282200,,,HYDROGEL_PACK,XIREC,9979.0,2
282200,,,VELVETFRUIT_EXTRACT,XIREC,5260.0,7
283400,,,VELVETFRUIT_EXTRACT,XIREC,5259.0,7
285400,SUBMISSION,,HYDROGEL_PACK,XIREC,9966.0,5
286300,,,VELVETFRUIT_EXTRACT,XIREC,5266.0,6
286600,,SUBMISSION,VEV_4000,XIREC,1272.0,2
287800,SUBMISSION,,HYDROGEL_PACK,XIREC,9968.0,13
288100,SUBMISSION,,HYDROGEL_PACK,XIREC,9969.0,10
288200,SUBMISSION,,HYDROGEL_PACK,XIREC,9966.0,13
288200,SUBMISSION,,HYDROGEL_PACK,XIREC,9968.0,29
288300,SUBMISSION,,HYDROGEL_PACK,XIREC,9957.0,6
288300,SUBMISSION,,HYDROGEL_PACK,XIREC,9966.0,12
288300,SUBMISSION,,HYDROGEL_PACK,XIREC,9968.0,25
288400,SUBMISSION,,HYDROGEL_PACK,XIREC,9965.0,14
288400,SUBMISSION,,HYDROGEL_PACK,XIREC,9968.0,21
288500,SUBMISSION,,HYDROGEL_PACK,XIREC,9966.0,13
288500,SUBMISSION,,HYDROGEL_PACK,XIREC,9969.0,24
288600,SUBMISSION,,HYDROGEL_PACK,XIREC,9967.0,10
288700,SUBMISSION,,HYDROGEL_PACK,XIREC,9967.0,13
288700,SUBMISSION,,HYDROGEL_PACK,XIREC,9969.0,25
288800,SUBMISSION,,HYDROGEL_PACK,XIREC,9966.0,10
288800,,SUBMISSION,VEV_4000,XIREC,1273.0,1
288900,SUBMISSION,,HYDROGEL_PACK,XIREC,9962.0,11
288900,SUBMISSION,,HYDROGEL_PACK,XIREC,9965.0,29
289000,SUBMISSION,,HYDROGEL_PACK,XIREC,9960.0,14
289000,SUBMISSION,,HYDROGEL_PACK,XIREC,9963.0,13
289100,,,VELVETFRUIT_EXTRACT,XIREC,5271.0,5
289200,,,VELVETFRUIT_EXTRACT,XIREC,5266.0,11
290900,,,HYDROGEL_PACK,XIREC,9965.0,3
291400,,,VELVETFRUIT_EXTRACT,XIREC,5274.0,5
291800,,,VELVETFRUIT_EXTRACT,XIREC,5270.0,5
292400,,,VELVETFRUIT_EXTRACT,XIREC,5275.0,8
292800,,,HYDROGEL_PACK,XIREC,9951.0,6
295000,,,HYDROGEL_PACK,XIREC,9959.0,5
296900,,,VELVETFRUIT_EXTRACT,XIREC,5270.0,5
297100,,,HYDROGEL_PACK,XIREC,9958.0,3
297400,,,VELVETFRUIT_EXTRACT,XIREC,5275.0,4
297500,SUBMISSION,,VEV_4000,XIREC,1267.0,1
301100,,,HYDROGEL_PACK,XIREC,9966.0,3
301300,,,HYDROGEL_PACK,XIREC,9967.0,2
302400,,,HYDROGEL_PACK,XIREC,9936.0,6
304000,SUBMISSION,,VEV_5400,XIREC,19.0,3
304000,SUBMISSION,,VEV_5500,XIREC,8.0,3
304000,,,VEV_6000,XIREC,0.0,3
304000,,,VEV_6500,XIREC,0.0,3
304200,,,HYDROGEL_PACK,XIREC,9944.0,2
306500,,,HYDROGEL_PACK,XIREC,9967.0,5
307100,,SUBMISSION,VEV_4000,XIREC,1274.0,1
307500,,,VELVETFRUIT_EXTRACT,XIREC,5275.0,8
308000,,,HYDROGEL_PACK,XIREC,9943.0,3
308100,,,HYDROGEL_PACK,XIREC,9945.0,4
308100,,,VELVETFRUIT_EXTRACT,XIREC,5271.0,6
309500,,,VELVETFRUIT_EXTRACT,XIREC,5268.0,4
310100,SUBMISSION,,VEV_5400,XIREC,20.0,5
310100,SUBMISSION,,VEV_5500,XIREC,8.0,5
310100,,,VEV_6000,XIREC,0.0,5
310100,,,VEV_6500,XIREC,0.0,5
310500,,,VELVETFRUIT_EXTRACT,XIREC,5266.0,11
310600,,,VELVETFRUIT_EXTRACT,XIREC,5264.0,3
313000,,,VELVETFRUIT_EXTRACT,XIREC,5267.0,5
314500,SUBMISSION,,VELVETFRUIT_EXTRACT,XIREC,5252.0,4
316200,,,HYDROGEL_PACK,XIREC,9939.0,5
317100,,,HYDROGEL_PACK,XIREC,9929.0,4
318300,,,HYDROGEL_PACK,XIREC,9950.0,4
318900,,,VELVETFRUIT_EXTRACT,XIREC,5250.0,4
319100,SUBMISSION,,VELVETFRUIT_EXTRACT,XIREC,5246.0,9
321900,,,VELVETFRUIT_EXTRACT,XIREC,5253.0,7
322000,SUBMISSION,,VEV_5400,XIREC,16.0,2
322000,SUBMISSION,,VEV_5500,XIREC,7.0,2
322000,,,VEV_6000,XIREC,0.0,2
322000,,,VEV_6500,XIREC,0.0,2
322600,SUBMISSION,,VEV_5200,XIREC,98.0,4
322600,SUBMISSION,,VEV_5500,XIREC,7.0,4
322600,,,VEV_6000,XIREC,0.0,4
322600,,,VEV_6500,XIREC,0.0,4
323300,,SUBMISSION,VEV_4000,XIREC,1257.0,3
323300,,,HYDROGEL_PACK,XIREC,9956.0,5
324100,,,VELVETFRUIT_EXTRACT,XIREC,5254.0,7
324600,,,HYDROGEL_PACK,XIREC,9946.0,6
325300,SUBMISSION,,VEV_4000,XIREC,1242.0,2
326300,,SUBMISSION,VEV_4000,XIREC,1256.0,1
327600,,,HYDROGEL_PACK,XIREC,9928.0,5
327700,,,HYDROGEL_PACK,XIREC,9946.0,6
328000,SUBMISSION,,VEV_4000,XIREC,1248.0,1
328400,SUBMISSION,,VEV_4000,XIREC,1245.0,1
328500,SUBMISSION,,VELVETFRUIT_EXTRACT,XIREC,5250.0,4
331400,SUBMISSION,,VEV_4000,XIREC,1237.0,1
333000,SUBMISSION,,VELVETFRUIT_EXTRACT,XIREC,5237.0,8
333100,SUBMISSION,,VELVETFRUIT_EXTRACT,XIREC,5237.0,4
334900,SUBMISSION,,VEV_4000,XIREC,1242.0,1
335300,SUBMISSION,,VELVETFRUIT_EXTRACT,XIREC,5246.0,3
335300,,,HYDROGEL_PACK,XIREC,9943.0,5
335500,,,HYDROGEL_PACK,XIREC,9961.0,4
338100,,,HYDROGEL_PACK,XIREC,9931.0,3
339500,,,HYDROGEL_PACK,XIREC,9932.0,3
340100,,SUBMISSION,VEV_4000,XIREC,1255.0,2
340500,SUBMISSION,,VELVETFRUIT_EXTRACT,XIREC,5249.0,9
340500,SUBMISSION,,VELVETFRUIT_EXTRACT,XIREC,5249.0,6
340500,,,VELVETFRUIT_EXTRACT,XIREC,5249.0,3
342000,SUBMISSION,,VELVETFRUIT_EXTRACT,XIREC,5250.0,6
342400,,,HYDROGEL_PACK,XIREC,9944.0,5
343100,,,HYDROGEL_PACK,XIREC,9966.0,2
343400,SUBMISSION,,VELVETFRUIT_EXTRACT,XIREC,5251.0,13
343400,SUBMISSION,,VELVETFRUIT_EXTRACT,XIREC,5251.0,2
343400,,,VELVETFRUIT_EXTRACT,XIREC,5251.0,11
344000,,,HYDROGEL_PACK,XIREC,9953.0,5
344200,,,VELVETFRUIT_EXTRACT,XIREC,5253.0,4
345700,SUBMISSION,,VELVETFRUIT_EXTRACT,XIREC,5246.0,7
345700,,,HYDROGEL_PACK,XIREC,9957.0,6
345900,,,HYDROGEL_PACK,XIREC,9958.0,3
348500,,,HYDROGEL_PACK,XIREC,9964.0,5
350300,SUBMISSION,,VEV_5400,XIREC,15.0,4
350300,SUBMISSION,,VEV_5500,XIREC,6.0,4
350300,,,VEV_6000,XIREC,0.0,4
350300,,,VEV_6500,XIREC,0.0,4
350900,,SUBMISSION,VEV_4000,XIREC,1251.0,3
351000,,SUBMISSION,HYDROGEL_PACK,XIREC,9972.0,3
356800,SUBMISSION,,VEV_4000,XIREC,1239.0,2
357100,,,HYDROGEL_PACK,XIREC,9963.0,6
358100,SUBMISSION,,VELVETFRUIT_EXTRACT,XIREC,5246.0,6
358300,SUBMISSION,,VEV_4000,XIREC,1242.0,3
358500,,,HYDROGEL_PACK,XIREC,9960.0,6
359600,SUBMISSION,,VELVETFRUIT_EXTRACT,XIREC,5249.0,14
360600,,,HYDROGEL_PACK,XIREC,9951.0,2
362700,,,HYDROGEL_PACK,XIREC,9961.0,3
363100,,SUBMISSION,HYDROGEL_PACK,XIREC,9982.0,4
364000,,SUBMISSION,VELVETFRUIT_EXTRACT,XIREC,5252.0,10
364800,,SUBMISSION,HYDROGEL_PACK,XIREC,9977.0,5
364900,SUBMISSION,,VELVETFRUIT_EXTRACT,XIREC,5251.0,7
365000,SUBMISSION,,VEV_4000,XIREC,1247.0,2
365600,SUBMISSION,,VELVETFRUIT_EXTRACT,XIREC,5251.0,8
367900,,,VELVETFRUIT_EXTRACT,XIREC,5248.0,5
368500,,SUBMISSION,HYDROGEL_PACK,XIREC,9982.0,6
371400,SUBMISSION,,HYDROGEL_PACK,XIREC,9954.0,2
373400,,SUBMISSION,HYDROGEL_PACK,XIREC,9969.0,3
373700,SUBMISSION,,HYDROGEL_PACK,XIREC,9955.0,5
374100,,,VELVETFRUIT_EXTRACT,XIREC,5253.0,6
374400,,,VELVETFRUIT_EXTRACT,XIREC,5253.0,4
374800,SUBMISSION,,VEV_4000,XIREC,1247.0,3
375100,SUBMISSION,,HYDROGEL_PACK,XIREC,9948.0,2
376300,SUBMISSION,,VEV_4000,XIREC,1241.0,2
376600,SUBMISSION,,VEV_5300,XIREC,46.0,5
376600,SUBMISSION,,VEV_5400,XIREC,15.0,5
376600,SUBMISSION,,VEV_5500,XIREC,6.0,5
376600,,,VEV_6000,XIREC,0.0,5
376600,,,VEV_6500,XIREC,0.0,5
377900,SUBMISSION,,VEV_5300,XIREC,47.0,2
377900,SUBMISSION,,VEV_5500,XIREC,6.0,2
377900,,,VEV_6000,XIREC,0.0,2
377900,,,VEV_6500,XIREC,0.0,2
380100,,,HYDROGEL_PACK,XIREC,9957.0,6
380400,SUBMISSION,,HYDROGEL_PACK,XIREC,9953.0,12
380700,,,HYDROGEL_PACK,XIREC,9948.0,4
380900,SUBMISSION,,VELVETFRUIT_EXTRACT,XIREC,5251.0,8
381700,,SUBMISSION,VELVETFRUIT_EXTRACT,XIREC,5254.0,8
383300,,,HYDROGEL_PACK,XIREC,9945.0,5
383600,,,HYDROGEL_PACK,XIREC,9948.0,4
383700,SUBMISSION,,VELVETFRUIT_EXTRACT,XIREC,5247.0,7
384200,SUBMISSION,,VEV_4000,XIREC,1244.0,1
384500,SUBMISSION,,VEV_4000,XIREC,1243.0,3
385800,,,HYDROGEL_PACK,XIREC,9943.0,6
385900,SUBMISSION,,VELVETFRUIT_EXTRACT,XIREC,5246.0,3
386000,SUBMISSION,,VELVETFRUIT_EXTRACT,XIREC,5245.0,8
386800,,SUBMISSION,VEV_4000,XIREC,1252.0,2
390100,,,VELVETFRUIT_EXTRACT,XIREC,5244.0,10
390800,SUBMISSION,,VEV_4000,XIREC,1238.0,3
392300,SUBMISSION,,VELVETFRUIT_EXTRACT,XIREC,5243.0,5
393000,SUBMISSION,,VELVETFRUIT_EXTRACT,XIREC,5243.0,4
393900,SUBMISSION,,VELVETFRUIT_EXTRACT,XIREC,5242.0,6
394700,SUBMISSION,,VELVETFRUIT_EXTRACT,XIREC,5238.0,8
394800,,,HYDROGEL_PACK,XIREC,9941.0,5
396000,,,VELVETFRUIT_EXTRACT,XIREC,5246.0,8
396200,SUBMISSION,,VELVETFRUIT_EXTRACT,XIREC,5241.0,7
396300,,,HYDROGEL_PACK,XIREC,9956.0,4
397800,,,HYDROGEL_PACK,XIREC,9950.0,4
398400,SUBMISSION,,VELVETFRUIT_EXTRACT,XIREC,5236.0,6
399700,SUBMISSION,,VEV_5400,XIREC,14.0,5
399700,SUBMISSION,,VEV_5500,XIREC,6.0,5
399700,,,VEV_6000,XIREC,0.0,5
399700,,,VEV_6500,XIREC,0.0,5
399900,SUBMISSION,,VEV_4000,XIREC,1236.0,1
400100,SUBMISSION,,VELVETFRUIT_EXTRACT,XIREC,5241.0,8
400600,SUBMISSION,,VELVETFRUIT_EXTRACT,XIREC,5244.0,14
401900,SUBMISSION,,VELVETFRUIT_EXTRACT,XIREC,5243.0,8
402400,SUBMISSION,,VELVETFRUIT_EXTRACT,XIREC,5241.0,6
403500,SUBMISSION,,VELVETFRUIT_EXTRACT,XIREC,5240.0,8
403600,,,HYDROGEL_PACK,XIREC,9922.0,6
404200,,,VELVETFRUIT_EXTRACT,XIREC,5247.0,4
406400,,,VELVETFRUIT_EXTRACT,XIREC,5246.0,5
407900,SUBMISSION,,VELVETFRUIT_EXTRACT,XIREC,5239.0,12
409300,,,HYDROGEL_PACK,XIREC,9929.0,6
410400,SUBMISSION,,VEV_5400,XIREC,13.0,3
410400,SUBMISSION,,VEV_5500,XIREC,5.0,3
410400,,,VEV_6000,XIREC,0.0,3
410400,,,VEV_6500,XIREC,0.0,3
410600,,,VELVETFRUIT_EXTRACT,XIREC,5239.0,6
411000,,,HYDROGEL_PACK,XIREC,9951.0,4
411200,,,VELVETFRUIT_EXTRACT,XIREC,5236.0,7
411300,,,VELVETFRUIT_EXTRACT,XIREC,5236.0,7
411400,,,HYDROGEL_PACK,XIREC,9952.0,3
412300,,,HYDROGEL_PACK,XIREC,9953.0,2
414000,,SUBMISSION,HYDROGEL_PACK,XIREC,9961.0,2
414400,,,HYDROGEL_PACK,XIREC,9945.0,3
414800,,,HYDROGEL_PACK,XIREC,9940.0,3
415700,,,VELVETFRUIT_EXTRACT,XIREC,5234.0,3
419700,,SUBMISSION,VEV_4000,XIREC,1236.0,1
419900,,,VELVETFRUIT_EXTRACT,XIREC,5231.0,6
421500,,,HYDROGEL_PACK,XIREC,9946.0,3
424500,,,VELVETFRUIT_EXTRACT,XIREC,5235.0,7
425100,SUBMISSION,,VELVETFRUIT_EXTRACT,XIREC,5233.0,15
425400,,SUBMISSION,VEV_4000,XIREC,1241.0,1
426800,SUBMISSION,,VELVETFRUIT_EXTRACT,XIREC,5233.0,8
427000,,,HYDROGEL_PACK,XIREC,9950.0,2
427600,,,VELVETFRUIT_EXTRACT,XIREC,5237.0,8
428000,SUBMISSION,,VEV_5400,XIREC,13.0,2
428000,SUBMISSION,,VEV_5500,XIREC,5.0,2
428000,,,VEV_6000,XIREC,0.0,2
428000,,,VEV_6500,XIREC,0.0,2
430200,,,VELVETFRUIT_EXTRACT,XIREC,5230.0,3
431000,,,VELVETFRUIT_EXTRACT,XIREC,5233.0,5
431100,SUBMISSION,,HYDROGEL_PACK,XIREC,9944.0,2
431700,,,VELVETFRUIT_EXTRACT,XIREC,5233.0,4
432100,,,VELVETFRUIT_EXTRACT,XIREC,5234.0,3
435300,SUBMISSION,,VELVETFRUIT_EXTRACT,XIREC,5226.0,8
436200,,,HYDROGEL_PACK,XIREC,9935.0,5
437100,,SUBMISSION,VEV_4000,XIREC,1233.0,1
437100,,SUBMISSION,VEV_4500,XIREC,733.0,1
437100,,SUBMISSION,VEV_5200,XIREC,87.0,1
437100,,SUBMISSION,VEV_5300,XIREC,41.0,1
437100,SUBMISSION,,VEV_5400,XIREC,13.0,4
437100,SUBMISSION,,VEV_5500,XIREC,5.0,4
437100,,,VEV_5000,XIREC,238.0,1
437100,,,VEV_5100,XIREC,152.0,1
437100,,,VEV_6000,XIREC,0.0,4
437100,,,VEV_6500,XIREC,0.0,4
438000,SUBMISSION,,VELVETFRUIT_EXTRACT,XIREC,5231.0,7
440300,,,HYDROGEL_PACK,XIREC,9922.0,2
441300,,,HYDROGEL_PACK,XIREC,9902.0,2
443600,,,HYDROGEL_PACK,XIREC,9908.0,2
444000,SUBMISSION,,VEV_4000,XIREC,1235.0,3
444300,SUBMISSION,,VELVETFRUIT_EXTRACT,XIREC,5239.0,7
445900,,SUBMISSION,VELVETFRUIT_EXTRACT,XIREC,5244.0,4
445900,,SUBMISSION,VELVETFRUIT_EXTRACT,XIREC,5248.0,4
446200,,SUBMISSION,VELVETFRUIT_EXTRACT,XIREC,5246.0,7
446500,,SUBMISSION,VELVETFRUIT_EXTRACT,XIREC,5247.0,17
446500,,SUBMISSION,VELVETFRUIT_EXTRACT,XIREC,5246.0,36
446600,,SUBMISSION,VELVETFRUIT_EXTRACT,XIREC,5249.0,21
446600,,SUBMISSION,VELVETFRUIT_EXTRACT,XIREC,5248.0,43
446700,,SUBMISSION,VELVETFRUIT_EXTRACT,XIREC,5249.0,19
446700,,SUBMISSION,VELVETFRUIT_EXTRACT,XIREC,5248.0,42
446800,,SUBMISSION,VELVETFRUIT_EXTRACT,XIREC,5250.0,19
446800,,SUBMISSION,VELVETFRUIT_EXTRACT,XIREC,5249.0,34
446900,,SUBMISSION,VELVETFRUIT_EXTRACT,XIREC,5250.0,9
448100,,,VELVETFRUIT_EXTRACT,XIREC,5254.0,3
448700,SUBMISSION,,VEV_4000,XIREC,1243.0,3
450000,,,HYDROGEL_PACK,XIREC,9932.0,5
453500,,,VELVETFRUIT_EXTRACT,XIREC,5245.0,8
453600,,,VELVETFRUIT_EXTRACT,XIREC,5252.0,4
454800,,,VELVETFRUIT_EXTRACT,XIREC,5245.0,3
455200,,,VELVETFRUIT_EXTRACT,XIREC,5244.0,6
455400,,SUBMISSION,VEV_4000,XIREC,1252.0,1
455700,SUBMISSION,,VEV_5400,XIREC,15.0,4
455700,SUBMISSION,,VEV_5500,XIREC,6.0,4
455700,,,VEV_6000,XIREC,0.0,4
455700,,,VEV_6500,XIREC,0.0,4
457700,,,HYDROGEL_PACK,XIREC,9914.0,4
458400,,,VELVETFRUIT_EXTRACT,XIREC,5248.0,3
459900,SUBMISSION,,VEV_4000,XIREC,1244.0,2
459900,,,VELVETFRUIT_EXTRACT,XIREC,5252.0,8
460400,SUBMISSION,,VEV_5300,XIREC,47.0,3
460400,SUBMISSION,,VEV_5400,XIREC,16.0,3
460400,SUBMISSION,,VEV_5500,XIREC,6.0,3
460400,,,VEV_6000,XIREC,0.0,3
460400,,,VEV_6500,XIREC,0.0,3
460700,,,VELVETFRUIT_EXTRACT,XIREC,5254.0,6
462300,,,VELVETFRUIT_EXTRACT,XIREC,5259.0,8
462500,,,HYDROGEL_PACK,XIREC,9932.0,2
464200,SUBMISSION,,VEV_4000,XIREC,1246.0,1
465300,,,VELVETFRUIT_EXTRACT,XIREC,5255.0,8
468000,,,VELVETFRUIT_EXTRACT,XIREC,5247.0,3
469300,,,VELVETFRUIT_EXTRACT,XIREC,5252.0,6
469600,,,VELVETFRUIT_EXTRACT,XIREC,5252.0,7
470400,,,VELVETFRUIT_EXTRACT,XIREC,5257.0,4
472600,,,VELVETFRUIT_EXTRACT,XIREC,5249.0,3
475400,,,VELVETFRUIT_EXTRACT,XIREC,5254.0,7
475500,SUBMISSION,,VEV_4000,XIREC,1249.0,1
476200,,SUBMISSION,HYDROGEL_PACK,XIREC,9958.0,3
476500,SUBMISSION,,VEV_5400,XIREC,17.0,2
476500,SUBMISSION,,VEV_5500,XIREC,7.0,2
476500,,,VEV_6000,XIREC,0.0,2
476500,,,VEV_6500,XIREC,0.0,2
477600,,,HYDROGEL_PACK,XIREC,9941.0,5
477900,,,VELVETFRUIT_EXTRACT,XIREC,5258.0,5
478900,,,VELVETFRUIT_EXTRACT,XIREC,5250.0,4
479100,,SUBMISSION,HYDROGEL_PACK,XIREC,9972.0,5
480100,,,VELVETFRUIT_EXTRACT,XIREC,5250.0,10
480700,,SUBMISSION,VEV_4000,XIREC,1254.0,2
480900,SUBMISSION,,VEV_4000,XIREC,1244.0,2
481300,,SUBMISSION,VEV_4000,XIREC,1252.0,3
483100,,,VELVETFRUIT_EXTRACT,XIREC,5245.0,8
483200,,SUBMISSION,VEV_4000,XIREC,1247.0,3
483600,SUBMISSION,,VELVETFRUIT_EXTRACT,XIREC,5239.0,9
483800,SUBMISSION,,VELVETFRUIT_EXTRACT,XIREC,5239.0,7
485300,,,HYDROGEL_PACK,XIREC,9952.0,3
486400,SUBMISSION,,VELVETFRUIT_EXTRACT,XIREC,5240.0,7
487100,SUBMISSION,,VELVETFRUIT_EXTRACT,XIREC,5240.0,20
487500,SUBMISSION,,VELVETFRUIT_EXTRACT,XIREC,5240.0,16
489600,,,HYDROGEL_PACK,XIREC,9948.0,4
489700,SUBMISSION,,VELVETFRUIT_EXTRACT,XIREC,5238.0,6
489700,SUBMISSION,,VEV_5300,XIREC,43.0,4
489700,SUBMISSION,,VEV_5400,XIREC,14.0,4
489700,SUBMISSION,,VEV_5500,XIREC,5.0,4
489700,,,VEV_6000,XIREC,0.0,4
489700,,,VEV_6500,XIREC,0.0,4
490900,,SUBMISSION,VELVETFRUIT_EXTRACT,XIREC,5246.0,5
491100,SUBMISSION,,VEV_4000,XIREC,1238.0,3
492100,SUBMISSION,,VELVETFRUIT_EXTRACT,XIREC,5242.0,5
493900,SUBMISSION,,VELVETFRUIT_EXTRACT,XIREC,5238.0,3
494500,,SUBMISSION,HYDROGEL_PACK,XIREC,9974.0,4
494700,SUBMISSION,,VEV_4000,XIREC,1233.0,2
494900,SUBMISSION,,VELVETFRUIT_EXTRACT,XIREC,5238.0,6
495000,SUBMISSION,,VELVETFRUIT_EXTRACT,XIREC,5239.0,20
495000,SUBMISSION,,VELVETFRUIT_EXTRACT,XIREC,5240.0,32
495100,SUBMISSION,,VELVETFRUIT_EXTRACT,XIREC,5240.0,59
495200,SUBMISSION,,VELVETFRUIT_EXTRACT,XIREC,5240.0,18
495200,SUBMISSION,,VELVETFRUIT_EXTRACT,XIREC,5241.0,40
495300,SUBMISSION,,VELVETFRUIT_EXTRACT,XIREC,5241.0,57
495300,,,HYDROGEL_PACK,XIREC,9964.0,5
495500,SUBMISSION,,VELVETFRUIT_EXTRACT,XIREC,5240.0,22
496200,,SUBMISSION,HYDROGEL_PACK,XIREC,9975.0,3
496200,SUBMISSION,,VELVETFRUIT_EXTRACT,XIREC,5240.0,5
496300,,SUBMISSION,HYDROGEL_PACK,XIREC,9976.0,8
496300,SUBMISSION,,VEV_4000,XIREC,1235.0,2
496400,,SUBMISSION,HYDROGEL_PACK,XIREC,9977.0,10
496400,,SUBMISSION,HYDROGEL_PACK,XIREC,9974.0,3
497900,,SUBMISSION,HYDROGEL_PACK,XIREC,9979.0,14
497900,,SUBMISSION,HYDROGEL_PACK,XIREC,9976.0,29
498200,,SUBMISSION,HYDROGEL_PACK,XIREC,9981.0,10
498200,,SUBMISSION,HYDROGEL_PACK,XIREC,9978.0,30
498200,SUBMISSION,,VELVETFRUIT_EXTRACT,XIREC,5240.0,6
498200,,,VELVETFRUIT_EXTRACT,XIREC,5241.0,5
498300,,SUBMISSION,HYDROGEL_PACK,XIREC,9981.0,12
498300,,SUBMISSION,HYDROGEL_PACK,XIREC,9979.0,23
498400,,SUBMISSION,HYDROGEL_PACK,XIREC,9982.0,12
498400,,SUBMISSION,HYDROGEL_PACK,XIREC,9979.0,23
498400,SUBMISSION,,VELVETFRUIT_EXTRACT,XIREC,5239.0,7
498500,,SUBMISSION,HYDROGEL_PACK,XIREC,9984.0,14
498500,,SUBMISSION,HYDROGEL_PACK,XIREC,9982.0,24
498600,,SUBMISSION,HYDROGEL_PACK,XIREC,9987.0,10
498600,,SUBMISSION,HYDROGEL_PACK,XIREC,9985.0,26
498700,,SUBMISSION,HYDROGEL_PACK,XIREC,9987.0,14
498700,,SUBMISSION,HYDROGEL_PACK,XIREC,9984.0,21
498800,,SUBMISSION,HYDROGEL_PACK,XIREC,9989.0,14
498800,,SUBMISSION,HYDROGEL_PACK,XIREC,9986.0,21
498900,,SUBMISSION,HYDROGEL_PACK,XIREC,9990.0,11
498900,,SUBMISSION,HYDROGEL_PACK,XIREC,9988.0,27
499000,,SUBMISSION,HYDROGEL_PACK,XIREC,9992.0,14
499000,,SUBMISSION,HYDROGEL_PACK,XIREC,9990.0,11
499100,,SUBMISSION,HYDROGEL_PACK,XIREC,9994.0,2
499400,,SUBMISSION,HYDROGEL_PACK,XIREC,9995.0,1
499900,,,HYDROGEL_PACK,XIREC,9990.0,6
500800,,,HYDROGEL_PACK,XIREC,9987.0,4
501400,,,HYDROGEL_PACK,XIREC,9987.0,6
502000,,,HYDROGEL_PACK,XIREC,9985.0,3
502300,,SUBMISSION,VELVETFRUIT_EXTRACT,XIREC,5249.0,22
502500,,SUBMISSION,VELVETFRUIT_EXTRACT,XIREC,5249.0,68
502600,,SUBMISSION,VELVETFRUIT_EXTRACT,XIREC,5249.0,22
502600,,SUBMISSION,VELVETFRUIT_EXTRACT,XIREC,5248.0,31
502700,SUBMISSION,,VEV_5500,XIREC,6.0,2
502700,,,VEV_6000,XIREC,0.0,2
502700,,,VEV_6500,XIREC,0.0,2
502800,,SUBMISSION,VELVETFRUIT_EXTRACT,XIREC,5248.0,57
502900,,SUBMISSION,VELVETFRUIT_EXTRACT,XIREC,5250.0,23
502900,,SUBMISSION,VELVETFRUIT_EXTRACT,XIREC,5249.0,30
503000,,SUBMISSION,HYDROGEL_PACK,XIREC,9998.0,1
503000,,SUBMISSION,VELVETFRUIT_EXTRACT,XIREC,5250.0,24
503000,,SUBMISSION,VELVETFRUIT_EXTRACT,XIREC,5249.0,33
503100,,SUBMISSION,VELVETFRUIT_EXTRACT,XIREC,5250.0,30
503500,SUBMISSION,,VEV_4000,XIREC,1245.0,3
503500,,,HYDROGEL_PACK,XIREC,9994.0,6
505300,,,VELVETFRUIT_EXTRACT,XIREC,5256.0,3
506200,,,VELVETFRUIT_EXTRACT,XIREC,5254.0,5
507200,,,HYDROGEL_PACK,XIREC,10012.0,4
507800,,,HYDROGEL_PACK,XIREC,9992.0,6
509100,SUBMISSION,,VEV_4000,XIREC,1255.0,3
509700,,,VELVETFRUIT_EXTRACT,XIREC,5260.0,13
509900,,,HYDROGEL_PACK,XIREC,10005.0,5
510100,,,HYDROGEL_PACK,XIREC,10003.0,3
513200,,,HYDROGEL_PACK,XIREC,10010.0,5
514100,,,VELVETFRUIT_EXTRACT,XIREC,5263.0,7
514500,,,VELVETFRUIT_EXTRACT,XIREC,5265.0,6
515200,,,HYDROGEL_PACK,XIREC,10000.0,4
516800,,,VELVETFRUIT_EXTRACT,XIREC,5261.0,5
517900,SUBMISSION,,VEV_4000,XIREC,1254.0,1
518800,,SUBMISSION,VEV_4000,XIREC,1266.0,1
519000,,,HYDROGEL_PACK,XIREC,10002.0,5
519100,SUBMISSION,,VEV_4000,XIREC,1251.0,2
519400,,,HYDROGEL_PACK,XIREC,10017.0,2
519500,SUBMISSION,,VEV_5300,XIREC,50.0,4
519500,SUBMISSION,,VEV_5400,XIREC,17.0,4
519500,SUBMISSION,,VEV_5500,XIREC,6.0,4
519500,,,VEV_6000,XIREC,0.0,4
519500,,,VEV_6500,XIREC,0.0,4
520400,,,HYDROGEL_PACK,XIREC,10019.0,2
520500,,,VELVETFRUIT_EXTRACT,XIREC,5256.0,4
521100,SUBMISSION,,VEV_4000,XIREC,1253.0,2
521800,,,VELVETFRUIT_EXTRACT,XIREC,5265.0,3
523300,,,VELVETFRUIT_EXTRACT,XIREC,5262.0,3
524000,SUBMISSION,,VEV_5400,XIREC,17.0,4
524000,SUBMISSION,,VEV_5500,XIREC,7.0,4
524000,,,VEV_6000,XIREC,0.0,4
524000,,,VEV_6500,XIREC,0.0,4
524500,,,VELVETFRUIT_EXTRACT,XIREC,5259.0,7
525500,SUBMISSION,,VEV_4000,XIREC,1252.0,1
526200,,,VELVETFRUIT_EXTRACT,XIREC,5250.0,8
526600,,,HYDROGEL_PACK,XIREC,10021.0,4
527700,,,HYDROGEL_PACK,XIREC,10021.0,6
527700,,,VELVETFRUIT_EXTRACT,XIREC,5255.0,6
528600,,,VELVETFRUIT_EXTRACT,XIREC,5254.0,4
529400,,,VELVETFRUIT_EXTRACT,XIREC,5256.0,4
530000,,,VELVETFRUIT_EXTRACT,XIREC,5249.0,6
530300,,,HYDROGEL_PACK,XIREC,10010.0,3
530600,,,HYDROGEL_PACK,XIREC,10010.0,5
533100,,,HYDROGEL_PACK,XIREC,10029.0,2
533400,,,HYDROGEL_PACK,XIREC,10030.0,5
534100,SUBMISSION,,VELVETFRUIT_EXTRACT,XIREC,5245.0,3
534800,,,HYDROGEL_PACK,XIREC,10018.0,3
537500,,,HYDROGEL_PACK,XIREC,10014.0,2
537500,,,VELVETFRUIT_EXTRACT,XIREC,5241.0,4
537900,SUBMISSION,,VELVETFRUIT_EXTRACT,XIREC,5240.0,6
538000,,,HYDROGEL_PACK,XIREC,10024.0,2
538900,,,HYDROGEL_PACK,XIREC,10022.0,6
540700,SUBMISSION,,VELVETFRUIT_EXTRACT,XIREC,5239.0,7
542600,,,HYDROGEL_PACK,XIREC,10012.0,6
544300,SUBMISSION,,VELVETFRUIT_EXTRACT,XIREC,5237.0,4
544400,,,VELVETFRUIT_EXTRACT,XIREC,5240.0,6
544500,,SUBMISSION,VEV_4000,XIREC,1241.0,2
545000,SUBMISSION,,VELVETFRUIT_EXTRACT,XIREC,5236.0,4
547600,SUBMISSION,,VEV_5400,XIREC,12.0,4
547600,,,VEV_6000,XIREC,0.0,4
547600,,,VEV_6500,XIREC,0.0,4
547800,SUBMISSION,,VELVETFRUIT_EXTRACT,XIREC,5233.0,3
548400,SUBMISSION,,VEV_5400,XIREC,12.0,5
548400,,,VEV_6000,XIREC,0.0,5
548400,,,VEV_6500,XIREC,0.0,5
549800,,,VELVETFRUIT_EXTRACT,XIREC,5236.0,5
550300,,SUBMISSION,VEV_4000,XIREC,1237.0,1
550400,,,HYDROGEL_PACK,XIREC,9998.0,2
550900,SUBMISSION,,VEV_4000,XIREC,1226.0,2
551600,,,VELVETFRUIT_EXTRACT,XIREC,5234.0,8
552300,SUBMISSION,,VELVETFRUIT_EXTRACT,XIREC,5231.0,14
552600,,SUBMISSION,VEV_4000,XIREC,1239.0,3
553100,SUBMISSION,,VEV_5300,XIREC,39.0,4
553100,SUBMISSION,,VEV_5500,XIREC,4.0,4
553100,,,VEV_6000,XIREC,0.0,4
553100,,,VEV_6500,XIREC,0.0,4
553300,,,HYDROGEL_PACK,XIREC,10032.0,6
556400,,,VELVETFRUIT_EXTRACT,XIREC,5228.0,8
556900,SUBMISSION,,VEV_4000,XIREC,1224.0,3
557200,SUBMISSION,,VELVETFRUIT_EXTRACT,XIREC,5226.0,4
563500,SUBMISSION,,VELVETFRUIT_EXTRACT,XIREC,5227.0,8
563600,,,HYDROGEL_PACK,XIREC,9991.0,2
564000,SUBMISSION,,VELVETFRUIT_EXTRACT,XIREC,5231.0,12
564000,SUBMISSION,,VELVETFRUIT_EXTRACT,XIREC,5231.0,3
564000,,,VELVETFRUIT_EXTRACT,XIREC,5231.0,9
564300,SUBMISSION,,VEV_5200,XIREC,84.0,2
564300,SUBMISSION,,VEV_5300,XIREC,40.0,2
564300,SUBMISSION,,VEV_5400,XIREC,12.0,2
564300,SUBMISSION,,VEV_5500,XIREC,4.0,2
564300,,,VEV_6000,XIREC,0.0,2
564300,,,VEV_6500,XIREC,0.0,2
564900,,,VELVETFRUIT_EXTRACT,XIREC,5236.0,6
565500,,,VELVETFRUIT_EXTRACT,XIREC,5239.0,7
566100,,,HYDROGEL_PACK,XIREC,10011.0,4
567200,SUBMISSION,,VEV_5400,XIREC,13.0,2
567200,SUBMISSION,,VEV_5500,XIREC,5.0,2
567200,,,VEV_6000,XIREC,0.0,2
567200,,,VEV_6500,XIREC,0.0,2
567700,,SUBMISSION,VEV_4000,XIREC,1241.0,1
568200,,,VELVETFRUIT_EXTRACT,XIREC,5237.0,7
568600,SUBMISSION,,VELVETFRUIT_EXTRACT,XIREC,5237.0,15
568700,,,HYDROGEL_PACK,XIREC,10000.0,5
568800,,SUBMISSION,VEV_4000,XIREC,1245.0,2
568900,SUBMISSION,,VEV_5300,XIREC,43.0,4
568900,SUBMISSION,,VEV_5400,XIREC,13.0,4
568900,SUBMISSION,,VEV_5500,XIREC,5.0,4
568900,,,VEV_6000,XIREC,0.0,4
568900,,,VEV_6500,XIREC,0.0,4
569900,SUBMISSION,,VEV_4000,XIREC,1232.0,1
570200,,,VELVETFRUIT_EXTRACT,XIREC,5236.0,7
570700,SUBMISSION,,VELVETFRUIT_EXTRACT,XIREC,5236.0,14
571600,SUBMISSION,,VELVETFRUIT_EXTRACT,XIREC,5236.0,7
574000,,,VELVETFRUIT_EXTRACT,XIREC,5238.0,3
574800,SUBMISSION,,VEV_5400,XIREC,12.0,2
574800,SUBMISSION,,VEV_5500,XIREC,4.0,2
574800,,,VEV_6000,XIREC,0.0,2
574800,,,VEV_6500,XIREC,0.0,2
575800,SUBMISSION,,VEV_5500,XIREC,5.0,5
575800,,,VELVETFRUIT_EXTRACT,XIREC,5235.0,8
575800,,,VEV_6000,XIREC,0.0,5
575800,,,VEV_6500,XIREC,0.0,5
576400,SUBMISSION,,VELVETFRUIT_EXTRACT,XIREC,5234.0,3
576700,,SUBMISSION,VEV_4000,XIREC,1240.0,2
578400,,,VELVETFRUIT_EXTRACT,XIREC,5237.0,5
578600,,,HYDROGEL_PACK,XIREC,10014.0,3
578800,,,HYDROGEL_PACK,XIREC,9998.0,6
580600,,,HYDROGEL_PACK,XIREC,10001.0,4
581100,,,VELVETFRUIT_EXTRACT,XIREC,5240.0,7
581700,,,VELVETFRUIT_EXTRACT,XIREC,5237.0,3
582900,,,VELVETFRUIT_EXTRACT,XIREC,5236.0,9
584800,SUBMISSION,,VELVETFRUIT_EXTRACT,XIREC,5235.0,7
584900,SUBMISSION,,VELVETFRUIT_EXTRACT,XIREC,5235.0,7
587200,,,VELVETFRUIT_EXTRACT,XIREC,5242.0,3
587400,,SUBMISSION,VELVETFRUIT_EXTRACT,XIREC,5245.0,25
587700,,SUBMISSION,VELVETFRUIT_EXTRACT,XIREC,5246.0,11
588200,SUBMISSION,,VEV_5300,XIREC,45.0,4
588200,SUBMISSION,,VEV_5400,XIREC,14.0,4
588200,SUBMISSION,,VEV_5500,XIREC,5.0,4
588200,,,VEV_6000,XIREC,0.0,4
588200,,,VEV_6500,XIREC,0.0,4
588600,,,VELVETFRUIT_EXTRACT,XIREC,5245.0,5
589100,SUBMISSION,,VEV_4000,XIREC,1239.0,3
590100,,,HYDROGEL_PACK,XIREC,9989.0,2
594900,SUBMISSION,,VELVETFRUIT_EXTRACT,XIREC,5240.0,4
595300,SUBMISSION,,VELVETFRUIT_EXTRACT,XIREC,5239.0,8
596300,,,HYDROGEL_PACK,XIREC,10027.0,2
597200,SUBMISSION,,VELVETFRUIT_EXTRACT,XIREC,5238.0,7
597400,SUBMISSION,,VELVETFRUIT_EXTRACT,XIREC,5238.0,4
599600,SUBMISSION,,VEV_4000,XIREC,1231.0,1
600000,,,VELVETFRUIT_EXTRACT,XIREC,5237.0,7
600100,SUBMISSION,,VEV_4000,XIREC,1228.0,2
600400,,,HYDROGEL_PACK,XIREC,10035.0,4
601200,SUBMISSION,,VEV_4000,XIREC,1228.0,1
601700,,,HYDROGEL_PACK,XIREC,10013.0,2
603000,,,VELVETFRUIT_EXTRACT,XIREC,5234.0,6
604600,SUBMISSION,,VEV_5300,XIREC,39.0,5
604600,SUBMISSION,,VEV_5400,XIREC,11.0,5
604600,SUBMISSION,,VEV_5500,XIREC,4.0,5
604600,,,VEV_6000,XIREC,0.0,5
604600,,,VEV_6500,XIREC,0.0,5
604700,,,HYDROGEL_PACK,XIREC,10017.0,5
605700,SUBMISSION,,VELVETFRUIT_EXTRACT,XIREC,5227.0,7
606400,,,HYDROGEL_PACK,XIREC,10020.0,5
608100,,SUBMISSION,VEV_4000,XIREC,1225.0,2
608500,,,VELVETFRUIT_EXTRACT,XIREC,5218.0,10
609900,SUBMISSION,,VELVETFRUIT_EXTRACT,XIREC,5223.0,6
612500,SUBMISSION,,VELVETFRUIT_EXTRACT,XIREC,5220.0,5
612900,SUBMISSION,,VELVETFRUIT_EXTRACT,XIREC,5224.0,8
612900,,,VELVETFRUIT_EXTRACT,XIREC,5225.0,10
614100,,,HYDROGEL_PACK,XIREC,9998.0,4
616300,SUBMISSION,,VELVETFRUIT_EXTRACT,XIREC,5229.0,5
617400,SUBMISSION,,VELVETFRUIT_EXTRACT,XIREC,5232.0,7
617900,SUBMISSION,,VEV_5300,XIREC,40.0,2
617900,SUBMISSION,,VEV_5400,XIREC,12.0,2
617900,SUBMISSION,,VEV_5500,XIREC,4.0,2
617900,,,VEV_6000,XIREC,0.0,2
617900,,,VEV_6500,XIREC,0.0,2
618300,SUBMISSION,,VEV_5300,XIREC,40.0,2
618300,SUBMISSION,,VEV_5400,XIREC,12.0,2
618300,SUBMISSION,,VEV_5500,XIREC,4.0,2
618300,,,VEV_6000,XIREC,0.0,2
618300,,,VEV_6500,XIREC,0.0,2
618900,,,VELVETFRUIT_EXTRACT,XIREC,5231.0,3
619800,,,VELVETFRUIT_EXTRACT,XIREC,5236.0,7
620500,,,VELVETFRUIT_EXTRACT,XIREC,5235.0,3
621700,,SUBMISSION,VEV_4000,XIREC,1240.0,3
621800,,,HYDROGEL_PACK,XIREC,9993.0,2
621900,,,VELVETFRUIT_EXTRACT,XIREC,5236.0,6
622400,SUBMISSION,,VELVETFRUIT_EXTRACT,XIREC,5235.0,13
622400,SUBMISSION,,VELVETFRUIT_EXTRACT,XIREC,5235.0,2
622400,,,VELVETFRUIT_EXTRACT,XIREC,5235.0,11
622800,SUBMISSION,,VEV_4000,XIREC,1232.0,1
623800,,SUBMISSION,VELVETFRUIT_EXTRACT,XIREC,5239.0,8
624400,SUBMISSION,,VEV_5200,XIREC,88.0,2
624400,SUBMISSION,,VEV_5300,XIREC,42.0,2
624400,SUBMISSION,,VEV_5400,XIREC,13.0,2
624400,SUBMISSION,,VEV_5500,XIREC,5.0,2
624400,,,VEV_6000,XIREC,0.0,2
624400,,,VEV_6500,XIREC,0.0,2
624700,,SUBMISSION,VELVETFRUIT_EXTRACT,XIREC,5241.0,5
625100,,,HYDROGEL_PACK,XIREC,10004.0,2
626000,SUBMISSION,,VELVETFRUIT_EXTRACT,XIREC,5233.0,4
628100,,,VELVETFRUIT_EXTRACT,XIREC,5231.0,6
628300,SUBMISSION,,VELVETFRUIT_EXTRACT,XIREC,5226.0,7
630400,,,HYDROGEL_PACK,XIREC,10019.0,5
630500,SUBMISSION,,VELVETFRUIT_EXTRACT,XIREC,5220.0,8
631500,,SUBMISSION,VEV_4000,XIREC,1225.0,3
631700,SUBMISSION,,VEV_5400,XIREC,10.0,3
631700,,,VEV_6000,XIREC,0.0,3
631700,,,VEV_6500,XIREC,0.0,3
632800,,,VELVETFRUIT_EXTRACT,XIREC,5216.0,7
634500,,,VELVETFRUIT_EXTRACT,XIREC,5218.0,5
634800,SUBMISSION,,VELVETFRUIT_EXTRACT,XIREC,5215.0,6
634800,,,VELVETFRUIT_EXTRACT,XIREC,5216.0,8
634900,,,HYDROGEL_PACK,XIREC,10010.0,2
635700,,,HYDROGEL_PACK,XIREC,10034.0,3
636100,SUBMISSION,,VEV_5200,XIREC,79.0,4
636100,SUBMISSION,,VEV_5300,XIREC,37.0,4
636100,SUBMISSION,,VEV_5500,XIREC,4.0,4
636100,,,VEV_6000,XIREC,0.0,4
636100,,,VEV_6500,XIREC,0.0,4
637500,,,HYDROGEL_PACK,XIREC,10018.0,4
640300,,,HYDROGEL_PACK,XIREC,10029.0,3
640500,SUBMISSION,,VELVETFRUIT_EXTRACT,XIREC,5213.0,3
640700,,,HYDROGEL_PACK,XIREC,10042.0,4
642100,SUBMISSION,,VEV_5200,XIREC,74.0,4
642100,SUBMISSION,,VEV_5300,XIREC,34.0,4
642100,SUBMISSION,,VEV_5400,XIREC,9.0,4
642100,SUBMISSION,,VEV_5500,XIREC,3.0,4
642100,,,VEV_6000,XIREC,0.0,4
642100,,,VEV_6500,XIREC,0.0,4
644900,,,VELVETFRUIT_EXTRACT,XIREC,5210.0,6
645000,,SUBMISSION,VEV_4000,XIREC,1214.0,3
646100,,,VELVETFRUIT_EXTRACT,XIREC,5211.0,3
647000,,,HYDROGEL_PACK,XIREC,10003.0,3
647200,SUBMISSION,,VEV_4000,XIREC,1201.0,3
647400,,,HYDROGEL_PACK,XIREC,9993.0,2
647600,,,HYDROGEL_PACK,XIREC,9991.0,4
647900,,,HYDROGEL_PACK,XIREC,9989.0,6
648200,,,VELVETFRUIT_EXTRACT,XIREC,5208.0,6
648400,,,HYDROGEL_PACK,XIREC,10001.0,2
650300,SUBMISSION,,VELVETFRUIT_EXTRACT,XIREC,5199.0,6
652100,SUBMISSION,,VELVETFRUIT_EXTRACT,XIREC,5199.0,6
652800,,,HYDROGEL_PACK,XIREC,9979.0,2
653200,SUBMISSION,,HYDROGEL_PACK,XIREC,9976.0,6
653300,SUBMISSION,,HYDROGEL_PACK,XIREC,9975.0,5
654200,SUBMISSION,,VEV_5400,XIREC,8.0,2
654200,SUBMISSION,,VEV_5500,XIREC,3.0,2
654200,,,VEV_6000,XIREC,0.0,2
654200,,,VEV_6500,XIREC,0.0,2
654300,SUBMISSION,,VELVETFRUIT_EXTRACT,XIREC,5206.0,8
655100,,,VELVETFRUIT_EXTRACT,XIREC,5210.0,8
657800,,,VELVETFRUIT_EXTRACT,XIREC,5213.0,5
659200,,,VELVETFRUIT_EXTRACT,XIREC,5215.0,7
661000,,SUBMISSION,HYDROGEL_PACK,XIREC,9993.0,2
661100,,SUBMISSION,HYDROGEL_PACK,XIREC,10002.0,5
661100,,SUBMISSION,HYDROGEL_PACK,XIREC,9994.0,2
661300,,,HYDROGEL_PACK,XIREC,10011.0,6
663500,,SUBMISSION,HYDROGEL_PACK,XIREC,9999.0,1
663700,,SUBMISSION,HYDROGEL_PACK,XIREC,10005.0,1
666100,,,HYDROGEL_PACK,XIREC,10028.0,3
666500,SUBMISSION,,VELVETFRUIT_EXTRACT,XIREC,5221.0,7
667400,,,VELVETFRUIT_EXTRACT,XIREC,5227.0,6
669200,,,HYDROGEL_PACK,XIREC,10027.0,4
669900,SUBMISSION,,VELVETFRUIT_EXTRACT,XIREC,5217.0,7
671200,SUBMISSION,,VEV_4000,XIREC,1214.0,3
673800,,,HYDROGEL_PACK,XIREC,10000.0,4
674000,SUBMISSION,,VEV_5300,XIREC,37.0,3
674000,SUBMISSION,,VEV_5400,XIREC,10.0,3
674000,SUBMISSION,,VEV_5500,XIREC,4.0,3
674000,,,VEV_6000,XIREC,0.0,3
674000,,,VEV_6500,XIREC,0.0,3
675700,SUBMISSION,,VEV_4000,XIREC,1223.0,1
679600,,SUBMISSION,VELVETFRUIT_EXTRACT,XIREC,5227.0,6
680600,SUBMISSION,,VEV_4000,XIREC,1217.0,3
680800,,,HYDROGEL_PACK,XIREC,9994.0,2
681500,,,HYDROGEL_PACK,XIREC,10005.0,5
682600,SUBMISSION,,VEV_4000,XIREC,1219.0,1
684000,SUBMISSION,,VEV_5400,XIREC,11.0,5
684000,SUBMISSION,,VEV_5500,XIREC,4.0,5
684000,,,VEV_6000,XIREC,0.0,5
684000,,,VEV_6500,XIREC,0.0,5
684500,,,HYDROGEL_PACK,XIREC,9989.0,2
685200,,SUBMISSION,VELVETFRUIT_EXTRACT,XIREC,5230.0,6
685700,,SUBMISSION,VELVETFRUIT_EXTRACT,XIREC,5231.0,7
685700,,SUBMISSION,VELVETFRUIT_EXTRACT,XIREC,5229.0,61
687400,,SUBMISSION,VELVETFRUIT_EXTRACT,XIREC,5231.0,17
687500,,SUBMISSION,VELVETFRUIT_EXTRACT,XIREC,5231.0,23
688400,,SUBMISSION,VELVETFRUIT_EXTRACT,XIREC,5233.0,7
688400,,SUBMISSION,VELVETFRUIT_EXTRACT,XIREC,5235.0,6
688500,,SUBMISSION,VELVETFRUIT_EXTRACT,XIREC,5232.0,21
688600,,SUBMISSION,VELVETFRUIT_EXTRACT,XIREC,5236.0,5
688800,,SUBMISSION,VELVETFRUIT_EXTRACT,XIREC,5234.0,25
688800,,SUBMISSION,VELVETFRUIT_EXTRACT,XIREC,5233.0,26
688900,SUBMISSION,,VEV_4000,XIREC,1231.0,2
690500,,,HYDROGEL_PACK,XIREC,10013.0,5
693000,,,VELVETFRUIT_EXTRACT,XIREC,5230.0,8
693600,,,VELVETFRUIT_EXTRACT,XIREC,5235.0,5
694600,,,VELVETFRUIT_EXTRACT,XIREC,5237.0,3
694900,,,HYDROGEL_PACK,XIREC,10011.0,3
695200,,,HYDROGEL_PACK,XIREC,10010.0,6
695900,,,HYDROGEL_PACK,XIREC,10034.0,6
696000,SUBMISSION,,VEV_4000,XIREC,1232.0,3
698300,,,HYDROGEL_PACK,XIREC,10048.0,5
699100,,,HYDROGEL_PACK,XIREC,10035.0,5
700400,,,HYDROGEL_PACK,XIREC,10052.0,5
701200,SUBMISSION,,VEV_5400,XIREC,13.0,2
701200,SUBMISSION,,VEV_5500,XIREC,5.0,2
701200,,,HYDROGEL_PACK,XIREC,10052.0,5
701200,,,VEV_6000,XIREC,0.0,2
701200,,,VEV_6500,XIREC,0.0,2
701500,,,HYDROGEL_PACK,XIREC,10054.0,3
702500,,,VELVETFRUIT_EXTRACT,XIREC,5248.0,4
702700,,,VELVETFRUIT_EXTRACT,XIREC,5249.0,8
703000,,,HYDROGEL_PACK,XIREC,10027.0,3
703100,,,VELVETFRUIT_EXTRACT,XIREC,5249.0,7
703200,SUBMISSION,,VEV_5400,XIREC,14.0,5
703200,SUBMISSION,,VEV_5500,XIREC,6.0,5
703200,,,VEV_6000,XIREC,0.0,5
703200,,,VEV_6500,XIREC,0.0,5
704700,,,VELVETFRUIT_EXTRACT,XIREC,5257.0,8
707100,,,HYDROGEL_PACK,XIREC,10056.0,3
710500,SUBMISSION,,VEV_5300,XIREC,49.0,5
710500,SUBMISSION,,VEV_5400,XIREC,15.0,5
710500,SUBMISSION,,VEV_5500,XIREC,6.0,4
710500,,,VEV_5500,XIREC,6.0,1
710500,,,VEV_6000,XIREC,0.0,5
710500,,,VEV_6500,XIREC,0.0,5
713400,,,VELVETFRUIT_EXTRACT,XIREC,5269.0,13
713900,,,VELVETFRUIT_EXTRACT,XIREC,5275.0,6
715000,SUBMISSION,,VEV_5400,XIREC,18.0,5
715000,SUBMISSION,,VEV_5500,XIREC,7.0,4
715000,,,VEV_5500,XIREC,7.0,1
715000,,,VEV_6000,XIREC,0.0,5
715000,,,VEV_6500,XIREC,0.0,5
716000,,,VELVETFRUIT_EXTRACT,XIREC,5270.0,7
716700,,,HYDROGEL_PACK,XIREC,10059.0,3
719600,SUBMISSION,,VEV_4000,XIREC,1259.0,2
720500,SUBMISSION,,VEV_5300,XIREC,53.0,2
720500,SUBMISSION,,VEV_5400,XIREC,17.0,2
720500,SUBMISSION,,VEV_5500,XIREC,7.0,2
720500,,,VELVETFRUIT_EXTRACT,XIREC,5264.0,6
720500,,,VEV_6000,XIREC,0.0,2
720500,,,VEV_6500,XIREC,0.0,2
721200,,,VELVETFRUIT_EXTRACT,XIREC,5263.0,4
721900,SUBMISSION,,VEV_4000,XIREC,1258.0,3
722300,,,VELVETFRUIT_EXTRACT,XIREC,5265.0,6
724400,,,HYDROGEL_PACK,XIREC,10065.0,5
725000,SUBMISSION,,VEV_5300,XIREC,53.0,4
725000,SUBMISSION,,VEV_5400,XIREC,17.0,4
725000,SUBMISSION,,VEV_5500,XIREC,7.0,4
725000,,,VEV_6000,XIREC,0.0,4
725000,,,VEV_6500,XIREC,0.0,4
725400,,,VELVETFRUIT_EXTRACT,XIREC,5267.0,5
725800,,,HYDROGEL_PACK,XIREC,10068.0,6
725800,,,VELVETFRUIT_EXTRACT,XIREC,5265.0,8
726600,,,VELVETFRUIT_EXTRACT,XIREC,5264.0,7
726700,,,HYDROGEL_PACK,XIREC,10075.0,3
727900,,,HYDROGEL_PACK,XIREC,10075.0,4
728300,,,VELVETFRUIT_EXTRACT,XIREC,5261.0,5
729700,,,HYDROGEL_PACK,XIREC,10072.0,3
730800,,,HYDROGEL_PACK,XIREC,10057.0,6
731000,,,HYDROGEL_PACK,XIREC,10074.0,4
731200,,,VELVETFRUIT_EXTRACT,XIREC,5276.0,4
732700,,,HYDROGEL_PACK,XIREC,10035.0,2
735100,SUBMISSION,,VEV_5400,XIREC,21.0,4
735100,SUBMISSION,,VEV_5500,XIREC,9.0,4
735100,,,VEV_6000,XIREC,0.0,4
735100,,,VEV_6500,XIREC,0.0,4
738100,,SUBMISSION,VEV_4000,XIREC,1277.0,2
741200,,,HYDROGEL_PACK,XIREC,10052.0,2
741600,,,VELVETFRUIT_EXTRACT,XIREC,5263.0,5
741900,SUBMISSION,,VEV_5400,XIREC,17.0,4
741900,SUBMISSION,,VEV_5500,XIREC,7.0,3
741900,,,VEV_5500,XIREC,7.0,1
741900,,,VEV_6000,XIREC,0.0,4
741900,,,VEV_6500,XIREC,0.0,4
742700,,,HYDROGEL_PACK,XIREC,10052.0,2
743600,SUBMISSION,,VEV_4000,XIREC,1264.0,3
743800,,SUBMISSION,VEV_4000,XIREC,1274.0,3
745000,,,HYDROGEL_PACK,XIREC,10036.0,6
746300,SUBMISSION,,VEV_5400,XIREC,20.0,4
746300,SUBMISSION,,VEV_5500,XIREC,8.0,3
746300,,,VEV_5500,XIREC,8.0,1
746300,,,VEV_6000,XIREC,0.0,4
746300,,,VEV_6500,XIREC,0.0,4
747400,SUBMISSION,,VEV_4000,XIREC,1269.0,3
747700,SUBMISSION,,VEV_4000,XIREC,1266.0,3
749700,,,VELVETFRUIT_EXTRACT,XIREC,5277.0,5
749800,,,HYDROGEL_PACK,XIREC,10044.0,2
750500,,,VELVETFRUIT_EXTRACT,XIREC,5273.0,7
752500,,,VELVETFRUIT_EXTRACT,XIREC,5272.0,3
753400,SUBMISSION,,VEV_4000,XIREC,1258.0,3
754200,SUBMISSION,,VEV_5400,XIREC,16.0,3
754200,SUBMISSION,,VEV_5500,XIREC,6.0,3
754200,,,VEV_6000,XIREC,0.0,3
754200,,,VEV_6500,XIREC,0.0,3
755800,,,VELVETFRUIT_EXTRACT,XIREC,5260.0,4
756300,,SUBMISSION,VEV_4000,XIREC,1271.0,2
756600,,,HYDROGEL_PACK,XIREC,10062.0,6
759100,,,HYDROGEL_PACK,XIREC,10073.0,5
760000,SUBMISSION,,VEV_5400,XIREC,19.0,2
760000,SUBMISSION,,VEV_5500,XIREC,8.0,2
760000,,,VEV_6000,XIREC,0.0,2
760000,,,VEV_6500,XIREC,0.0,2
760200,,,VELVETFRUIT_EXTRACT,XIREC,5277.0,5
760900,,,HYDROGEL_PACK,XIREC,10055.0,2
762400,,,VELVETFRUIT_EXTRACT,XIREC,5268.0,3
762700,SUBMISSION,,VEV_4000,XIREC,1266.0,2
764300,SUBMISSION,,VEV_4000,XIREC,1263.0,2
765100,,,VELVETFRUIT_EXTRACT,XIREC,5265.0,4
765800,,,HYDROGEL_PACK,XIREC,10048.0,3
767100,,,HYDROGEL_PACK,XIREC,10063.0,4
767200,,,VELVETFRUIT_EXTRACT,XIREC,5276.0,3
768100,,,HYDROGEL_PACK,XIREC,10056.0,4
768200,,,HYDROGEL_PACK,XIREC,10056.0,3
768700,,,VELVETFRUIT_EXTRACT,XIREC,5270.0,5
768800,,,HYDROGEL_PACK,XIREC,10071.0,5
771700,,,VELVETFRUIT_EXTRACT,XIREC,5264.0,7
772000,,SUBMISSION,VEV_4000,XIREC,1268.0,3
772000,,,HYDROGEL_PACK,XIREC,10082.0,6
772500,,,VELVETFRUIT_EXTRACT,XIREC,5260.0,7
772600,,,VELVETFRUIT_EXTRACT,XIREC,5265.0,8
775000,,,VELVETFRUIT_EXTRACT,XIREC,5266.0,4
775100,,,HYDROGEL_PACK,XIREC,10056.0,5
775300,SUBMISSION,,VEV_4000,XIREC,1255.0,1
777000,,,VELVETFRUIT_EXTRACT,XIREC,5270.0,6
782100,,,HYDROGEL_PACK,XIREC,10078.0,6
782500,,,HYDROGEL_PACK,XIREC,10072.0,6
782700,,,HYDROGEL_PACK,XIREC,10075.0,6
783300,SUBMISSION,,VEV_4000,XIREC,1254.0,3
784400,,,HYDROGEL_PACK,XIREC,10072.0,6
785200,,,HYDROGEL_PACK,XIREC,10056.0,3
785800,SUBMISSION,,VEV_5400,XIREC,15.0,3
785800,SUBMISSION,,VEV_5500,XIREC,6.0,3
785800,,,HYDROGEL_PACK,XIREC,10056.0,3
785800,,,VEV_6000,XIREC,0.0,3
785800,,,VEV_6500,XIREC,0.0,3
786700,,,HYDROGEL_PACK,XIREC,10054.0,4
786900,SUBMISSION,,VEV_4000,XIREC,1255.0,1
787700,,,VELVETFRUIT_EXTRACT,XIREC,5260.0,6
787800,,,VELVETFRUIT_EXTRACT,XIREC,5261.0,4
789200,SUBMISSION,,VEV_4000,XIREC,1255.0,3
790700,,,HYDROGEL_PACK,XIREC,10063.0,2
792200,,,HYDROGEL_PACK,XIREC,10052.0,4
792200,,,VELVETFRUIT_EXTRACT,XIREC,5259.0,6
794800,,,VELVETFRUIT_EXTRACT,XIREC,5258.0,8
794900,,,VELVETFRUIT_EXTRACT,XIREC,5251.0,6
796600,,,VELVETFRUIT_EXTRACT,XIREC,5251.0,8
797600,,,HYDROGEL_PACK,XIREC,10024.0,4
798100,SUBMISSION,,VEV_5400,XIREC,15.0,3
798100,SUBMISSION,,VEV_5500,XIREC,6.0,3
798100,,,VEV_5400,XIREC,15.0,1
798100,,,VEV_5500,XIREC,6.0,1
798100,,,VEV_6000,XIREC,0.0,4
798100,,,VEV_6500,XIREC,0.0,4
799500,,,HYDROGEL_PACK,XIREC,10029.0,3
799900,,,VELVETFRUIT_EXTRACT,XIREC,5249.0,8
800100,,,HYDROGEL_PACK,XIREC,10012.0,5
800400,SUBMISSION,,VEV_5300,XIREC,45.0,3
800400,SUBMISSION,,VEV_5500,XIREC,5.0,3
800400,,,VEV_6000,XIREC,0.0,3
800400,,,VEV_6500,XIREC,0.0,3
800600,,,HYDROGEL_PACK,XIREC,10024.0,5
801000,,SUBMISSION,VEV_4000,XIREC,1254.0,2
801800,SUBMISSION,,VEV_5400,XIREC,13.0,2
801800,SUBMISSION,,VEV_5500,XIREC,5.0,2
801800,,,VEV_6000,XIREC,0.0,2
801800,,,VEV_6500,XIREC,0.0,2
802700,SUBMISSION,,VELVETFRUIT_EXTRACT,XIREC,5242.0,65
802800,SUBMISSION,,VELVETFRUIT_EXTRACT,XIREC,5243.0,15
802800,,,VELVETFRUIT_EXTRACT,XIREC,5243.0,3
802900,SUBMISSION,,VELVETFRUIT_EXTRACT,XIREC,5241.0,23
802900,SUBMISSION,,VELVETFRUIT_EXTRACT,XIREC,5242.0,49
803000,SUBMISSION,,VELVETFRUIT_EXTRACT,XIREC,5241.0,22
803000,SUBMISSION,,VELVETFRUIT_EXTRACT,XIREC,5242.0,40
803000,,,HYDROGEL_PACK,XIREC,10019.0,2
803100,SUBMISSION,,VELVETFRUIT_EXTRACT,XIREC,5241.0,25
803400,SUBMISSION,,VELVETFRUIT_EXTRACT,XIREC,5240.0,1
803400,,,VELVETFRUIT_EXTRACT,XIREC,5240.0,5
803700,SUBMISSION,,VELVETFRUIT_EXTRACT,XIREC,5244.0,1
804000,SUBMISSION,,VELVETFRUIT_EXTRACT,XIREC,5244.0,1
804300,SUBMISSION,,VELVETFRUIT_EXTRACT,XIREC,5243.0,1
804600,SUBMISSION,,VELVETFRUIT_EXTRACT,XIREC,5244.0,1
804900,SUBMISSION,,VELVETFRUIT_EXTRACT,XIREC,5243.0,1
804900,SUBMISSION,,VEV_4000,XIREC,1235.0,1
805300,SUBMISSION,,HYDROGEL_PACK,XIREC,9999.0,4
805300,SUBMISSION,,VELVETFRUIT_EXTRACT,XIREC,5244.0,1
805700,SUBMISSION,,VELVETFRUIT_EXTRACT,XIREC,5244.0,1
807400,,SUBMISSION,VELVETFRUIT_EXTRACT,XIREC,5252.0,4
807800,SUBMISSION,,VEV_5300,XIREC,45.0,3
807800,SUBMISSION,,VEV_5400,XIREC,13.0,3
807800,SUBMISSION,,VEV_5500,XIREC,5.0,2
807800,,,VEV_5500,XIREC,5.0,1
807800,,,VEV_6000,XIREC,0.0,3
807800,,,VEV_6500,XIREC,0.0,3
809700,,,HYDROGEL_PACK,XIREC,10018.0,2
810100,SUBMISSION,,VELVETFRUIT_EXTRACT,XIREC,5245.0,17
810100,,,VELVETFRUIT_EXTRACT,XIREC,5245.0,4
810400,SUBMISSION,,VELVETFRUIT_EXTRACT,XIREC,5244.0,1
810600,,,HYDROGEL_PACK,XIREC,10015.0,2
810700,SUBMISSION,,VELVETFRUIT_EXTRACT,XIREC,5244.0,1
811100,SUBMISSION,,VELVETFRUIT_EXTRACT,XIREC,5239.0,1
811400,SUBMISSION,,VELVETFRUIT_EXTRACT,XIREC,5240.0,1
811800,SUBMISSION,,VELVETFRUIT_EXTRACT,XIREC,5239.0,1
812200,SUBMISSION,,VELVETFRUIT_EXTRACT,XIREC,5237.0,1
812400,SUBMISSION,,VELVETFRUIT_EXTRACT,XIREC,5234.0,8
812500,SUBMISSION,,VELVETFRUIT_EXTRACT,XIREC,5234.0,11
812600,SUBMISSION,,VEV_5300,XIREC,40.0,4
812600,SUBMISSION,,VEV_5400,XIREC,11.0,3
812600,SUBMISSION,,VEV_5500,XIREC,4.0,2
812600,,,VEV_5400,XIREC,11.0,1
812600,,,VEV_5500,XIREC,4.0,2
812600,,,VEV_6000,XIREC,0.0,4
812600,,,VEV_6500,XIREC,0.0,4
812900,,,VELVETFRUIT_EXTRACT,XIREC,5233.0,7
813000,SUBMISSION,,VEV_5500,XIREC,4.0,2
813000,,,VEV_5500,XIREC,4.0,1
813000,,,VEV_6000,XIREC,0.0,3
813000,,,VEV_6500,XIREC,0.0,3
813200,SUBMISSION,,HYDROGEL_PACK,XIREC,9999.0,4
813900,SUBMISSION,,HYDROGEL_PACK,XIREC,9999.0,10
814000,SUBMISSION,,HYDROGEL_PACK,XIREC,9999.0,12
814100,SUBMISSION,,HYDROGEL_PACK,XIREC,9999.0,13
814200,SUBMISSION,,HYDROGEL_PACK,XIREC,9999.0,10
814500,SUBMISSION,,HYDROGEL_PACK,XIREC,9990.0,3
815000,,,HYDROGEL_PACK,XIREC,10004.0,3
815000,,,VELVETFRUIT_EXTRACT,XIREC,5230.0,5
816800,SUBMISSION,,HYDROGEL_PACK,XIREC,10000.0,4
817900,SUBMISSION,,VELVETFRUIT_EXTRACT,XIREC,5229.0,5
818100,,,VELVETFRUIT_EXTRACT,XIREC,5234.0,7
818500,SUBMISSION,,VELVETFRUIT_EXTRACT,XIREC,5232.0,7
820600,,,HYDROGEL_PACK,XIREC,10011.0,2
821100,SUBMISSION,,HYDROGEL_PACK,XIREC,9994.0,4
821300,SUBMISSION,,VEV_4000,XIREC,1238.0,2
822000,,,VELVETFRUIT_EXTRACT,XIREC,5245.0,8
822200,SUBMISSION,,VELVETFRUIT_EXTRACT,XIREC,5242.0,7
824200,,SUBMISSION,VELVETFRUIT_EXTRACT,XIREC,5250.0,4
824800,SUBMISSION,,VEV_5500,XIREC,5.0,2
824800,,,VEV_5500,XIREC,5.0,3
824800,,,VEV_6000,XIREC,0.0,5
824800,,,VEV_6500,XIREC,0.0,5
827000,,SUBMISSION,VELVETFRUIT_EXTRACT,XIREC,5246.0,7
827500,,SUBMISSION,VELVETFRUIT_EXTRACT,XIREC,5246.0,8
828300,SUBMISSION,,VELVETFRUIT_EXTRACT,XIREC,5238.0,8
828300,SUBMISSION,,VELVETFRUIT_EXTRACT,XIREC,5241.0,10
828800,SUBMISSION,,VELVETFRUIT_EXTRACT,XIREC,5237.0,1
829500,SUBMISSION,,VELVETFRUIT_EXTRACT,XIREC,5240.0,1
830000,SUBMISSION,,VELVETFRUIT_EXTRACT,XIREC,5240.0,1
830200,SUBMISSION,,VELVETFRUIT_EXTRACT,XIREC,5238.0,10
832000,,,VELVETFRUIT_EXTRACT,XIREC,5244.0,6
832100,SUBMISSION,,VELVETFRUIT_EXTRACT,XIREC,5240.0,8
832700,,,VELVETFRUIT_EXTRACT,XIREC,5242.0,3
833400,,SUBMISSION,HYDROGEL_PACK,XIREC,10019.0,15
833500,,SUBMISSION,HYDROGEL_PACK,XIREC,10021.0,11
833500,,SUBMISSION,HYDROGEL_PACK,XIREC,10019.0,21
833600,,SUBMISSION,HYDROGEL_PACK,XIREC,10025.0,13
833600,,SUBMISSION,HYDROGEL_PACK,XIREC,10023.0,4
833600,,,HYDROGEL_PACK,XIREC,10025.0,2
834900,SUBMISSION,,VELVETFRUIT_EXTRACT,XIREC,5244.0,7
836000,,,VELVETFRUIT_EXTRACT,XIREC,5244.0,6
837000,,,HYDROGEL_PACK,XIREC,10047.0,6
837100,,SUBMISSION,VELVETFRUIT_EXTRACT,XIREC,5250.0,23
837200,,SUBMISSION,VELVETFRUIT_EXTRACT,XIREC,5250.0,21
837300,,SUBMISSION,VELVETFRUIT_EXTRACT,XIREC,5250.0,60
837400,,SUBMISSION,VELVETFRUIT_EXTRACT,XIREC,5251.0,17
837400,,SUBMISSION,VELVETFRUIT_EXTRACT,XIREC,5250.0,37
837500,,SUBMISSION,VELVETFRUIT_EXTRACT,XIREC,5250.0,71
837600,,SUBMISSION,VELVETFRUIT_EXTRACT,XIREC,5252.0,24
837600,,SUBMISSION,VELVETFRUIT_EXTRACT,XIREC,5251.0,50
837700,,SUBMISSION,VELVETFRUIT_EXTRACT,XIREC,5251.0,28
838700,,,VELVETFRUIT_EXTRACT,XIREC,5252.0,11
839600,,,VELVETFRUIT_EXTRACT,XIREC,5253.0,8
840400,,,VELVETFRUIT_EXTRACT,XIREC,5253.0,3
843100,,,VELVETFRUIT_EXTRACT,XIREC,5255.0,4
844200,,,HYDROGEL_PACK,XIREC,10033.0,6
844800,,,HYDROGEL_PACK,XIREC,10034.0,3
845400,,,VELVETFRUIT_EXTRACT,XIREC,5256.0,8
845500,,,HYDROGEL_PACK,XIREC,10013.0,6
847200,,,HYDROGEL_PACK,XIREC,10022.0,5
848200,,SUBMISSION,VEV_4000,XIREC,1267.0,2
848400,,,HYDROGEL_PACK,XIREC,10040.0,3
848900,SUBMISSION,,VEV_5300,XIREC,51.0,5
848900,SUBMISSION,,VEV_5500,XIREC,7.0,2
848900,,,VEV_5500,XIREC,7.0,3
848900,,,VEV_6000,XIREC,0.0,5
848900,,,VEV_6500,XIREC,0.0,5
849200,SUBMISSION,,VEV_4000,XIREC,1261.0,2
849300,,,VELVETFRUIT_EXTRACT,XIREC,5270.0,8
850300,,,VELVETFRUIT_EXTRACT,XIREC,5260.0,7
850600,,,VELVETFRUIT_EXTRACT,XIREC,5261.0,5
851200,SUBMISSION,,VEV_5400,XIREC,16.0,3
851200,SUBMISSION,,VEV_5500,XIREC,6.0,2
851200,,,VEV_5500,XIREC,6.0,1
851200,,,VEV_6000,XIREC,0.0,3
851200,,,VEV_6500,XIREC,0.0,3
851700,,,VELVETFRUIT_EXTRACT,XIREC,5260.0,6
852200,,,VELVETFRUIT_EXTRACT,XIREC,5270.0,4
852900,,,VELVETFRUIT_EXTRACT,XIREC,5265.0,7
853500,,,HYDROGEL_PACK,XIREC,10032.0,4
853900,,,HYDROGEL_PACK,XIREC,10047.0,6
854900,,,HYDROGEL_PACK,XIREC,10052.0,2
855500,SUBMISSION,,VEV_4000,XIREC,1269.0,3
856600,,,VELVETFRUIT_EXTRACT,XIREC,5269.0,3
860100,,,HYDROGEL_PACK,XIREC,10086.0,2
862900,,,HYDROGEL_PACK,XIREC,10038.0,6
863300,,,VELVETFRUIT_EXTRACT,XIREC,5254.0,12
865400,SUBMISSION,,VEV_5400,XIREC,14.0,3
865400,SUBMISSION,,VEV_5500,XIREC,6.0,2
865400,,,VEV_5400,XIREC,14.0,2
865400,,,VEV_5500,XIREC,6.0,3
865400,,,VEV_6000,XIREC,0.0,5
865400,,,VEV_6500,XIREC,0.0,5
866300,,,HYDROGEL_PACK,XIREC,10060.0,6
867100,,,HYDROGEL_PACK,XIREC,10039.0,5
867800,,SUBMISSION,VEV_4000,XIREC,1256.0,2
868700,SUBMISSION,,VELVETFRUIT_EXTRACT,XIREC,5247.0,4
868800,SUBMISSION,,VEV_5500,XIREC,5.0,2
868800,,,VEV_6000,XIREC,0.0,2
868800,,,VEV_6500,XIREC,0.0,2
869600,SUBMISSION,,VELVETFRUIT_EXTRACT,XIREC,5242.0,5
870000,,,HYDROGEL_PACK,XIREC,10058.0,3
870100,SUBMISSION,,VEV_4000,XIREC,1241.0,3
870200,,SUBMISSION,VEV_4000,XIREC,1252.0,3
871400,SUBMISSION,,VELVETFRUIT_EXTRACT,XIREC,5243.0,10
871500,SUBMISSION,,VELVETFRUIT_EXTRACT,XIREC,5242.0,8
871700,,,HYDROGEL_PACK,XIREC,10027.0,5
872800,SUBMISSION,,VELVETFRUIT_EXTRACT,XIREC,5244.0,21
872900,SUBMISSION,,VELVETFRUIT_EXTRACT,XIREC,5245.0,17
873300,SUBMISSION,,VELVETFRUIT_EXTRACT,XIREC,5245.0,24
873400,SUBMISSION,,VELVETFRUIT_EXTRACT,XIREC,5245.0,66
873500,SUBMISSION,,VELVETFRUIT_EXTRACT,XIREC,5245.0,61
873600,SUBMISSION,,VELVETFRUIT_EXTRACT,XIREC,5243.0,15
873600,SUBMISSION,,VELVETFRUIT_EXTRACT,XIREC,5244.0,43
873600,SUBMISSION,,VELVETFRUIT_EXTRACT,XIREC,5239.0,7
873700,SUBMISSION,,VELVETFRUIT_EXTRACT,XIREC,5244.0,54
873800,SUBMISSION,,VELVETFRUIT_EXTRACT,XIREC,5244.0,20
873800,SUBMISSION,,VELVETFRUIT_EXTRACT,XIREC,5245.0,45
874400,,,VELVETFRUIT_EXTRACT,XIREC,5246.0,3
876000,,,HYDROGEL_PACK,XIREC,10025.0,4
876400,,,HYDROGEL_PACK,XIREC,10020.0,3
876500,,,VELVETFRUIT_EXTRACT,XIREC,5242.0,6
876800,,,VELVETFRUIT_EXTRACT,XIREC,5240.0,8
877600,,,VELVETFRUIT_EXTRACT,XIREC,5239.0,5
878500,,,VELVETFRUIT_EXTRACT,XIREC,5239.0,4
879700,,,VELVETFRUIT_EXTRACT,XIREC,5238.0,11
879900,SUBMISSION,,HYDROGEL_PACK,XIREC,10005.0,10
880000,SUBMISSION,,HYDROGEL_PACK,XIREC,10002.0,10
880000,SUBMISSION,,HYDROGEL_PACK,XIREC,10004.0,28
880100,SUBMISSION,,HYDROGEL_PACK,XIREC,10001.0,15
880100,SUBMISSION,,HYDROGEL_PACK,XIREC,10003.0,22
880200,SUBMISSION,,HYDROGEL_PACK,XIREC,9996.0,11
880200,SUBMISSION,,HYDROGEL_PACK,XIREC,9999.0,28
880300,SUBMISSION,,HYDROGEL_PACK,XIREC,9997.0,10
880300,SUBMISSION,,HYDROGEL_PACK,XIREC,10000.0,28
880400,SUBMISSION,,HYDROGEL_PACK,XIREC,9999.0,8
880900,SUBMISSION,,HYDROGEL_PACK,XIREC,9992.0,6
880900,SUBMISSION,,HYDROGEL_PACK,XIREC,10000.0,15
880900,SUBMISSION,,HYDROGEL_PACK,XIREC,10003.0,25
881400,SUBMISSION,,VEV_4000,XIREC,1234.0,1
881800,,,VELVETFRUIT_EXTRACT,XIREC,5244.0,4
882600,,,VELVETFRUIT_EXTRACT,XIREC,5248.0,10
883600,SUBMISSION,,HYDROGEL_PACK,XIREC,9992.0,4
883600,SUBMISSION,,HYDROGEL_PACK,XIREC,10001.0,10
883600,SUBMISSION,,HYDROGEL_PACK,XIREC,10003.0,15
883800,,,VELVETFRUIT_EXTRACT,XIREC,5251.0,8
883900,,,VELVETFRUIT_EXTRACT,XIREC,5251.0,3
884200,,,VELVETFRUIT_EXTRACT,XIREC,5253.0,4
884600,,,VELVETFRUIT_EXTRACT,XIREC,5254.0,7
886300,SUBMISSION,,VEV_4000,XIREC,1251.0,3
886600,,SUBMISSION,VELVETFRUIT_EXTRACT,XIREC,5258.0,5
887200,,,HYDROGEL_PACK,XIREC,10007.0,2
887800,,,VELVETFRUIT_EXTRACT,XIREC,5252.0,8
888300,,SUBMISSION,VEV_4000,XIREC,1256.0,2
890200,,,VELVETFRUIT_EXTRACT,XIREC,5240.0,4
891000,,,VELVETFRUIT_EXTRACT,XIREC,5245.0,3
892000,,,HYDROGEL_PACK,XIREC,10000.0,6
893800,SUBMISSION,,HYDROGEL_PACK,XIREC,9996.0,13
893800,SUBMISSION,,HYDROGEL_PACK,XIREC,9999.0,2
894100,SUBMISSION,,HYDROGEL_PACK,XIREC,9995.0,10
894100,SUBMISSION,,HYDROGEL_PACK,XIREC,9998.0,16
894300,SUBMISSION,,HYDROGEL_PACK,XIREC,9982.0,6
894300,,SUBMISSION,VELVETFRUIT_EXTRACT,XIREC,5252.0,15
894500,SUBMISSION,,HYDROGEL_PACK,XIREC,9994.0,12
894500,SUBMISSION,,HYDROGEL_PACK,XIREC,9997.0,6
894600,SUBMISSION,,HYDROGEL_PACK,XIREC,9991.0,13
894600,SUBMISSION,,HYDROGEL_PACK,XIREC,9994.0,26
894700,SUBMISSION,,HYDROGEL_PACK,XIREC,9989.0,11
894700,SUBMISSION,,HYDROGEL_PACK,XIREC,9992.0,16
895100,SUBMISSION,,HYDROGEL_PACK,XIREC,9988.0,6
895200,SUBMISSION,,HYDROGEL_PACK,XIREC,9985.0,11
896900,SUBMISSION,,VELVETFRUIT_EXTRACT,XIREC,5247.0,6
896900,,,VELVETFRUIT_EXTRACT,XIREC,5247.0,11
898200,,,HYDROGEL_PACK,XIREC,9995.0,4
899200,,,HYDROGEL_PACK,XIREC,10003.0,4
899700,SUBMISSION,,VELVETFRUIT_EXTRACT,XIREC,5248.0,5
900800,,SUBMISSION,VEV_4000,XIREC,1256.0,3
901000,,SUBMISSION,VELVETFRUIT_EXTRACT,XIREC,5254.0,7
901100,SUBMISSION,,VEV_5400,XIREC,14.0,3
901100,SUBMISSION,,VEV_5500,XIREC,5.0,2
901100,,,VEV_5400,XIREC,14.0,1
901100,,,VEV_5500,XIREC,5.0,2
901100,,,VEV_6000,XIREC,0.0,4
901100,,,VEV_6500,XIREC,0.0,4
901400,,,HYDROGEL_PACK,XIREC,9989.0,4
901600,,SUBMISSION,VEV_4000,XIREC,1259.0,1
901800,,,HYDROGEL_PACK,XIREC,10011.0,2
901900,,,VELVETFRUIT_EXTRACT,XIREC,5253.0,3
903100,,SUBMISSION,VELVETFRUIT_EXTRACT,XIREC,5256.0,66
903200,,SUBMISSION,VELVETFRUIT_EXTRACT,XIREC,5258.0,17
903200,,SUBMISSION,VELVETFRUIT_EXTRACT,XIREC,5257.0,49
903300,,SUBMISSION,VELVETFRUIT_EXTRACT,XIREC,5256.0,67
903400,,SUBMISSION,VELVETFRUIT_EXTRACT,XIREC,5260.0,12
903400,,SUBMISSION,VELVETFRUIT_EXTRACT,XIREC,5257.0,61
903400,,SUBMISSION,VEV_4000,XIREC,1266.0,1
903500,,SUBMISSION,VELVETFRUIT_EXTRACT,XIREC,5258.0,25
903500,,SUBMISSION,VELVETFRUIT_EXTRACT,XIREC,5257.0,44
903600,,SUBMISSION,VELVETFRUIT_EXTRACT,XIREC,5258.0,43
904000,,,VELVETFRUIT_EXTRACT,XIREC,5261.0,6
905200,,,VELVETFRUIT_EXTRACT,XIREC,5257.0,6
907000,,,VELVETFRUIT_EXTRACT,XIREC,5255.0,4
907300,,,VELVETFRUIT_EXTRACT,XIREC,5252.0,4
908700,,SUBMISSION,HYDROGEL_PACK,XIREC,10021.0,4
909300,,SUBMISSION,HYDROGEL_PACK,XIREC,10023.0,5
910900,,SUBMISSION,HYDROGEL_PACK,XIREC,10025.0,15
911000,,SUBMISSION,HYDROGEL_PACK,XIREC,10026.0,14
911000,,SUBMISSION,HYDROGEL_PACK,XIREC,10024.0,20
911100,,SUBMISSION,HYDROGEL_PACK,XIREC,10027.0,13
911100,,SUBMISSION,HYDROGEL_PACK,XIREC,10024.0,29
911200,,SUBMISSION,HYDROGEL_PACK,XIREC,10027.0,13
911200,,SUBMISSION,HYDROGEL_PACK,XIREC,10025.0,25
911300,,SUBMISSION,HYDROGEL_PACK,XIREC,10025.0,11
911300,,SUBMISSION,HYDROGEL_PACK,XIREC,10023.0,29
911400,,SUBMISSION,HYDROGEL_PACK,XIREC,10028.0,13
911400,,SUBMISSION,HYDROGEL_PACK,XIREC,10025.0,21
911500,,SUBMISSION,HYDROGEL_PACK,XIREC,10032.0,10
911500,,SUBMISSION,HYDROGEL_PACK,XIREC,10029.0,28
911600,,SUBMISSION,HYDROGEL_PACK,XIREC,10033.0,11
911600,,SUBMISSION,HYDROGEL_PACK,XIREC,10030.0,30
911600,,,VELVETFRUIT_EXTRACT,XIREC,5264.0,5
911700,,SUBMISSION,HYDROGEL_PACK,XIREC,10032.0,10
911700,,SUBMISSION,HYDROGEL_PACK,XIREC,10029.0,27
911800,,SUBMISSION,HYDROGEL_PACK,XIREC,10032.0,15
911800,,SUBMISSION,HYDROGEL_PACK,XIREC,10029.0,23
911900,,SUBMISSION,HYDROGEL_PACK,XIREC,10032.0,11
911900,,SUBMISSION,HYDROGEL_PACK,XIREC,10029.0,16
912000,,,HYDROGEL_PACK,XIREC,10030.0,6
912600,,,HYDROGEL_PACK,XIREC,10027.0,2
913100,,,VELVETFRUIT_EXTRACT,XIREC,5260.0,7
914400,,,HYDROGEL_PACK,XIREC,10039.0,4
914700,,,VELVETFRUIT_EXTRACT,XIREC,5263.0,8
914800,,,HYDROGEL_PACK,XIREC,10039.0,4
915200,SUBMISSION,,VEV_4000,XIREC,1258.0,2
917300,,,VELVETFRUIT_EXTRACT,XIREC,5266.0,6
917900,,,HYDROGEL_PACK,XIREC,10034.0,3
918500,SUBMISSION,,HYDROGEL_PACK,XIREC,10010.0,6
921000,SUBMISSION,,VEV_5400,XIREC,17.0,3
921000,SUBMISSION,,VEV_5500,XIREC,7.0,1
921000,,,VEV_5400,XIREC,17.0,1
921000,,,VEV_5500,XIREC,7.0,3
921000,,,VEV_6000,XIREC,0.0,4
921000,,,VEV_6500,XIREC,0.0,4
923000,,,VELVETFRUIT_EXTRACT,XIREC,5270.0,6
924500,SUBMISSION,,HYDROGEL_PACK,XIREC,10005.0,5
925400,SUBMISSION,,VEV_4000,XIREC,1269.0,3
925900,,,HYDROGEL_PACK,XIREC,10014.0,6
926800,SUBMISSION,,HYDROGEL_PACK,XIREC,10002.0,7
927400,SUBMISSION,,HYDROGEL_PACK,XIREC,10004.0,12
927600,SUBMISSION,,HYDROGEL_PACK,XIREC,10004.0,15
927700,SUBMISSION,,HYDROGEL_PACK,XIREC,10003.0,11
928000,SUBMISSION,,HYDROGEL_PACK,XIREC,9993.0,2
928100,SUBMISSION,,HYDROGEL_PACK,XIREC,9997.0,7
928400,SUBMISSION,,HYDROGEL_PACK,XIREC,10003.0,4
928400,SUBMISSION,,VEV_5500,XIREC,8.0,1
928400,,,VEV_5500,XIREC,8.0,2
928400,,,VEV_6000,XIREC,0.0,3
928400,,,VEV_6500,XIREC,0.0,3
928500,,,HYDROGEL_PACK,XIREC,10005.0,6
928700,SUBMISSION,,HYDROGEL_PACK,XIREC,10002.0,11
929100,,SUBMISSION,VEV_4000,XIREC,1284.0,2
929300,,,HYDROGEL_PACK,XIREC,10004.0,3
929500,,,HYDROGEL_PACK,XIREC,10006.0,6
929800,SUBMISSION,,HYDROGEL_PACK,XIREC,9994.0,3
930800,,,HYDROGEL_PACK,XIREC,10016.0,6
931200,,,VELVETFRUIT_EXTRACT,XIREC,5271.0,6
932100,SUBMISSION,,HYDROGEL_PACK,XIREC,9992.0,3
932400,SUBMISSION,,HYDROGEL_PACK,XIREC,10001.0,11
932400,SUBMISSION,,HYDROGEL_PACK,XIREC,10003.0,15
932500,SUBMISSION,,HYDROGEL_PACK,XIREC,10000.0,14
932500,SUBMISSION,,HYDROGEL_PACK,XIREC,10003.0,13
932700,SUBMISSION,,HYDROGEL_PACK,XIREC,9998.0,14
932700,SUBMISSION,,HYDROGEL_PACK,XIREC,10001.0,29
932800,SUBMISSION,,HYDROGEL_PACK,XIREC,9997.0,13
932800,SUBMISSION,,HYDROGEL_PACK,XIREC,10000.0,25
934300,SUBMISSION,,HYDROGEL_PACK,XIREC,9998.0,3
936400,,,HYDROGEL_PACK,XIREC,10006.0,3
936500,SUBMISSION,,HYDROGEL_PACK,XIREC,9998.0,6
936600,,,VELVETFRUIT_EXTRACT,XIREC,5262.0,7
936700,SUBMISSION,,HYDROGEL_PACK,XIREC,9999.0,3
937300,SUBMISSION,,VEV_5400,XIREC,15.0,2
937300,SUBMISSION,,VEV_5500,XIREC,6.0,1
937300,,,VEV_5400,XIREC,15.0,2
937300,,,VEV_5500,XIREC,6.0,3
937300,,,VEV_6000,XIREC,0.0,4
937300,,,VEV_6500,XIREC,0.0,4
937700,SUBMISSION,,VEV_4000,XIREC,1254.0,3
937800,,,VELVETFRUIT_EXTRACT,XIREC,5259.0,6
938200,,,VELVETFRUIT_EXTRACT,XIREC,5266.0,3
938900,,,HYDROGEL_PACK,XIREC,10006.0,6
942800,SUBMISSION,,VELVETFRUIT_EXTRACT,XIREC,5251.0,18
942900,SUBMISSION,,VELVETFRUIT_EXTRACT,XIREC,5251.0,23
943000,SUBMISSION,,VELVETFRUIT_EXTRACT,XIREC,5251.0,18
943000,SUBMISSION,,VELVETFRUIT_EXTRACT,XIREC,5252.0,37
943100,SUBMISSION,,VELVETFRUIT_EXTRACT,XIREC,5249.0,17
943100,SUBMISSION,,VELVETFRUIT_EXTRACT,XIREC,5250.0,44
943100,SUBMISSION,,VEV_5400,XIREC,13.0,2
943100,SUBMISSION,,VEV_5500,XIREC,5.0,1
943100,,,VEV_5400,XIREC,13.0,2
943100,,,VEV_5500,XIREC,5.0,3
943100,,,VEV_6000,XIREC,0.0,4
943100,,,VEV_6500,XIREC,0.0,4
943200,SUBMISSION,,VELVETFRUIT_EXTRACT,XIREC,5248.0,20
943200,SUBMISSION,,VELVETFRUIT_EXTRACT,XIREC,5249.0,37
943300,SUBMISSION,,VELVETFRUIT_EXTRACT,XIREC,5248.0,23
943300,SUBMISSION,,VELVETFRUIT_EXTRACT,XIREC,5249.0,42
943400,SUBMISSION,,VELVETFRUIT_EXTRACT,XIREC,5247.0,19
943400,SUBMISSION,,VELVETFRUIT_EXTRACT,XIREC,5248.0,5
943500,SUBMISSION,,VELVETFRUIT_EXTRACT,XIREC,5248.0,1
944000,SUBMISSION,,VELVETFRUIT_EXTRACT,XIREC,5243.0,1
944600,SUBMISSION,,VELVETFRUIT_EXTRACT,XIREC,5242.0,1
944800,,,VELVETFRUIT_EXTRACT,XIREC,5245.0,8
945100,SUBMISSION,,VELVETFRUIT_EXTRACT,XIREC,5248.0,1
945600,SUBMISSION,,VELVETFRUIT_EXTRACT,XIREC,5248.0,1
946200,SUBMISSION,,VELVETFRUIT_EXTRACT,XIREC,5246.0,1
946400,,SUBMISSION,HYDROGEL_PACK,XIREC,10021.0,3
946700,SUBMISSION,,VELVETFRUIT_EXTRACT,XIREC,5248.0,1
946800,,,VELVETFRUIT_EXTRACT,XIREC,5248.0,8
948500,SUBMISSION,,VEV_5300,XIREC,45.0,4
948500,SUBMISSION,,VEV_5400,XIREC,13.0,2
948500,SUBMISSION,,VEV_5500,XIREC,5.0,1
948500,,,VEV_5400,XIREC,13.0,2
948500,,,VEV_5500,XIREC,5.0,3
948500,,,VEV_6000,XIREC,0.0,4
948500,,,VEV_6500,XIREC,0.0,4
948700,SUBMISSION,,VELVETFRUIT_EXTRACT,XIREC,5247.0,2
948700,,,VELVETFRUIT_EXTRACT,XIREC,5247.0,6
949400,,,VELVETFRUIT_EXTRACT,XIREC,5248.0,9
949700,,SUBMISSION,HYDROGEL_PACK,XIREC,10024.0,10
949700,,SUBMISSION,HYDROGEL_PACK,XIREC,10022.0,22
949800,,SUBMISSION,HYDROGEL_PACK,XIREC,10022.0,12
949800,,SUBMISSION,HYDROGEL_PACK,XIREC,10019.0,20
949900,,SUBMISSION,HYDROGEL_PACK,XIREC,10021.0,12
950000,,SUBMISSION,HYDROGEL_PACK,XIREC,10025.0,11
950000,,SUBMISSION,HYDROGEL_PACK,XIREC,10023.0,29
950000,,SUBMISSION,HYDROGEL_PACK,XIREC,10040.0,2
950100,,SUBMISSION,HYDROGEL_PACK,XIREC,10021.0,12
950200,,SUBMISSION,HYDROGEL_PACK,XIREC,10022.0,11
950300,SUBMISSION,,VEV_5400,XIREC,14.0,2
950300,SUBMISSION,,VEV_5500,XIREC,5.0,1
950300,,,HYDROGEL_PACK,XIREC,10021.0,5
950300,,,VEV_5400,XIREC,14.0,3
950300,,,VEV_5500,XIREC,5.0,4
950300,,,VEV_6000,XIREC,0.0,5
950300,,,VEV_6500,XIREC,0.0,5
950400,,SUBMISSION,HYDROGEL_PACK,XIREC,10022.0,14
950700,,SUBMISSION,HYDROGEL_PACK,XIREC,10035.0,5
951000,,SUBMISSION,HYDROGEL_PACK,XIREC,10022.0,13
951100,,SUBMISSION,HYDROGEL_PACK,XIREC,10022.0,12
951200,,SUBMISSION,HYDROGEL_PACK,XIREC,10023.0,11
951300,,SUBMISSION,HYDROGEL_PACK,XIREC,10023.0,14
951400,,SUBMISSION,HYDROGEL_PACK,XIREC,10024.0,10
951500,,SUBMISSION,HYDROGEL_PACK,XIREC,10024.0,9
951500,,SUBMISSION,VELVETFRUIT_EXTRACT,XIREC,5261.0,6
953400,,SUBMISSION,VEV_4000,XIREC,1265.0,2
953700,,,HYDROGEL_PACK,XIREC,10035.0,5
953800,,,HYDROGEL_PACK,XIREC,10033.0,6
954500,,SUBMISSION,VELVETFRUIT_EXTRACT,XIREC,5261.0,59
954600,,SUBMISSION,VELVETFRUIT_EXTRACT,XIREC,5262.0,64
954700,,SUBMISSION,VELVETFRUIT_EXTRACT,XIREC,5263.0,24
954700,,SUBMISSION,VELVETFRUIT_EXTRACT,XIREC,5262.0,36
954800,,SUBMISSION,VELVETFRUIT_EXTRACT,XIREC,5263.0,21
954800,,SUBMISSION,VELVETFRUIT_EXTRACT,XIREC,5262.0,32
954900,,SUBMISSION,VELVETFRUIT_EXTRACT,XIREC,5263.0,17
954900,,SUBMISSION,VELVETFRUIT_EXTRACT,XIREC,5262.0,34
955000,,SUBMISSION,VELVETFRUIT_EXTRACT,XIREC,5262.0,19
957800,SUBMISSION,,HYDROGEL_PACK,XIREC,9998.0,6
960700,,,VELVETFRUIT_EXTRACT,XIREC,5263.0,4
960800,,SUBMISSION,HYDROGEL_PACK,XIREC,10025.0,6
960800,,,HYDROGEL_PACK,XIREC,10041.0,2
962900,,SUBMISSION,VEV_4000,XIREC,1274.0,1
963300,,,VELVETFRUIT_EXTRACT,XIREC,5267.0,5
963500,,,VELVETFRUIT_EXTRACT,XIREC,5267.0,5
963900,,,HYDROGEL_PACK,XIREC,10040.0,6
964000,,,HYDROGEL_PACK,XIREC,10020.0,3
964700,SUBMISSION,,HYDROGEL_PACK,XIREC,10009.0,4
965000,,,VELVETFRUIT_EXTRACT,XIREC,5272.0,4
966200,,,VELVETFRUIT_EXTRACT,XIREC,5268.0,7
966900,,,HYDROGEL_PACK,XIREC,10019.0,2
968200,SUBMISSION,,VEV_4000,XIREC,1266.0,1
968900,SUBMISSION,,HYDROGEL_PACK,XIREC,10004.0,14
969000,SUBMISSION,,HYDROGEL_PACK,XIREC,10004.0,13
969100,SUBMISSION,,HYDROGEL_PACK,XIREC,10000.0,15
969100,SUBMISSION,,HYDROGEL_PACK,XIREC,10002.0,24
969200,SUBMISSION,,HYDROGEL_PACK,XIREC,9999.0,12
969200,SUBMISSION,,HYDROGEL_PACK,XIREC,10002.0,22
969300,SUBMISSION,,HYDROGEL_PACK,XIREC,10000.0,15
969300,SUBMISSION,,HYDROGEL_PACK,XIREC,10002.0,19
969400,SUBMISSION,,HYDROGEL_PACK,XIREC,9996.0,11
969400,SUBMISSION,,HYDROGEL_PACK,XIREC,9999.0,20
969500,SUBMISSION,,HYDROGEL_PACK,XIREC,9997.0,10
969500,SUBMISSION,,HYDROGEL_PACK,XIREC,10000.0,28
969700,SUBMISSION,,HYDROGEL_PACK,XIREC,9996.0,13
969700,SUBMISSION,,HYDROGEL_PACK,XIREC,9998.0,26
969800,SUBMISSION,,HYDROGEL_PACK,XIREC,9994.0,12
969800,SUBMISSION,,HYDROGEL_PACK,XIREC,9997.0,22
969900,SUBMISSION,,HYDROGEL_PACK,XIREC,9995.0,9
970000,SUBMISSION,,HYDROGEL_PACK,XIREC,9994.0,13
970000,SUBMISSION,,HYDROGEL_PACK,XIREC,9997.0,11
970500,SUBMISSION,,HYDROGEL_PACK,XIREC,9982.0,3
970800,SUBMISSION,,HYDROGEL_PACK,XIREC,9992.0,10
970800,SUBMISSION,,HYDROGEL_PACK,XIREC,9995.0,22
971900,,,HYDROGEL_PACK,XIREC,9998.0,3
972800,SUBMISSION,,VELVETFRUIT_EXTRACT,XIREC,5257.0,3
973300,,,VELVETFRUIT_EXTRACT,XIREC,5261.0,8
975400,SUBMISSION,,VELVETFRUIT_EXTRACT,XIREC,5256.0,3
977200,,SUBMISSION,VEV_4000,XIREC,1262.0,1
977600,SUBMISSION,,HYDROGEL_PACK,XIREC,9987.0,2
979200,SUBMISSION,,HYDROGEL_PACK,XIREC,10000.0,2
979700,,SUBMISSION,VEV_4000,XIREC,1265.0,2
982000,,,VELVETFRUIT_EXTRACT,XIREC,5257.0,3
982900,SUBMISSION,,HYDROGEL_PACK,XIREC,9999.0,6
984000,SUBMISSION,,VELVETFRUIT_EXTRACT,XIREC,5253.0,24
984100,SUBMISSION,,VELVETFRUIT_EXTRACT,XIREC,5252.0,73
984200,SUBMISSION,,VELVETFRUIT_EXTRACT,XIREC,5252.0,56
984300,SUBMISSION,,VELVETFRUIT_EXTRACT,XIREC,5252.0,23
984300,SUBMISSION,,VELVETFRUIT_EXTRACT,XIREC,5253.0,48
984700,,,VELVETFRUIT_EXTRACT,XIREC,5251.0,9
984900,,,VELVETFRUIT_EXTRACT,XIREC,5254.0,6
985400,,SUBMISSION,HYDROGEL_PACK,XIREC,10023.0,4
985600,SUBMISSION,,VELVETFRUIT_EXTRACT,XIREC,5252.0,13
985600,,,VELVETFRUIT_EXTRACT,XIREC,5252.0,14
985800,,SUBMISSION,HYDROGEL_PACK,XIREC,10028.0,4
986300,,SUBMISSION,HYDROGEL_PACK,XIREC,10022.0,10
986300,,,VELVETFRUIT_EXTRACT,XIREC,5254.0,10
986400,,SUBMISSION,HYDROGEL_PACK,XIREC,10023.0,14
986500,,SUBMISSION,HYDROGEL_PACK,XIREC,10023.0,15
986600,,SUBMISSION,HYDROGEL_PACK,XIREC,10024.0,12
986600,,SUBMISSION,HYDROGEL_PACK,XIREC,10021.0,21
986700,,SUBMISSION,HYDROGEL_PACK,XIREC,10023.0,11
986800,,SUBMISSION,HYDROGEL_PACK,XIREC,10024.0,10
986800,,SUBMISSION,HYDROGEL_PACK,XIREC,10022.0,29
986900,,SUBMISSION,HYDROGEL_PACK,XIREC,10023.0,14
986900,,SUBMISSION,HYDROGEL_PACK,XIREC,10020.0,22
987000,,SUBMISSION,HYDROGEL_PACK,XIREC,10023.0,10
987000,,SUBMISSION,HYDROGEL_PACK,XIREC,10020.0,30
987100,,SUBMISSION,HYDROGEL_PACK,XIREC,10022.0,10
987100,,SUBMISSION,HYDROGEL_PACK,XIREC,10020.0,29
987400,,SUBMISSION,HYDROGEL_PACK,XIREC,10022.0,12
987500,,SUBMISSION,HYDROGEL_PACK,XIREC,10022.0,11
988000,,,HYDROGEL_PACK,XIREC,10016.0,4
988000,,,VELVETFRUIT_EXTRACT,XIREC,5256.0,4
988100,SUBMISSION,,VEV_5200,XIREC,94.0,5
988100,SUBMISSION,,VEV_5300,XIREC,46.0,5
988100,SUBMISSION,,VEV_5400,XIREC,14.0,2
988100,SUBMISSION,,VEV_5500,XIREC,5.0,1
988100,,,VEV_5400,XIREC,14.0,3
988100,,,VEV_5500,XIREC,5.0,4
988100,,,VEV_6000,XIREC,0.0,5
988100,,,VEV_6500,XIREC,0.0,5
988400,,,HYDROGEL_PACK,XIREC,10016.0,6
989000,,,HYDROGEL_PACK,XIREC,10017.0,4
990200,,SUBMISSION,HYDROGEL_PACK,XIREC,10022.0,14
990300,SUBMISSION,,VEV_5400,XIREC,15.0,2
990300,,,VEV_5400,XIREC,15.0,3
990300,,,VEV_6000,XIREC,0.0,5
990300,,,VEV_6500,XIREC,0.0,5
990600,,SUBMISSION,VELVETFRUIT_EXTRACT,XIREC,5261.0,8
991000,,SUBMISSION,HYDROGEL_PACK,XIREC,10023.0,12
991500,,,VELVETFRUIT_EXTRACT,XIREC,5260.0,4
991600,,,VELVETFRUIT_EXTRACT,XIREC,5260.0,7
991700,,SUBMISSION,VELVETFRUIT_EXTRACT,XIREC,5261.0,9
992100,,SUBMISSION,HYDROGEL_PACK,XIREC,10024.0,12
992200,,SUBMISSION,HYDROGEL_PACK,XIREC,10023.0,13
992400,,SUBMISSION,VELVETFRUIT_EXTRACT,XIREC,5261.0,25
992500,,SUBMISSION,VELVETFRUIT_EXTRACT,XIREC,5261.0,51
992800,,SUBMISSION,VELVETFRUIT_EXTRACT,XIREC,5262.0,23
993200,,SUBMISSION,HYDROGEL_PACK,XIREC,10024.0,11
993300,,SUBMISSION,HYDROGEL_PACK,XIREC,10024.0,11
993400,,SUBMISSION,HYDROGEL_PACK,XIREC,10026.0,11
993500,,SUBMISSION,HYDROGEL_PACK,XIREC,10025.0,6
994100,,SUBMISSION,VELVETFRUIT_EXTRACT,XIREC,5262.0,16
994200,,SUBMISSION,VELVETFRUIT_EXTRACT,XIREC,5263.0,15
994600,,SUBMISSION,VELVETFRUIT_EXTRACT,XIREC,5264.0,48
994700,,SUBMISSION,VELVETFRUIT_EXTRACT,XIREC,5264.0,48
997300,SUBMISSION,,VEV_4000,XIREC,1266.0,2
998500,,SUBMISSION,VEV_4000,XIREC,1275.0,3
