timestamp;buyer;seller;symbol;currency;price;quantity
2500;;;VELVETFRUIT_EXTRACT;XIREC;5250.0;4
2900;SUBMISSION;;VEV_5400;XIREC;22.0;3
2900;SUBMISSION;;VEV_5500;XIREC;8.0;3
2900;;;VEV_6000;XIREC;0.0;3
2900;;;VEV_6500;XIREC;0.0;3
3400;SUBMISSION;;VELVETFRUIT_EXTRACT;XIREC;5247.0;19
3600;SUBMISSION;;VELVETFRUIT_EXTRACT;XIREC;5246.0;16
3800;SUBMISSION;;VELVETFRUIT_EXTRACT;XIREC;5243.0;11
3900;SUBMISSION;;VELVETFRUIT_EXTRACT;XIREC;5246.0;55
4000;SUBMISSION;;VELVETFRUIT_EXTRACT;XIREC;5245.0;52
4100;SUBMISSION;;VELVETFRUIT_EXTRACT;XIREC;5244.0;19
4100;SUBMISSION;;VELVETFRUIT_EXTRACT;XIREC;5245.0;28
5200;;;VELVETFRUIT_EXTRACT;XIREC;5236.0;3
5500;;;VELVETFRUIT_EXTRACT;XIREC;5241.0;8
8000;;SUBMISSION;HYDROGEL_PACK;XIREC;10017.0;6
9000;SUBMISSION;;VEV_4000;XIREC;1227.0;2
9300;;;VELVETFRUIT_EXTRACT;XIREC;5229.0;6
10100;;SUBMISSION;HYDROGEL_PACK;XIREC;10013.0;5
11100;;SUBMISSION;VEV_4000;XIREC;1241.0;1
11900;;;VELVETFRUIT_EXTRACT;XIREC;5237.0;4
14000;;;VELVETFRUIT_EXTRACT;XIREC;5243.0;7
15200;SUBMISSION;;VEV_5400;XIREC;21.0;5
15200;SUBMISSION;;VEV_5500;XIREC;7.0;5
15200;;;VEV_6000;XIREC;0.0;5
15200;;;VEV_6500;XIREC;0.0;5
15300;;SUBMISSION;HYDROGEL_PACK;XIREC;10025.0;3
15400;SUBMISSION;;VEV_4000;XIREC;1237.0;3
15700;;;HYDROGEL_PACK;XIREC;10009.0;2
16400;;;HYDROGEL_PACK;XIREC;10009.0;4
17000;;;VELVETFRUIT_EXTRACT;XIREC;5239.0;6
18600;;SUBMISSION;VEV_4000;XIREC;1242.0;3
19900;;;VELVETFRUIT_EXTRACT;XIREC;5236.0;7
20300;;;HYDROGEL_PACK;XIREC;10002.0;5
20500;;;HYDROGEL_PACK;XIREC;10000.0;3
20700;;;VELVETFRUIT_EXTRACT;XIREC;5238.0;5
22500;;;VELVETFRUIT_EXTRACT;XIREC;5234.0;4
23200;;;VELVETFRUIT_EXTRACT;XIREC;5234.0;4
23300;;;HYDROGEL_PACK;XIREC;9997.0;2
24100;SUBMISSION;;HYDROGEL_PACK;XIREC;9995.0;5
24400;SUBMISSION;;VEV_4000;XIREC;1230.0;1
26100;;;VELVETFRUIT_EXTRACT;XIREC;5227.0;5
27300;;;VELVETFRUIT_EXTRACT;XIREC;5230.0;3
28400;SUBMISSION;;HYDROGEL_PACK;XIREC;9995.0;14
28400;;;VELVETFRUIT_EXTRACT;XIREC;5230.0;8
28500;SUBMISSION;;HYDROGEL_PACK;XIREC;9994.0;10
28500;;;HYDROGEL_PACK;XIREC;9994.0;5
28600;SUBMISSION;;HYDROGEL_PACK;XIREC;9991.0;12
28600;SUBMISSION;;HYDROGEL_PACK;XIREC;9994.0;29
28700;SUBMISSION;;HYDROGEL_PACK;XIREC;9992.0;13
28700;SUBMISSION;;HYDROGEL_PACK;XIREC;9995.0;24
28800;SUBMISSION;;HYDROGEL_PACK;XIREC;9991.0;10
28800;SUBMISSION;;HYDROGEL_PACK;XIREC;9994.0;20
28900;SUBMISSION;;HYDROGEL_PACK;XIREC;9988.0;14
28900;SUBMISSION;;HYDROGEL_PACK;XIREC;9991.0;22
29000;SUBMISSION;;HYDROGEL_PACK;XIREC;9989.0;15
29000;SUBMISSION;;HYDROGEL_PACK;XIREC;9992.0;24
29100;SUBMISSION;;HYDROGEL_PACK;XIREC;9989.0;2
29100;;;HYDROGEL_PACK;XIREC;9973.0;6
29800;;;VELVETFRUIT_EXTRACT;XIREC;5232.0;4
31700;SUBMISSION;;VEV_5400;XIREC;18.0;5
31700;SUBMISSION;;VEV_5500;XIREC;6.0;5
31700;;;VEV_6000;XIREC;0.0;5
31700;;;VEV_6500;XIREC;0.0;5
33300;;;VELVETFRUIT_EXTRACT;XIREC;5233.0;6
36500;;;VELVETFRUIT_EXTRACT;XIREC;5229.0;7
36800;;;VELVETFRUIT_EXTRACT;XIREC;5228.0;7
37300;;;VELVETFRUIT_EXTRACT;XIREC;5231.0;5
38200;;;VELVETFRUIT_EXTRACT;XIREC;5232.0;5
38400;;;VELVETFRUIT_EXTRACT;XIREC;5235.0;3
38700;;;VELVETFRUIT_EXTRACT;XIREC;5236.0;6
39900;;;VELVETFRUIT_EXTRACT;XIREC;5230.0;8
40500;;;VELVETFRUIT_EXTRACT;XIREC;5232.0;7
41500;;SUBMISSION;VEV_4000;XIREC;1237.0;1
45100;SUBMISSION;;VEV_5400;XIREC;19.0;2
45100;SUBMISSION;;VEV_5500;XIREC;7.0;2
45100;;;VEV_6000;XIREC;0.0;2
45100;;;VEV_6500;XIREC;0.0;2
45800;;;HYDROGEL_PACK;XIREC;9978.0;2
47900;;;VELVETFRUIT_EXTRACT;XIREC;5234.0;4
54300;;;VELVETFRUIT_EXTRACT;XIREC;5239.0;4
54600;;;HYDROGEL_PACK;XIREC;9987.0;3
54900;;SUBMISSION;VELVETFRUIT_EXTRACT;XIREC;5240.0;4
55000;SUBMISSION;;VELVETFRUIT_EXTRACT;XIREC;5237.0;4
55000;;;HYDROGEL_PACK;XIREC;9987.0;6
56700;;;HYDROGEL_PACK;XIREC;9991.0;6
57500;;SUBMISSION;VELVETFRUIT_EXTRACT;XIREC;5245.0;4
57900;SUBMISSION;;VEV_4000;XIREC;1237.0;1
60000;;;HYDROGEL_PACK;XIREC;9988.0;4
61900;;SUBMISSION;VELVETFRUIT_EXTRACT;XIREC;5241.0;5
62400;SUBMISSION;;VEV_4000;XIREC;1234.0;2
63900;;;HYDROGEL_PACK;XIREC;9986.0;5
64400;SUBMISSION;;VELVETFRUIT_EXTRACT;XIREC;5237.0;9
65600;;;VELVETFRUIT_EXTRACT;XIREC;5238.0;8
67600;;;HYDROGEL_PACK;XIREC;9993.0;5
68400;;;VEV_6000;XIREC;0.0;5
68400;;;VEV_6500;XIREC;0.0;5
69200;;;VELVETFRUIT_EXTRACT;XIREC;5239.0;8
69500;SUBMISSION;;VEV_5300;XIREC;48.0;5
69500;SUBMISSION;;VEV_5400;XIREC;20.0;5
69500;SUBMISSION;;VEV_5500;XIREC;7.0;5
69500;;;VEV_6000;XIREC;0.0;5
69500;;;VEV_6500;XIREC;0.0;5
73000;;;HYDROGEL_PACK;XIREC;9980.0;3
75300;;SUBMISSION;VEV_4000;XIREC;1248.0;3
75500;;SUBMISSION;VELVETFRUIT_EXTRACT;XIREC;5242.0;6
75800;SUBMISSION;;VELVETFRUIT_EXTRACT;XIREC;5240.0;3
76300;;SUBMISSION;VELVETFRUIT_EXTRACT;XIREC;5246.0;8
77800;;;HYDROGEL_PACK;XIREC;9990.0;2
79000;SUBMISSION;;VEV_4000;XIREC;1240.0;2
79800;;SUBMISSION;VEV_4000;XIREC;1255.0;1
79800;;;VELVETFRUIT_EXTRACT;XIREC;5247.0;6
79900;;SUBMISSION;VEV_4000;XIREC;1256.0;2
81500;;SUBMISSION;VEV_5000;XIREC;259.0;6
81500;;SUBMISSION;VEV_5000;XIREC;258.0;21
81500;;SUBMISSION;VEV_5100;XIREC;173.0;6
81500;;SUBMISSION;VEV_5100;XIREC;172.0;21
81600;;SUBMISSION;VEV_4500;XIREC;748.0;11
81600;;SUBMISSION;VEV_4500;XIREC;746.0;19
81600;;SUBMISSION;VEV_5000;XIREC;259.0;11
81600;;SUBMISSION;VEV_5000;XIREC;258.0;19
81600;;SUBMISSION;VEV_5100;XIREC;173.0;30
81700;;SUBMISSION;VEV_4000;XIREC;1259.0;1
81800;;SUBMISSION;VEV_5000;XIREC;258.0;9
81800;;SUBMISSION;VEV_5000;XIREC;257.0;21
85300;;SUBMISSION;VELVETFRUIT_EXTRACT;XIREC;5244.0;6
85800;SUBMISSION;;VELVETFRUIT_EXTRACT;XIREC;5239.0;4
86300;;SUBMISSION;VELVETFRUIT_EXTRACT;XIREC;5243.0;7
86800;;SUBMISSION;VELVETFRUIT_EXTRACT;XIREC;5244.0;6
87400;SUBMISSION;;VEV_5300;XIREC;47.0;3
87400;SUBMISSION;;VEV_5400;XIREC;20.0;3
87400;SUBMISSION;;VEV_5500;XIREC;7.0;3
87400;;;VEV_6000;XIREC;0.0;3
87400;;;VEV_6500;XIREC;0.0;3
87700;SUBMISSION;;VELVETFRUIT_EXTRACT;XIREC;5240.0;21
87800;SUBMISSION;;VELVETFRUIT_EXTRACT;XIREC;5238.0;5
88000;;SUBMISSION;VEV_4000;XIREC;1242.0;1
88900;SUBMISSION;;VEV_5500;XIREC;7.0;4
88900;;;VEV_6000;XIREC;0.0;4
88900;;;VEV_6500;XIREC;0.0;4
89300;;;VELVETFRUIT_EXTRACT;XIREC;5237.0;5
90000;;;HYDROGEL_PACK;XIREC;9950.0;6
92600;;;VELVETFRUIT_EXTRACT;XIREC;5232.0;5
93200;;;HYDROGEL_PACK;XIREC;9948.0;6
94600;;;HYDROGEL_PACK;XIREC;9931.0;3
94900;;;HYDROGEL_PACK;XIREC;9934.0;4
96800;;;HYDROGEL_PACK;XIREC;9940.0;2
98200;;SUBMISSION;VEV_4000;XIREC;1241.0;3
99100;;SUBMISSION;VEV_4000;XIREC;1246.0;1
100000;;SUBMISSION;VELVETFRUIT_EXTRACT;XIREC;5240.0;4
100900;SUBMISSION;;VELVETFRUIT_EXTRACT;XIREC;5237.0;4
101800;;SUBMISSION;VELVETFRUIT_EXTRACT;XIREC;5240.0;4
102000;SUBMISSION;;VELVETFRUIT_EXTRACT;XIREC;5236.0;4
102200;;;HYDROGEL_PACK;XIREC;9946.0;5
102600;;;VELVETFRUIT_EXTRACT;XIREC;5236.0;4
104800;;;VELVETFRUIT_EXTRACT;XIREC;5235.0;6
105100;;;HYDROGEL_PACK;XIREC;9943.0;4
105600;;;VELVETFRUIT_EXTRACT;XIREC;5235.0;12
106100;;;HYDROGEL_PACK;XIREC;9943.0;6
108800;;;HYDROGEL_PACK;XIREC;9949.0;2
109300;SUBMISSION;;VEV_4000;XIREC;1221.0;1
109500;;;HYDROGEL_PACK;XIREC;9926.0;2
109700;SUBMISSION;;VEV_4000;XIREC;1224.0;4
109700;SUBMISSION;;VEV_4000;XIREC;1235.0;9
109700;SUBMISSION;;VEV_4000;XIREC;1238.0;17
109700;SUBMISSION;;VEV_5300;XIREC;41.0;4
109700;SUBMISSION;;VEV_5400;XIREC;17.0;4
109700;SUBMISSION;;VEV_5500;XIREC;6.0;4
109700;;;VEV_6000;XIREC;0.0;4
109700;;;VEV_6500;XIREC;0.0;4
110200;;;VELVETFRUIT_EXTRACT;XIREC;5224.0;5
110600;SUBMISSION;;VEV_5300;XIREC;41.0;3
110600;SUBMISSION;;VEV_5400;XIREC;17.0;3
110600;SUBMISSION;;VEV_5500;XIREC;6.0;3
110600;;;VEV_6000;XIREC;0.0;3
110600;;;VEV_6500;XIREC;0.0;3
111800;SUBMISSION;;VEV_5300;XIREC;41.0;19
112100;SUBMISSION;;VEV_5300;XIREC;41.0;10
112100;SUBMISSION;;VEV_5300;XIREC;42.0;18
112600;SUBMISSION;;VEV_5000;XIREC;233.0;7
112600;SUBMISSION;;VEV_5000;XIREC;234.0;12
112600;SUBMISSION;;VEV_5100;XIREC;150.0;7
112600;SUBMISSION;;VEV_5100;XIREC;151.0;12
112600;SUBMISSION;;VEV_5200;XIREC;84.0;7
112600;SUBMISSION;;VEV_5200;XIREC;85.0;12
112600;SUBMISSION;;VEV_5300;XIREC;41.0;25
112900;;;VELVETFRUIT_EXTRACT;XIREC;5224.0;5
113000;SUBMISSION;;VEV_5300;XIREC;41.0;5
113000;SUBMISSION;;VEV_5300;XIREC;42.0;20
113100;SUBMISSION;;VEV_5300;XIREC;41.0;27
113300;SUBMISSION;;VEV_5300;XIREC;41.0;10
113300;SUBMISSION;;VEV_5300;XIREC;42.0;18
113400;SUBMISSION;;VEV_5100;XIREC;150.0;12
113400;SUBMISSION;;VEV_5100;XIREC;151.0;18
113400;SUBMISSION;;VEV_5300;XIREC;41.0;22
113500;SUBMISSION;;VEV_5000;XIREC;232.0;10
113500;SUBMISSION;;VEV_5000;XIREC;233.0;20
113500;SUBMISSION;;VEV_5100;XIREC;150.0;30
113500;SUBMISSION;;VEV_5200;XIREC;84.0;30
113500;SUBMISSION;;VEV_5300;XIREC;41.0;18
113600;SUBMISSION;;VEV_5000;XIREC;232.0;12
113600;SUBMISSION;;VEV_5000;XIREC;233.0;18
113600;SUBMISSION;;VEV_5100;XIREC;150.0;30
113600;SUBMISSION;;VEV_5200;XIREC;84.0;30
113600;SUBMISSION;;VEV_5300;XIREC;41.0;26
113700;SUBMISSION;;VEV_5000;XIREC;232.0;10
113700;SUBMISSION;;VEV_5000;XIREC;233.0;15
113700;SUBMISSION;;VEV_5100;XIREC;149.0;10
113700;SUBMISSION;;VEV_5100;XIREC;150.0;15
113700;SUBMISSION;;VEV_5200;XIREC;84.0;25
113700;SUBMISSION;;VEV_5300;XIREC;41.0;25
113800;SUBMISSION;;VEV_5000;XIREC;233.0;28
113800;SUBMISSION;;VEV_5100;XIREC;150.0;28
113800;SUBMISSION;;VEV_5200;XIREC;84.0;28
113800;SUBMISSION;;VEV_5300;XIREC;41.0;28
113900;SUBMISSION;;VEV_5000;XIREC;232.0;10
113900;SUBMISSION;;VEV_5000;XIREC;233.0;14
113900;SUBMISSION;;VEV_5100;XIREC;149.0;10
113900;SUBMISSION;;VEV_5100;XIREC;150.0;14
113900;SUBMISSION;;VEV_5200;XIREC;84.0;24
113900;SUBMISSION;;VEV_5300;XIREC;41.0;9
114000;SUBMISSION;;VEV_5000;XIREC;232.0;28
114000;SUBMISSION;;VEV_5100;XIREC;149.0;10
114000;SUBMISSION;;VEV_5100;XIREC;150.0;18
114000;SUBMISSION;;VEV_5200;XIREC;84.0;28
114100;SUBMISSION;;VEV_5000;XIREC;233.0;20
114100;SUBMISSION;;VEV_5100;XIREC;150.0;20
114100;SUBMISSION;;VEV_5200;XIREC;84.0;20
114300;SUBMISSION;;VEV_5000;XIREC;233.0;30
114300;SUBMISSION;;VEV_5100;XIREC;150.0;8
114300;SUBMISSION;;VEV_5100;XIREC;151.0;22
114600;SUBMISSION;;VEV_5000;XIREC;233.0;7
114600;SUBMISSION;;VEV_5000;XIREC;234.0;21
114600;SUBMISSION;;VEV_5100;XIREC;150.0;7
114600;SUBMISSION;;VEV_5100;XIREC;151.0;21
114700;SUBMISSION;;VEV_5000;XIREC;233.0;22
114700;SUBMISSION;;VEV_5100;XIREC;150.0;7
114700;SUBMISSION;;VEV_5100;XIREC;151.0;15
115100;SUBMISSION;;VEV_5100;XIREC;150.0;8
115100;SUBMISSION;;VEV_5100;XIREC;151.0;12
115300;SUBMISSION;;VEV_5000;XIREC;233.0;30
115300;SUBMISSION;;VEV_5100;XIREC;150.0;8
115300;SUBMISSION;;VEV_5100;XIREC;151.0;10
115400;SUBMISSION;;VEV_5000;XIREC;233.0;23
115400;SUBMISSION;;VEV_5200;XIREC;84.0;23
115500;SUBMISSION;;VEV_4000;XIREC;1228.0;8
115500;SUBMISSION;;VEV_4000;XIREC;1231.0;19
115500;SUBMISSION;;VEV_4500;XIREC;726.0;6
115500;SUBMISSION;;VEV_4500;XIREC;727.0;14
115500;SUBMISSION;;VEV_5000;XIREC;231.0;20
115500;SUBMISSION;;VEV_5200;XIREC;83.0;20
115500;SUBMISSION;;VEV_5400;XIREC;17.0;22
115600;SUBMISSION;;VEV_4000;XIREC;1229.0;14
115600;SUBMISSION;;VEV_4000;XIREC;1231.0;16
115600;SUBMISSION;;VEV_4500;XIREC;726.0;10
115600;SUBMISSION;;VEV_4500;XIREC;728.0;17
115600;SUBMISSION;;VEV_5000;XIREC;231.0;25
115600;SUBMISSION;;VEV_5200;XIREC;83.0;27
115600;SUBMISSION;;VEV_5400;XIREC;17.0;24
115700;SUBMISSION;;VEV_4000;XIREC;1228.0;11
115700;SUBMISSION;;VEV_4000;XIREC;1230.0;19
115700;SUBMISSION;;VEV_4500;XIREC;725.0;8
115700;SUBMISSION;;VEV_4500;XIREC;727.0;21
115700;SUBMISSION;;VEV_5200;XIREC;83.0;21
115700;SUBMISSION;;VEV_5400;XIREC;17.0;28
115800;SUBMISSION;;VEV_4000;XIREC;1227.0;12
115800;SUBMISSION;;VEV_4000;XIREC;1230.0;18
115800;SUBMISSION;;VEV_4500;XIREC;725.0;7
115800;SUBMISSION;;VEV_4500;XIREC;726.0;13
115800;SUBMISSION;;VEV_5400;XIREC;17.0;18
115900;SUBMISSION;;VEV_4000;XIREC;1226.0;8
115900;SUBMISSION;;VEV_4000;XIREC;1229.0;22
115900;SUBMISSION;;VEV_4500;XIREC;724.0;11
115900;SUBMISSION;;VEV_4500;XIREC;726.0;19
115900;SUBMISSION;;VEV_5400;XIREC;16.0;8
115900;SUBMISSION;;VEV_5400;XIREC;17.0;11
116000;SUBMISSION;;VEV_4000;XIREC;1227.0;8
116000;SUBMISSION;;VEV_4000;XIREC;1229.0;22
116000;SUBMISSION;;VEV_4000;XIREC;1211.0;1
116000;SUBMISSION;;VEV_4500;XIREC;724.0;6
116000;SUBMISSION;;VEV_4500;XIREC;726.0;21
116000;SUBMISSION;;VEV_5400;XIREC;17.0;25
116100;SUBMISSION;;VEV_4000;XIREC;1227.0;10
116100;SUBMISSION;;VEV_4000;XIREC;1230.0;19
116100;SUBMISSION;;VEV_4500;XIREC;725.0;7
116100;SUBMISSION;;VEV_4500;XIREC;727.0;12
116100;SUBMISSION;;VEV_5400;XIREC;17.0;21
116200;SUBMISSION;;VEV_4000;XIREC;1227.0;14
116200;SUBMISSION;;VEV_4000;XIREC;1230.0;16
116200;SUBMISSION;;VEV_4500;XIREC;725.0;8
116200;SUBMISSION;;VEV_4500;XIREC;726.0;16
116200;SUBMISSION;;VEV_5400;XIREC;17.0;20
116300;SUBMISSION;;VEV_4000;XIREC;1227.0;9
116300;SUBMISSION;;VEV_4000;XIREC;1230.0;20
116300;SUBMISSION;;VEV_4500;XIREC;725.0;9
116300;SUBMISSION;;VEV_4500;XIREC;727.0;13
116300;SUBMISSION;;VEV_5400;XIREC;17.0;17
116300;;;HYDROGEL_PACK;XIREC;9929.0;5
116400;SUBMISSION;;VEV_4000;XIREC;1228.0;4
116400;SUBMISSION;;VEV_4500;XIREC;726.0;6
116400;SUBMISSION;;VEV_4500;XIREC;728.0;19
116400;SUBMISSION;;VEV_5400;XIREC;17.0;28
116500;SUBMISSION;;VEV_4500;XIREC;725.0;11
116500;SUBMISSION;;VEV_4500;XIREC;726.0;13
116500;SUBMISSION;;VEV_5400;XIREC;17.0;15
116600;SUBMISSION;;VEV_4500;XIREC;724.0;12
116600;SUBMISSION;;VEV_4500;XIREC;726.0;18
116600;SUBMISSION;;VEV_5400;XIREC;16.0;9
116600;SUBMISSION;;VEV_5400;XIREC;17.0;14
116700;SUBMISSION;;VEV_4500;XIREC;726.0;7
116700;SUBMISSION;;VEV_4500;XIREC;728.0;16
116700;SUBMISSION;;VEV_5400;XIREC;17.0;5
116800;SUBMISSION;;VEV_4500;XIREC;726.0;5
117700;;;VELVETFRUIT_EXTRACT;XIREC;5223.0;8
120900;;;VELVETFRUIT_EXTRACT;XIREC;5219.0;5
121500;;SUBMISSION;VEV_4000;XIREC;1228.0;2
122600;;SUBMISSION;VEV_4000;XIREC;1237.0;2
123200;;;VELVETFRUIT_EXTRACT;XIREC;5230.0;5
125000;;;HYDROGEL_PACK;XIREC;9972.0;4
125700;SUBMISSION;;VEV_5300;XIREC;45.0;4
125700;SUBMISSION;;VEV_5500;XIREC;7.0;4
125700;;;VEV_6000;XIREC;0.0;4
125700;;;VEV_6500;XIREC;0.0;4
127700;;SUBMISSION;VELVETFRUIT_EXTRACT;XIREC;5240.0;8
128500;;;HYDROGEL_PACK;XIREC;9955.0;5
130400;;SUBMISSION;VEV_4000;XIREC;1245.0;2
130800;SUBMISSION;;VEV_4000;XIREC;1233.0;1
132000;;;HYDROGEL_PACK;XIREC;9950.0;3
132900;;;HYDROGEL_PACK;XIREC;9956.0;2
133600;;;HYDROGEL_PACK;XIREC;9970.0;5
134400;SUBMISSION;;VEV_4000;XIREC;1236.0;2
136700;;SUBMISSION;VELVETFRUIT_EXTRACT;XIREC;5238.0;3
136800;;;HYDROGEL_PACK;XIREC;9955.0;5
137400;SUBMISSION;;VELVETFRUIT_EXTRACT;XIREC;5234.0;11
140500;;SUBMISSION;VEV_4000;XIREC;1234.0;3
140800;;;VELVETFRUIT_EXTRACT;XIREC;5234.0;7
141700;;;HYDROGEL_PACK;XIREC;9939.0;2
141700;;;VELVETFRUIT_EXTRACT;XIREC;5234.0;6
142400;;;VELVETFRUIT_EXTRACT;XIREC;5231.0;5
143600;;;HYDROGEL_PACK;XIREC;9949.0;4
144100;;;VELVETFRUIT_EXTRACT;XIREC;5227.0;7
144500;;;HYDROGEL_PACK;XIREC;9966.0;3
145100;;;VELVETFRUIT_EXTRACT;XIREC;5228.0;5
148100;;;VELVETFRUIT_EXTRACT;XIREC;5223.0;3
148500;;SUBMISSION;VEV_4000;XIREC;1231.0;3
148700;;;VELVETFRUIT_EXTRACT;XIREC;5223.0;8
150500;SUBMISSION;;VEV_4000;XIREC;1225.0;2
152200;;SUBMISSION;VELVETFRUIT_EXTRACT;XIREC;5236.0;3
152400;SUBMISSION;;VELVETFRUIT_EXTRACT;XIREC;5232.0;3
153400;;;HYDROGEL_PACK;XIREC;9964.0;4
155200;;SUBMISSION;HYDROGEL_PACK;XIREC;9990.0;5
155600;;SUBMISSION;VEV_4000;XIREC;1248.0;2
156600;;SUBMISSION;VELVETFRUIT_EXTRACT;XIREC;5243.0;4
157400;SUBMISSION;;VEV_5300;XIREC;47.0;1
157400;SUBMISSION;;VEV_5500;XIREC;7.0;2
157400;;;VEV_5300;XIREC;47.0;1
157400;;;VEV_6000;XIREC;0.0;2
157400;;;VEV_6500;XIREC;0.0;2
158100;;;HYDROGEL_PACK;XIREC;9974.0;5
159000;;SUBMISSION;VELVETFRUIT_EXTRACT;XIREC;5248.0;6
159300;SUBMISSION;;HYDROGEL_PACK;XIREC;9970.0;2
160700;;SUBMISSION;VEV_5000;XIREC;256.0;7
160700;;SUBMISSION;VEV_5000;XIREC;255.0;23
160800;SUBMISSION;;VEV_5500;XIREC;8.0;4
160800;;;VEV_6000;XIREC;0.0;4
160800;;;VEV_6500;XIREC;0.0;4
162300;SUBMISSION;;HYDROGEL_PACK;XIREC;9970.0;3
162500;SUBMISSION;;VEV_4000;XIREC;1247.0;1
162600;;SUBMISSION;VEV_5100;XIREC;171.0;25
163200;;SUBMISSION;VEV_4000;XIREC;1244.0;14
163200;;SUBMISSION;VEV_4000;XIREC;1241.0;16
163200;;SUBMISSION;VEV_5000;XIREC;257.0;30
163200;;SUBMISSION;VEV_5100;XIREC;172.0;30
163300;;SUBMISSION;VEV_4000;XIREC;1244.0;11
163300;;SUBMISSION;VEV_4000;XIREC;1241.0;16
163300;;SUBMISSION;VEV_5000;XIREC;258.0;11
163300;;SUBMISSION;VEV_5000;XIREC;257.0;17
163300;;SUBMISSION;VEV_5100;XIREC;173.0;11
163300;;SUBMISSION;VEV_5100;XIREC;172.0;17
163300;;;HYDROGEL_PACK;XIREC;9977.0;3
163400;;SUBMISSION;VEV_4000;XIREC;1245.0;10
163400;;SUBMISSION;VEV_4000;XIREC;1242.0;20
163400;;SUBMISSION;VEV_4500;XIREC;747.0;9
163400;;SUBMISSION;VEV_4500;XIREC;745.0;12
163400;;SUBMISSION;VEV_5000;XIREC;258.0;21
163400;;SUBMISSION;VEV_5100;XIREC;173.0;21
163400;;SUBMISSION;VEV_5200;XIREC;101.0;21
163400;;SUBMISSION;VEV_5500;XIREC;9.0;24
163500;;SUBMISSION;VEV_5000;XIREC;257.0;11
163500;;SUBMISSION;VEV_5000;XIREC;256.0;19
163500;;SUBMISSION;VEV_5100;XIREC;172.0;11
163500;;SUBMISSION;VEV_5100;XIREC;171.0;19
163600;;SUBMISSION;VEV_5100;XIREC;171.0;27
164300;;SUBMISSION;VEV_4000;XIREC;1250.0;2
164300;;SUBMISSION;VEV_4000;XIREC;1240.0;13
164300;;SUBMISSION;VEV_4000;XIREC;1237.0;15
164600;;;HYDROGEL_PACK;XIREC;9962.0;3
166000;SUBMISSION;;VEV_4000;XIREC;1244.0;2
169000;;;HYDROGEL_PACK;XIREC;9953.0;3
169400;;SUBMISSION;VELVETFRUIT_EXTRACT;XIREC;5252.0;6
169600;;SUBMISSION;VEV_5000;XIREC;257.0;7
169600;;SUBMISSION;VEV_5000;XIREC;256.0;13
169600;;SUBMISSION;VEV_5100;XIREC;172.0;7
169600;;SUBMISSION;VEV_5100;XIREC;171.0;13
169700;;SUBMISSION;VEV_5000;XIREC;258.0;12
169700;;SUBMISSION;VEV_5000;XIREC;257.0;15
169700;;SUBMISSION;VEV_5100;XIREC;172.0;27
169800;;SUBMISSION;VEV_4500;XIREC;747.0;7
169800;;SUBMISSION;VEV_4500;XIREC;745.0;14
169800;;SUBMISSION;VEV_5000;XIREC;258.0;7
169800;;SUBMISSION;VEV_5000;XIREC;257.0;14
169800;;SUBMISSION;VEV_5100;XIREC;173.0;7
169800;;SUBMISSION;VEV_5100;XIREC;172.0;14
169900;;SUBMISSION;VEV_5100;XIREC;173.0;11
169900;;SUBMISSION;VEV_5100;XIREC;172.0;14
169900;SUBMISSION;;VEV_5400;XIREC;22.0;5
169900;;;VEV_6000;XIREC;0.0;5
169900;;;VEV_6500;XIREC;0.0;5
170000;;SUBMISSION;VEV_4500;XIREC;747.0;11
170000;;SUBMISSION;VEV_4500;XIREC;745.0;15
170000;;SUBMISSION;VEV_5000;XIREC;258.0;11
170000;;SUBMISSION;VEV_5000;XIREC;257.0;15
170000;;SUBMISSION;VEV_5100;XIREC;173.0;11
170000;;SUBMISSION;VEV_5100;XIREC;172.0;15
170000;;SUBMISSION;VEV_5200;XIREC;101.0;11
170000;;SUBMISSION;VEV_5200;XIREC;100.0;15
170100;;SUBMISSION;VEV_5000;XIREC;257.0;6
170100;;SUBMISSION;VEV_5000;XIREC;256.0;21
170100;;SUBMISSION;VEV_5100;XIREC;172.0;6
170100;;SUBMISSION;VEV_5100;XIREC;171.0;21
170200;;SUBMISSION;VEV_5000;XIREC;257.0;30
170200;;SUBMISSION;VEV_5100;XIREC;172.0;30
170300;;SUBMISSION;VEV_5000;XIREC;257.0;28
170300;;SUBMISSION;VEV_5100;XIREC;172.0;28
170400;;SUBMISSION;VEV_5000;XIREC;257.0;8
170400;;SUBMISSION;VEV_5000;XIREC;256.0;22
170400;;SUBMISSION;VEV_5100;XIREC;172.0;8
170400;;SUBMISSION;VEV_5100;XIREC;171.0;22
170500;;SUBMISSION;VEV_5000;XIREC;257.0;30
170500;;SUBMISSION;VEV_5100;XIREC;172.0;30
170700;;SUBMISSION;VELVETFRUIT_EXTRACT;XIREC;5249.0;24
171500;;SUBMISSION;HYDROGEL_PACK;XIREC;9981.0;5
171900;;SUBMISSION;VEV_5000;XIREC;257.0;10
171900;;SUBMISSION;VEV_5000;XIREC;256.0;18
171900;;SUBMISSION;VEV_5100;XIREC;172.0;10
171900;;SUBMISSION;VEV_5100;XIREC;171.0;18
172000;;SUBMISSION;VEV_5000;XIREC;257.0;30
172000;;SUBMISSION;VEV_5100;XIREC;172.0;30
172100;;SUBMISSION;VEV_5000;XIREC;257.0;11
172100;;SUBMISSION;VEV_5000;XIREC;256.0;12
172100;;SUBMISSION;VEV_5100;XIREC;172.0;11
172100;;SUBMISSION;VEV_5100;XIREC;171.0;12
172200;;SUBMISSION;VEV_5000;XIREC;257.0;30
172200;;SUBMISSION;VEV_5100;XIREC;172.0;30
172800;;SUBMISSION;VELVETFRUIT_EXTRACT;XIREC;5251.0;3
173000;SUBMISSION;;HYDROGEL_PACK;XIREC;9969.0;5
173200;;SUBMISSION;VELVETFRUIT_EXTRACT;XIREC;5252.0;5
173700;SUBMISSION;;VEV_5500;XIREC;8.0;2
173700;;;VEV_6000;XIREC;0.0;2
173700;;;VEV_6500;XIREC;0.0;2
173900;;;VELVETFRUIT_EXTRACT;XIREC;5245.0;5
175300;;;HYDROGEL_PACK;XIREC;9969.0;6
176000;SUBMISSION;;VEV_5500;XIREC;7.0;3
176000;;;VEV_5400;XIREC;19.0;3
176000;;;VEV_6000;XIREC;0.0;3
176000;;;VEV_6500;XIREC;0.0;3
177200;;;VEV_5400;XIREC;19.0;2
177200;;;VEV_6000;XIREC;0.0;2
177200;;;VEV_6500;XIREC;0.0;2
178100;;;HYDROGEL_PACK;XIREC;9958.0;2
178300;;SUBMISSION;VELVETFRUIT_EXTRACT;XIREC;5239.0;6
178800;SUBMISSION;;VELVETFRUIT_EXTRACT;XIREC;5238.0;5
179100;;SUBMISSION;VELVETFRUIT_EXTRACT;XIREC;5239.0;25
179500;SUBMISSION;;VELVETFRUIT_EXTRACT;XIREC;5237.0;3
181700;SUBMISSION;;VEV_5500;XIREC;7.0;4
181700;;;VEV_5300;XIREC;45.0;4
181700;;;VEV_5400;XIREC;18.0;4
181700;;;VEV_6000;XIREC;0.0;4
181700;;;VEV_6500;XIREC;0.0;4
181900;;SUBMISSION;HYDROGEL_PACK;XIREC;9979.0;3
182400;;;HYDROGEL_PACK;XIREC;9977.0;5
183300;;;HYDROGEL_PACK;XIREC;9973.0;4
184400;SUBMISSION;;VELVETFRUIT_EXTRACT;XIREC;5237.0;12
184800;SUBMISSION;;HYDROGEL_PACK;XIREC;9966.0;3
184900;SUBMISSION;;VEV_5500;XIREC;7.0;2
184900;;;VEV_5300;XIREC;45.0;2
184900;;;VEV_5400;XIREC;18.0;2
184900;;;VEV_6000;XIREC;0.0;2
184900;;;VEV_6500;XIREC;0.0;2
185800;;;HYDROGEL_PACK;XIREC;9961.0;6
186600;SUBMISSION;;VEV_5500;XIREC;7.0;3
186600;;;VEV_5300;XIREC;46.0;3
186600;;;VEV_6000;XIREC;0.0;3
186600;;;VEV_6500;XIREC;0.0;3
188500;SUBMISSION;;VELVETFRUIT_EXTRACT;XIREC;5235.0;22
188500;SUBMISSION;;VELVETFRUIT_EXTRACT;XIREC;5236.0;37
190100;SUBMISSION;;VEV_5500;XIREC;7.0;4
190100;;;VEV_5300;XIREC;45.0;4
190100;;;VEV_5400;XIREC;18.0;4
190100;;;VEV_6000;XIREC;0.0;4
190100;;;VEV_6500;XIREC;0.0;4
190500;SUBMISSION;;VEV_4000;XIREC;1229.0;2
190600;;;HYDROGEL_PACK;XIREC;9943.0;6
193000;SUBMISSION;;VEV_5500;XIREC;6.0;2
193000;;;VEV_5300;XIREC;43.0;2
193000;;;VEV_5400;XIREC;17.0;2
193000;;;VEV_6000;XIREC;0.0;2
193000;;;VEV_6500;XIREC;0.0;2
195800;;;VELVETFRUIT_EXTRACT;XIREC;5234.0;8
196500;;;VELVETFRUIT_EXTRACT;XIREC;5227.0;7
196600;;;HYDROGEL_PACK;XIREC;9953.0;3
197000;;;HYDROGEL_PACK;XIREC;9967.0;6
198200;SUBMISSION;;VEV_5500;XIREC;6.0;5
198200;;;VEV_5300;XIREC;42.0;5
198200;;;VEV_5400;XIREC;16.0;5
198200;;;VEV_6000;XIREC;0.0;5
198200;;;VEV_6500;XIREC;0.0;5
199300;;;VELVETFRUIT_EXTRACT;XIREC;5233.0;7
199700;;;VELVETFRUIT_EXTRACT;XIREC;5227.0;4
200700;;;VELVETFRUIT_EXTRACT;XIREC;5235.0;7
201900;;;VELVETFRUIT_EXTRACT;XIREC;5230.0;4
202500;;;VELVETFRUIT_EXTRACT;XIREC;5233.0;6
203600;;;VELVETFRUIT_EXTRACT;XIREC;5229.0;10
203900;;SUBMISSION;HYDROGEL_PACK;XIREC;9977.0;6
206200;;SUBMISSION;HYDROGEL_PACK;XIREC;9982.0;5
206700;SUBMISSION;;HYDROGEL_PACK;XIREC;9963.0;5
207200;SUBMISSION;;HYDROGEL_PACK;XIREC;9963.0;4
207600;;SUBMISSION;HYDROGEL_PACK;XIREC;9979.0;6
209000;;SUBMISSION;HYDROGEL_PACK;XIREC;9988.0;5
209400;;;VELVETFRUIT_EXTRACT;XIREC;5231.0;5
210700;;SUBMISSION;VELVETFRUIT_EXTRACT;XIREC;5237.0;6
211300;SUBMISSION;;VELVETFRUIT_EXTRACT;XIREC;5228.0;5
211300;SUBMISSION;;VELVETFRUIT_EXTRACT;XIREC;5231.0;1
212100;;SUBMISSION;VEV_4000;XIREC;1229.0;2
212500;SUBMISSION;;VEV_5000;XIREC;232.0;21
212500;SUBMISSION;;VEV_5100;XIREC;149.0;9
212500;SUBMISSION;;VEV_5100;XIREC;150.0;12
212900;SUBMISSION;;VEV_4000;XIREC;1221.0;2
212900;SUBMISSION;;VEV_4000;XIREC;1231.0;7
212900;SUBMISSION;;VEV_4000;XIREC;1234.0;17
212900;SUBMISSION;;VEV_4500;XIREC;721.0;2
212900;SUBMISSION;;VEV_4500;XIREC;729.0;11
212900;SUBMISSION;;VEV_4500;XIREC;731.0;13
212900;SUBMISSION;;VEV_5000;XIREC;230.0;2
212900;SUBMISSION;;VEV_5000;XIREC;233.0;11
212900;SUBMISSION;;VEV_5000;XIREC;234.0;13
212900;SUBMISSION;;VEV_5100;XIREC;148.0;2
212900;SUBMISSION;;VEV_5100;XIREC;151.0;24
212900;SUBMISSION;;VEV_5200;XIREC;82.0;2
212900;SUBMISSION;;VEV_5200;XIREC;84.0;24
212900;SUBMISSION;;VEV_5500;XIREC;6.0;2
212900;;;VEV_5400;XIREC;15.0;2
212900;;;VEV_6000;XIREC;0.0;2
212900;;;VEV_6500;XIREC;0.0;2
213000;SUBMISSION;;VEV_4000;XIREC;1214.0;1
213000;SUBMISSION;;VEV_5000;XIREC;232.0;26
213000;SUBMISSION;;VEV_5100;XIREC;149.0;6
213000;SUBMISSION;;VEV_5100;XIREC;150.0;20
213000;SUBMISSION;;VEV_5200;XIREC;83.0;21
213100;;;VELVETFRUIT_EXTRACT;XIREC;5224.0;6
213600;;;VELVETFRUIT_EXTRACT;XIREC;5221.0;13
214700;SUBMISSION;;VEV_5000;XIREC;232.0;30
214700;SUBMISSION;;VEV_5100;XIREC;149.0;12
214700;SUBMISSION;;VEV_5100;XIREC;150.0;18
214800;SUBMISSION;;VEV_5000;XIREC;231.0;7
214800;SUBMISSION;;VEV_5000;XIREC;232.0;13
214800;SUBMISSION;;VEV_5100;XIREC;149.0;20
214900;SUBMISSION;;VEV_5000;XIREC;232.0;25
214900;SUBMISSION;;VEV_5100;XIREC;149.0;9
214900;SUBMISSION;;VEV_5100;XIREC;150.0;16
215000;SUBMISSION;;VEV_5000;XIREC;231.0;11
215000;SUBMISSION;;VEV_5000;XIREC;232.0;19
215000;SUBMISSION;;VEV_5100;XIREC;149.0;30
215700;;SUBMISSION;VEV_4000;XIREC;1228.0;3
216000;;;VELVETFRUIT_EXTRACT;XIREC;5222.0;3
216100;;;VELVETFRUIT_EXTRACT;XIREC;5226.0;4
216600;;;VELVETFRUIT_EXTRACT;XIREC;5222.0;7
217200;;;VELVETFRUIT_EXTRACT;XIREC;5227.0;4
218800;;SUBMISSION;HYDROGEL_PACK;XIREC;9985.0;4
219600;SUBMISSION;;VEV_4000;XIREC;1221.0;2
220100;SUBMISSION;;VEV_5200;XIREC;84.0;5
220100;SUBMISSION;;VEV_5500;XIREC;6.0;5
220100;;;VEV_5400;XIREC;16.0;5
220100;;;VEV_6000;XIREC;0.0;5
220100;;;VEV_6500;XIREC;0.0;5
221500;;;HYDROGEL_PACK;XIREC;9986.0;3
222700;;SUBMISSION;HYDROGEL_PACK;XIREC;10001.0;6
222700;SUBMISSION;;VEV_4000;XIREC;1222.0;1
225900;;SUBMISSION;VELVETFRUIT_EXTRACT;XIREC;5234.0;5
227000;SUBMISSION;;VEV_4000;XIREC;1228.0;3
227300;SUBMISSION;;VELVETFRUIT_EXTRACT;XIREC;5231.0;5
227300;;;VELVETFRUIT_EXTRACT;XIREC;5231.0;13
227800;;SUBMISSION;VELVETFRUIT_EXTRACT;XIREC;5238.0;6
229700;;SUBMISSION;VELVETFRUIT_EXTRACT;XIREC;5236.0;7
230000;SUBMISSION;;VEV_5500;XIREC;7.0;5
230000;;;VEV_5400;XIREC;17.0;5
230000;;;VEV_6000;XIREC;0.0;5
230000;;;VEV_6500;XIREC;0.0;5
231000;;SUBMISSION;VELVETFRUIT_EXTRACT;XIREC;5234.0;24
231000;;SUBMISSION;VELVETFRUIT_EXTRACT;XIREC;5234.0;6
231000;SUBMISSION;;VEV_5500;XIREC;7.0;3
231000;;;VELVETFRUIT_EXTRACT;XIREC;5235.0;2
231000;;;VEV_5400;XIREC;17.0;3
231000;;;VEV_6000;XIREC;0.0;3
231000;;;VEV_6500;XIREC;0.0;3
231900;SUBMISSION;;VEV_4000;XIREC;1232.0;2
232700;;;VELVETFRUIT_EXTRACT;XIREC;5234.0;3
234200;;;HYDROGEL_PACK;XIREC;9976.0;6
235100;SUBMISSION;;VEV_5500;XIREC;7.0;3
235100;;;VEV_5300;XIREC;46.0;3
235100;;;VEV_5400;XIREC;18.0;3
235100;;;VEV_6000;XIREC;0.0;3
235100;;;VEV_6500;XIREC;0.0;3
235900;SUBMISSION;;VELVETFRUIT_EXTRACT;XIREC;5232.0;8
237100;SUBMISSION;;VELVETFRUIT_EXTRACT;XIREC;5231.0;35
237800;;SUBMISSION;VEV_4000;XIREC;1236.0;3
238700;;SUBMISSION;VELVETFRUIT_EXTRACT;XIREC;5233.0;6
239200;SUBMISSION;;VELVETFRUIT_EXTRACT;XIREC;5230.0;5
240700;SUBMISSION;;HYDROGEL_PACK;XIREC;9964.0;4
241300;SUBMISSION;;VELVETFRUIT_EXTRACT;XIREC;5230.0;1
242100;;SUBMISSION;VELVETFRUIT_EXTRACT;XIREC;5236.0;3
243200;;SUBMISSION;VEV_4000;XIREC;1244.0;3
243300;;;HYDROGEL_PACK;XIREC;9977.0;2
244000;SUBMISSION;;VEV_4000;XIREC;1235.0;3
246000;SUBMISSION;;VEV_4000;XIREC;1240.0;3
247100;;;HYDROGEL_PACK;XIREC;9971.0;5
247200;SUBMISSION;;HYDROGEL_PACK;XIREC;9970.0;15
247200;SUBMISSION;;VEV_4000;XIREC;1238.0;3
247300;SUBMISSION;;HYDROGEL_PACK;XIREC;9970.0;4
247800;;;HYDROGEL_PACK;XIREC;9952.0;4
248500;;;VELVETFRUIT_EXTRACT;XIREC;5241.0;8
248700;;;HYDROGEL_PACK;XIREC;9966.0;3
250200;;;VELVETFRUIT_EXTRACT;XIREC;5244.0;7
251800;;SUBMISSION;VELVETFRUIT_EXTRACT;XIREC;5248.0;4
253100;SUBMISSION;;VEV_4000;XIREC;1243.0;2
256100;;SUBMISSION;VELVETFRUIT_EXTRACT;XIREC;5242.0;4
256100;;;HYDROGEL_PACK;XIREC;9969.0;5
256500;SUBMISSION;;VEV_5500;XIREC;7.0;4
256500;;;VEV_6000;XIREC;0.0;4
256500;;;VEV_6500;XIREC;0.0;4
257100;;SUBMISSION;VELVETFRUIT_EXTRACT;XIREC;5244.0;7
257800;SUBMISSION;;VEV_5500;XIREC;7.0;4
257800;;;VEV_6000;XIREC;0.0;4
257800;;;VEV_6500;XIREC;0.0;4
259300;SUBMISSION;;VELVETFRUIT_EXTRACT;XIREC;5234.0;15
260100;;SUBMISSION;HYDROGEL_PACK;XIREC;9998.0;2
260200;SUBMISSION;;VELVETFRUIT_EXTRACT;XIREC;5236.0;3
261500;;SUBMISSION;HYDROGEL_PACK;XIREC;10008.0;5
262300;SUBMISSION;;VEV_4000;XIREC;1239.0;3
263400;SUBMISSION;;VEV_5500;XIREC;7.0;2
263400;;;VEV_5300;XIREC;47.0;2
263400;;;VEV_5400;XIREC;18.0;2
263400;;;VEV_6000;XIREC;0.0;2
263400;;;VEV_6500;XIREC;0.0;2
263700;;;HYDROGEL_PACK;XIREC;9989.0;3
265200;;;VELVETFRUIT_EXTRACT;XIREC;5241.0;8
265500;;;VELVETFRUIT_EXTRACT;XIREC;5241.0;6
265900;;;VELVETFRUIT_EXTRACT;XIREC;5242.0;8
266000;;;VELVETFRUIT_EXTRACT;XIREC;5241.0;8
266500;;SUBMISSION;VEV_4000;XIREC;1252.0;2
266800;;;HYDROGEL_PACK;XIREC;9993.0;6
267500;;;VELVETFRUIT_EXTRACT;XIREC;5238.0;8
270900;;;VELVETFRUIT_EXTRACT;XIREC;5242.0;8
271900;;SUBMISSION;VEV_4000;XIREC;1248.0;2
273500;;SUBMISSION;HYDROGEL_PACK;XIREC;9994.0;4
273500;SUBMISSION;;VEV_4000;XIREC;1242.0;3
273700;;SUBMISSION;VELVETFRUIT_EXTRACT;XIREC;5250.0;3
275700;;SUBMISSION;VEV_4000;XIREC;1254.0;3
277200;;SUBMISSION;VELVETFRUIT_EXTRACT;XIREC;5253.0;6
277200;SUBMISSION;;VEV_5500;XIREC;8.0;3
277200;;;VEV_5400;XIREC;20.0;3
277200;;;VEV_6000;XIREC;0.0;3
277200;;;VEV_6500;XIREC;0.0;3
278200;;SUBMISSION;HYDROGEL_PACK;XIREC;9996.0;5
278600;;;HYDROGEL_PACK;XIREC;9991.0;4
280000;;SUBMISSION;HYDROGEL_PACK;XIREC;9990.0;3
280600;SUBMISSION;;VELVETFRUIT_EXTRACT;XIREC;5239.0;8
281300;;SUBMISSION;VELVETFRUIT_EXTRACT;XIREC;5241.0;8
281500;SUBMISSION;;HYDROGEL_PACK;XIREC;9974.0;5
281700;SUBMISSION;;VEV_4000;XIREC;1237.0;3
282600;;SUBMISSION;VELVETFRUIT_EXTRACT;XIREC;5242.0;7
283400;SUBMISSION;;VELVETFRUIT_EXTRACT;XIREC;5238.0;16
283800;;SUBMISSION;HYDROGEL_PACK;XIREC;9989.0;2
284700;;;HYDROGEL_PACK;XIREC;9979.0;2
286800;;SUBMISSION;VEV_4000;XIREC;1240.0;3
286800;;;VELVETFRUIT_EXTRACT;XIREC;5232.0;6
287600;;;HYDROGEL_PACK;XIREC;9980.0;6
287700;;SUBMISSION;HYDROGEL_PACK;XIREC;9983.0;3
289500;;SUBMISSION;VELVETFRUIT_EXTRACT;XIREC;5249.0;7
290600;;;HYDROGEL_PACK;XIREC;9981.0;2
290700;SUBMISSION;;VEV_5500;XIREC;8.0;5
290700;;;VEV_6000;XIREC;0.0;5
290700;;;VEV_6500;XIREC;0.0;5
290800;;SUBMISSION;HYDROGEL_PACK;XIREC;9997.0;5
291200;SUBMISSION;;VELVETFRUIT_EXTRACT;XIREC;5238.0;7
292400;;SUBMISSION;VELVETFRUIT_EXTRACT;XIREC;5244.0;6
292800;SUBMISSION;;VEV_5500;XIREC;8.0;3
292800;;;VEV_5400;XIREC;19.0;3
292800;;;VEV_6000;XIREC;0.0;3
292800;;;VEV_6500;XIREC;0.0;3
293200;;;VELVETFRUIT_EXTRACT;XIREC;5242.0;7
294900;;SUBMISSION;HYDROGEL_PACK;XIREC;10005.0;6
296600;SUBMISSION;;VEV_4000;XIREC;1244.0;3
297300;;;VELVETFRUIT_EXTRACT;XIREC;5245.0;3
297600;;;VELVETFRUIT_EXTRACT;XIREC;5245.0;8
297800;;SUBMISSION;VELVETFRUIT_EXTRACT;XIREC;5250.0;5
298500;;SUBMISSION;VEV_4000;XIREC;1250.0;2
298500;;SUBMISSION;VEV_4000;XIREC;1240.0;7
298500;;SUBMISSION;VEV_4000;XIREC;1238.0;21
298700;;;HYDROGEL_PACK;XIREC;10003.0;4
298800;;SUBMISSION;VEV_5000;XIREC;258.0;9
298800;;SUBMISSION;VEV_5000;XIREC;257.0;17
298800;;SUBMISSION;VEV_5100;XIREC;173.0;9
298800;;SUBMISSION;VEV_5100;XIREC;172.0;17
298800;;SUBMISSION;VEV_5200;XIREC;101.0;26
298900;;SUBMISSION;VEV_4000;XIREC;1245.0;10
298900;;SUBMISSION;VEV_4000;XIREC;1243.0;20
298900;;SUBMISSION;VEV_4500;XIREC;748.0;10
298900;;SUBMISSION;VEV_4500;XIREC;746.0;20
298900;;SUBMISSION;VEV_5000;XIREC;259.0;10
298900;;SUBMISSION;VEV_5000;XIREC;258.0;20
298900;;SUBMISSION;VEV_5100;XIREC;174.0;10
298900;;SUBMISSION;VEV_5100;XIREC;173.0;20
298900;;SUBMISSION;VEV_5200;XIREC;102.0;30
299000;;SUBMISSION;VEV_4000;XIREC;1245.0;7
299000;;SUBMISSION;VEV_4000;XIREC;1243.0;17
299000;;SUBMISSION;VEV_4500;XIREC;748.0;11
299000;;SUBMISSION;VEV_4500;XIREC;746.0;19
299000;;SUBMISSION;VEV_5000;XIREC;258.0;30
299000;;SUBMISSION;VEV_5100;XIREC;173.0;30
299000;;SUBMISSION;VEV_5200;XIREC;102.0;11
299000;;SUBMISSION;VEV_5200;XIREC;101.0;19
299100;;SUBMISSION;VEV_5000;XIREC;258.0;12
299100;;SUBMISSION;VEV_5000;XIREC;257.0;18
299100;;SUBMISSION;VEV_5100;XIREC;173.0;12
299100;;SUBMISSION;VEV_5100;XIREC;172.0;18
299100;;SUBMISSION;VEV_5200;XIREC;101.0;30
299200;;SUBMISSION;VEV_4000;XIREC;1245.0;11
299200;;SUBMISSION;VEV_4000;XIREC;1243.0;19
299200;;SUBMISSION;VEV_4500;XIREC;748.0;11
299200;;SUBMISSION;VEV_4500;XIREC;746.0;14
299200;;SUBMISSION;VEV_5000;XIREC;259.0;11
299200;;SUBMISSION;VEV_5000;XIREC;258.0;14
299200;;SUBMISSION;VEV_5100;XIREC;174.0;11
299200;;SUBMISSION;VEV_5100;XIREC;173.0;14
299200;;SUBMISSION;VEV_5200;XIREC;102.0;11
299200;;SUBMISSION;VEV_5200;XIREC;101.0;14
299300;;SUBMISSION;VEV_4000;XIREC;1246.0;11
299300;;SUBMISSION;VEV_4000;XIREC;1243.0;19
299300;;SUBMISSION;VEV_4500;XIREC;748.0;7
299300;;SUBMISSION;VEV_4500;XIREC;746.0;18
299300;;SUBMISSION;VEV_5000;XIREC;259.0;25
299300;;SUBMISSION;VEV_5100;XIREC;174.0;25
299300;;SUBMISSION;VEV_5200;XIREC;102.0;25
299400;;SUBMISSION;VEV_4000;XIREC;1245.0;11
299400;;SUBMISSION;VEV_4000;XIREC;1243.0;19
299400;;SUBMISSION;VEV_4500;XIREC;748.0;6
299400;;SUBMISSION;VEV_4500;XIREC;746.0;24
299400;;SUBMISSION;VEV_5000;XIREC;259.0;6
299400;;SUBMISSION;VEV_5000;XIREC;258.0;24
299400;;SUBMISSION;VEV_5100;XIREC;174.0;6
299400;;SUBMISSION;VEV_5100;XIREC;173.0;24
299400;;SUBMISSION;VEV_5200;XIREC;102.0;6
299400;;SUBMISSION;VEV_5200;XIREC;101.0;24
299500;;SUBMISSION;VEV_4000;XIREC;1245.0;12
299500;;SUBMISSION;VEV_4000;XIREC;1242.0;18
299500;;SUBMISSION;VEV_4500;XIREC;747.0;6
299500;;SUBMISSION;VEV_4500;XIREC;746.0;14
299500;;SUBMISSION;VEV_5000;XIREC;258.0;20
299500;;SUBMISSION;VEV_5100;XIREC;173.0;20
299500;;SUBMISSION;VEV_5200;XIREC;102.0;6
299500;;SUBMISSION;VEV_5200;XIREC;101.0;14
299600;;SUBMISSION;VEV_4000;XIREC;1245.0;12
299600;;SUBMISSION;VEV_4000;XIREC;1243.0;16
299600;;SUBMISSION;VEV_4500;XIREC;748.0;7
299600;;SUBMISSION;VEV_4500;XIREC;746.0;15
299600;;SUBMISSION;VEV_5000;XIREC;259.0;7
299600;;SUBMISSION;VEV_5000;XIREC;258.0;15
299600;;SUBMISSION;VEV_5100;XIREC;174.0;7
299600;;SUBMISSION;VEV_5100;XIREC;173.0;9
299600;;SUBMISSION;VEV_5200;XIREC;102.0;7
299600;;SUBMISSION;VEV_5200;XIREC;101.0;15
299700;;SUBMISSION;VEV_4000;XIREC;1245.0;12
299700;;SUBMISSION;VEV_4000;XIREC;1243.0;18
299700;;SUBMISSION;VEV_4500;XIREC;748.0;12
299700;;SUBMISSION;VEV_4500;XIREC;746.0;13
299700;;SUBMISSION;VEV_5000;XIREC;259.0;12
299700;;SUBMISSION;VEV_5000;XIREC;258.0;13
299700;;SUBMISSION;VEV_5200;XIREC;102.0;12
299700;;SUBMISSION;VEV_5200;XIREC;101.0;13
299800;;SUBMISSION;VEV_5000;XIREC;258.0;8
299800;;SUBMISSION;VEV_5000;XIREC;257.0;8
299800;;SUBMISSION;VEV_5200;XIREC;101.0;21
299900;;SUBMISSION;VEV_4000;XIREC;1245.0;15
299900;;SUBMISSION;VEV_4000;XIREC;1243.0;15
299900;;SUBMISSION;VEV_4500;XIREC;748.0;10
299900;;SUBMISSION;VEV_4500;XIREC;746.0;13
299900;;SUBMISSION;VEV_5200;XIREC;102.0;10
299900;;SUBMISSION;VEV_5200;XIREC;101.0;13
300000;;SUBMISSION;VEV_4000;XIREC;1246.0;14
300000;;SUBMISSION;VEV_4000;XIREC;1243.0;16
300000;;SUBMISSION;VEV_4500;XIREC;748.0;7
300000;;SUBMISSION;VEV_4500;XIREC;746.0;14
300000;;SUBMISSION;VEV_5200;XIREC;102.0;21
300100;;SUBMISSION;VEV_4000;XIREC;1246.0;9
300100;;SUBMISSION;VEV_4000;XIREC;1244.0;16
300100;;SUBMISSION;VEV_4500;XIREC;749.0;6
300100;;SUBMISSION;VEV_4500;XIREC;747.0;14
300100;;SUBMISSION;VEV_5200;XIREC;102.0;20
300200;;SUBMISSION;VEV_4000;XIREC;1245.0;10
300200;;SUBMISSION;VEV_4000;XIREC;1242.0;20
300200;;SUBMISSION;VEV_5200;XIREC;101.0;25
300300;;SUBMISSION;VEV_4000;XIREC;1246.0;14
300300;;SUBMISSION;VEV_4000;XIREC;1243.0;16
300300;;SUBMISSION;VEV_4500;XIREC;748.0;7
300300;;SUBMISSION;VEV_4500;XIREC;746.0;23
300300;;SUBMISSION;VEV_5200;XIREC;102.0;30
300400;;SUBMISSION;VEV_4000;XIREC;1245.0;12
300400;;SUBMISSION;VEV_4000;XIREC;1243.0;18
300400;;SUBMISSION;VEV_4500;XIREC;748.0;6
300400;;SUBMISSION;VEV_4500;XIREC;746.0;13
300400;;SUBMISSION;VEV_5200;XIREC;102.0;19
300500;;SUBMISSION;VEV_4000;XIREC;1245.0;8
300500;;SUBMISSION;VEV_4000;XIREC;1243.0;22
300500;;SUBMISSION;VEV_4500;XIREC;748.0;10
300500;;SUBMISSION;VEV_4500;XIREC;746.0;14
300500;;SUBMISSION;VEV_5200;XIREC;102.0;10
300500;;SUBMISSION;VEV_5200;XIREC;101.0;14
300600;;SUBMISSION;VEV_4000;XIREC;1245.0;9
300600;;SUBMISSION;VEV_4000;XIREC;1242.0;21
300600;;SUBMISSION;VEV_5200;XIREC;101.0;24
300700;;SUBMISSION;VEV_5200;XIREC;101.0;8
300700;;SUBMISSION;VEV_5200;XIREC;100.0;21
300800;;SUBMISSION;VEV_5200;XIREC;101.0;26
300900;;SUBMISSION;VEV_4000;XIREC;1245.0;9
300900;;SUBMISSION;VEV_5200;XIREC;101.0;27
301100;;SUBMISSION;VEV_5200;XIREC;101.0;6
301100;;SUBMISSION;VEV_5200;XIREC;100.0;20
301200;;SUBMISSION;VEV_5200;XIREC;101.0;9
301200;;SUBMISSION;VEV_5200;XIREC;100.0;8
301400;;SUBMISSION;VEV_4500;XIREC;747.0;10
301400;;SUBMISSION;VEV_4500;XIREC;746.0;20
301600;;SUBMISSION;VEV_4500;XIREC;749.0;9
301600;;SUBMISSION;VEV_4500;XIREC;747.0;15
301600;;SUBMISSION;VEV_5300;XIREC;52.0;24
301700;;SUBMISSION;VEV_4500;XIREC;749.0;9
301700;;SUBMISSION;VEV_4500;XIREC;747.0;18
301700;;SUBMISSION;VEV_5300;XIREC;52.0;17
301800;;SUBMISSION;VEV_4500;XIREC;749.0;12
301800;;SUBMISSION;VEV_4500;XIREC;747.0;17
301800;;SUBMISSION;VEV_5300;XIREC;52.0;16
301900;;SUBMISSION;VEV_4500;XIREC;749.0;7
301900;;SUBMISSION;VEV_4500;XIREC;747.0;13
301900;;SUBMISSION;VEV_5300;XIREC;53.0;5
301900;;SUBMISSION;VEV_5300;XIREC;52.0;15
302000;;SUBMISSION;VEV_4500;XIREC;750.0;9
302000;;SUBMISSION;VEV_4500;XIREC;748.0;13
302000;;SUBMISSION;VEV_5300;XIREC;53.0;27
302100;;SUBMISSION;VEV_4500;XIREC;751.0;11
302100;;SUBMISSION;VEV_4500;XIREC;749.0;19
302100;;SUBMISSION;VEV_5300;XIREC;53.0;23
302200;;SUBMISSION;VEV_4500;XIREC;751.0;8
302200;;SUBMISSION;VEV_4500;XIREC;749.0;14
302200;;SUBMISSION;VEV_5300;XIREC;53.0;22
302300;;SUBMISSION;VEV_5300;XIREC;53.0;23
302400;;SUBMISSION;VEV_5300;XIREC;52.0;25
302500;;SUBMISSION;VEV_5300;XIREC;53.0;5
302500;;SUBMISSION;VEV_5300;XIREC;52.0;17
302600;;SUBMISSION;VEV_5300;XIREC;53.0;26
302700;;SUBMISSION;VEV_5300;XIREC;53.0;25
302800;;SUBMISSION;VEV_5300;XIREC;53.0;30
302900;;SUBMISSION;VEV_5300;XIREC;53.0;25
303000;;SUBMISSION;VEV_5300;XIREC;53.0;20
303100;;SUBMISSION;VEV_5300;XIREC;53.0;6
303100;;SUBMISSION;VEV_5300;XIREC;52.0;19
303200;;SUBMISSION;VEV_5300;XIREC;53.0;19
303300;;SUBMISSION;VEV_5300;XIREC;53.0;21
303400;;SUBMISSION;VEV_5300;XIREC;53.0;5
303400;;SUBMISSION;VEV_5300;XIREC;52.0;10
303500;;SUBMISSION;VEV_5300;XIREC;52.0;27
304100;SUBMISSION;;VEV_4000;XIREC;1249.0;1
304700;;SUBMISSION;VELVETFRUIT_EXTRACT;XIREC;5254.0;4
305100;;SUBMISSION;VELVETFRUIT_EXTRACT;XIREC;5250.0;17
305700;;;VELVETFRUIT_EXTRACT;XIREC;5252.0;8
305800;;SUBMISSION;HYDROGEL_PACK;XIREC;10019.0;2
308800;;SUBMISSION;VEV_4000;XIREC;1245.0;1
310000;;;VELVETFRUIT_EXTRACT;XIREC;5253.0;3
310200;;;HYDROGEL_PACK;XIREC;10016.0;2
311200;;SUBMISSION;VEV_5300;XIREC;53.0;27
311300;;SUBMISSION;VEV_5300;XIREC;53.0;18
311500;;SUBMISSION;HYDROGEL_PACK;XIREC;10026.0;5
312600;;SUBMISSION;VEV_5300;XIREC;53.0;8
312600;;SUBMISSION;VEV_5300;XIREC;52.0;10
312900;;SUBMISSION;VEV_5300;XIREC;53.0;25
313000;SUBMISSION;;VEV_4000;XIREC;1253.0;2
313000;;SUBMISSION;VEV_5300;XIREC;53.0;27
313100;;SUBMISSION;VEV_4000;XIREC;1249.0;2
313100;;SUBMISSION;VEV_5300;XIREC;54.0;9
313100;;SUBMISSION;VEV_5300;XIREC;53.0;17
313200;;SUBMISSION;VEV_5300;XIREC;55.0;2
313400;;SUBMISSION;HYDROGEL_PACK;XIREC;10022.0;5
314600;;SUBMISSION;VELVETFRUIT_EXTRACT;XIREC;5257.0;19
316700;SUBMISSION;;VEV_5500;XIREC;9.0;5
316700;;;VEV_5400;XIREC;22.0;5
316700;;;VEV_6000;XIREC;0.0;5
316700;;;VEV_6500;XIREC;0.0;5
317600;SUBMISSION;;VEV_5500;XIREC;9.0;2
317600;;;VEV_5400;XIREC;22.0;2
317600;;;VEV_6000;XIREC;0.0;2
317600;;;VEV_6500;XIREC;0.0;2
318600;;SUBMISSION;VEV_5400;XIREC;23.0;22
318700;;SUBMISSION;VEV_5400;XIREC;23.0;21
318700;;;HYDROGEL_PACK;XIREC;10014.0;6
318800;;SUBMISSION;VEV_5400;XIREC;23.0;15
318800;;SUBMISSION;VEV_5500;XIREC;9.0;15
318900;;SUBMISSION;VEV_5400;XIREC;23.0;25
318900;;SUBMISSION;VEV_5500;XIREC;9.0;25
319000;;SUBMISSION;VEV_5400;XIREC;23.0;16
319200;;SUBMISSION;VEV_5400;XIREC;23.0;7
319200;;SUBMISSION;VEV_5400;XIREC;22.0;17
319300;;SUBMISSION;VEV_5400;XIREC;23.0;19
319400;;SUBMISSION;VEV_5400;XIREC;23.0;21
319400;;SUBMISSION;VEV_5500;XIREC;9.0;21
319500;;SUBMISSION;VEV_5400;XIREC;23.0;26
319600;;SUBMISSION;VEV_5400;XIREC;23.0;23
319700;;SUBMISSION;VEV_5400;XIREC;23.0;23
319700;;SUBMISSION;VEV_5500;XIREC;9.0;23
319800;;SUBMISSION;VEV_5400;XIREC;23.0;17
319800;;SUBMISSION;VEV_5500;XIREC;9.0;17
319900;;SUBMISSION;VEV_5400;XIREC;23.0;21
319900;;SUBMISSION;VEV_5500;XIREC;9.0;21
320000;;SUBMISSION;VEV_5400;XIREC;23.0;27
320000;;SUBMISSION;VEV_5500;XIREC;9.0;27
320100;;SUBMISSION;VEV_5400;XIREC;23.0;25
320300;SUBMISSION;;VEV_4000;XIREC;1258.0;2
320400;;SUBMISSION;VEV_4000;XIREC;1252.0;2
320700;;SUBMISSION;VEV_4000;XIREC;1268.0;3
320900;;SUBMISSION;HYDROGEL_PACK;XIREC;10033.0;4
321200;;SUBMISSION;VELVETFRUIT_EXTRACT;XIREC;5256.0;10
321200;;;HYDROGEL_PACK;XIREC;10009.0;4
322800;SUBMISSION;;VEV_4000;XIREC;1255.0;1
323400;;SUBMISSION;VELVETFRUIT_EXTRACT;XIREC;5257.0;18
323400;;SUBMISSION;VELVETFRUIT_EXTRACT;XIREC;5257.0;12
323500;SUBMISSION;;VEV_4000;XIREC;1252.0;3
323600;;SUBMISSION;VEV_4000;XIREC;1247.0;1
323800;;SUBMISSION;HYDROGEL_PACK;XIREC;10021.0;13
323800;;SUBMISSION;HYDROGEL_PACK;XIREC;10018.0;22
323900;;SUBMISSION;HYDROGEL_PACK;XIREC;10022.0;10
323900;;SUBMISSION;HYDROGEL_PACK;XIREC;10019.0;26
323900;;SUBMISSION;VELVETFRUIT_EXTRACT;XIREC;5257.0;7
324000;;SUBMISSION;HYDROGEL_PACK;XIREC;10022.0;11
324000;;SUBMISSION;HYDROGEL_PACK;XIREC;10020.0;26
324100;;SUBMISSION;HYDROGEL_PACK;XIREC;10022.0;13
324100;;SUBMISSION;HYDROGEL_PACK;XIREC;10020.0;30
324200;;SUBMISSION;HYDROGEL_PACK;XIREC;10023.0;13
324200;;SUBMISSION;HYDROGEL_PACK;XIREC;10020.0;14
324300;;SUBMISSION;HYDROGEL_PACK;XIREC;10023.0;15
324300;;SUBMISSION;HYDROGEL_PACK;XIREC;10021.0;24
324400;;SUBMISSION;HYDROGEL_PACK;XIREC;10024.0;15
324400;;SUBMISSION;HYDROGEL_PACK;XIREC;10022.0;20
324500;;SUBMISSION;HYDROGEL_PACK;XIREC;10026.0;13
324500;;SUBMISSION;HYDROGEL_PACK;XIREC;10023.0;21
324600;;SUBMISSION;HYDROGEL_PACK;XIREC;10025.0;9
325600;;SUBMISSION;VEV_5400;XIREC;23.0;22
325700;;SUBMISSION;VEV_5400;XIREC;23.0;10
325700;;SUBMISSION;VEV_5400;XIREC;22.0;11
325800;;SUBMISSION;VEV_5400;XIREC;23.0;24
325900;;SUBMISSION;VEV_5400;XIREC;23.0;28
325900;;SUBMISSION;VEV_5500;XIREC;9.0;28
326000;;SUBMISSION;VEV_5400;XIREC;23.0;28
326000;;SUBMISSION;VEV_5500;XIREC;9.0;28
326100;;SUBMISSION;VEV_5400;XIREC;23.0;23
326100;;SUBMISSION;VEV_5500;XIREC;9.0;23
326200;;SUBMISSION;VEV_5400;XIREC;23.0;18
326200;;SUBMISSION;VEV_5500;XIREC;9.0;18
326300;;SUBMISSION;VEV_5400;XIREC;23.0;21
326300;;SUBMISSION;VEV_5500;XIREC;9.0;21
326400;;SUBMISSION;VEV_5400;XIREC;23.0;23
326400;;SUBMISSION;VEV_5500;XIREC;9.0;23
326500;;SUBMISSION;VEV_5400;XIREC;23.0;25
326500;;SUBMISSION;VEV_5500;XIREC;9.0;25
326600;;SUBMISSION;VEV_5400;XIREC;23.0;29
326600;;SUBMISSION;VEV_5500;XIREC;9.0;29
326700;;SUBMISSION;VEV_5400;XIREC;23.0;8
326700;;SUBMISSION;VEV_5500;XIREC;9.0;21
326800;;SUBMISSION;VEV_5500;XIREC;10.0;21
327600;;;VELVETFRUIT_EXTRACT;XIREC;5269.0;3
327800;;SUBMISSION;HYDROGEL_PACK;XIREC;10025.0;13
327800;;SUBMISSION;HYDROGEL_PACK;XIREC;10023.0;9
327900;;SUBMISSION;HYDROGEL_PACK;XIREC;10027.0;15
327900;;SUBMISSION;HYDROGEL_PACK;XIREC;10024.0;21
328000;;SUBMISSION;HYDROGEL_PACK;XIREC;10029.0;1
328800;SUBMISSION;;VEV_4000;XIREC;1261.0;3
328900;;SUBMISSION;VEV_4000;XIREC;1256.0;3
329500;;SUBMISSION;VELVETFRUIT_EXTRACT;XIREC;5265.0;20
329500;;SUBMISSION;VELVETFRUIT_EXTRACT;XIREC;5265.0;10
329700;;;VELVETFRUIT_EXTRACT;XIREC;5265.0;3
330900;;;HYDROGEL_PACK;XIREC;10040.0;3
331400;;;HYDROGEL_PACK;XIREC;10025.0;2
332300;SUBMISSION;;VEV_5300;XIREC;58.0;4
332300;SUBMISSION;;VEV_5500;XIREC;10.0;4
332300;;;VEV_6000;XIREC;0.0;4
332300;;;VEV_6500;XIREC;0.0;4
332400;;SUBMISSION;VEV_5300;XIREC;58.0;4
332400;;SUBMISSION;VEV_5500;XIREC;10.0;4
332700;;;HYDROGEL_PACK;XIREC;10030.0;6
335000;;;HYDROGEL_PACK;XIREC;10047.0;5
335300;;;HYDROGEL_PACK;XIREC;10048.0;4
335400;;SUBMISSION;VELVETFRUIT_EXTRACT;XIREC;5265.0;8
335400;;;HYDROGEL_PACK;XIREC;10048.0;4
336800;;;HYDROGEL_PACK;XIREC;10034.0;5
338000;;SUBMISSION;VELVETFRUIT_EXTRACT;XIREC;5261.0;3
340000;;;HYDROGEL_PACK;XIREC;10028.0;6
345000;;;HYDROGEL_PACK;XIREC;10015.0;4
345100;SUBMISSION;;VEV_4000;XIREC;1247.0;2
345400;SUBMISSION;;VELVETFRUIT_EXTRACT;XIREC;5250.0;8
346100;;SUBMISSION;VEV_4000;XIREC;1248.0;2
346300;;SUBMISSION;VELVETFRUIT_EXTRACT;XIREC;5261.0;8
346400;;;VELVETFRUIT_EXTRACT;XIREC;5258.0;3
347400;SUBMISSION;;VEV_4000;XIREC;1258.0;1
347500;;SUBMISSION;VEV_4000;XIREC;1253.0;1
350700;;SUBMISSION;VELVETFRUIT_EXTRACT;XIREC;5275.0;6
351100;;;VELVETFRUIT_EXTRACT;XIREC;5271.0;7
351600;;SUBMISSION;VELVETFRUIT_EXTRACT;XIREC;5273.0;21
351600;;SUBMISSION;VELVETFRUIT_EXTRACT;XIREC;5272.0;43
351700;;SUBMISSION;VELVETFRUIT_EXTRACT;XIREC;5275.0;7
351700;;SUBMISSION;VELVETFRUIT_EXTRACT;XIREC;5273.0;56
351800;SUBMISSION;;VEV_4000;XIREC;1270.0;1
351900;;SUBMISSION;VEV_4000;XIREC;1263.0;1
352700;;SUBMISSION;VELVETFRUIT_EXTRACT;XIREC;5273.0;7
354000;;;VELVETFRUIT_EXTRACT;XIREC;5270.0;3
354400;;;VELVETFRUIT_EXTRACT;XIREC;5271.0;4
356000;;SUBMISSION;VELVETFRUIT_EXTRACT;XIREC;5273.0;18
356000;;SUBMISSION;VELVETFRUIT_EXTRACT;XIREC;5272.0;30
356200;SUBMISSION;;VEV_4000;XIREC;1267.0;1
356300;;SUBMISSION;VEV_4000;XIREC;1260.0;1
357800;;SUBMISSION;VELVETFRUIT_EXTRACT;XIREC;5274.0;23
357800;;SUBMISSION;VELVETFRUIT_EXTRACT;XIREC;5273.0;42
357900;;SUBMISSION;VELVETFRUIT_EXTRACT;XIREC;5275.0;8
358200;;;HYDROGEL_PACK;XIREC;9994.0;6
359500;;;VELVETFRUIT_EXTRACT;XIREC;5279.0;6
360000;;;VEV_6000;XIREC;0.0;4
360000;;;VEV_6500;XIREC;0.0;4
363700;;;HYDROGEL_PACK;XIREC;10022.0;5
365100;SUBMISSION;;VEV_4000;XIREC;1271.0;1
365200;;SUBMISSION;VEV_4000;XIREC;1266.0;1
366300;;;VELVETFRUIT_EXTRACT;XIREC;5279.0;7
366900;;;HYDROGEL_PACK;XIREC;10045.0;5
367000;;;HYDROGEL_PACK;XIREC;10042.0;5
369300;SUBMISSION;;VEV_4000;XIREC;1268.0;1
369400;;SUBMISSION;VEV_4000;XIREC;1264.0;1
369900;;;VELVETFRUIT_EXTRACT;XIREC;5274.0;8
370400;;;HYDROGEL_PACK;XIREC;10047.0;2
370600;;;HYDROGEL_PACK;XIREC;10031.0;4
372300;;;VELVETFRUIT_EXTRACT;XIREC;5279.0;9
373300;;;HYDROGEL_PACK;XIREC;10054.0;2
374900;;SUBMISSION;VEV_4000;XIREC;1290.0;1
374900;;;VELVETFRUIT_EXTRACT;XIREC;5287.0;3
376500;;;VELVETFRUIT_EXTRACT;XIREC;5287.0;3
376700;;;VELVETFRUIT_EXTRACT;XIREC;5286.0;8
378100;SUBMISSION;;VEV_4000;XIREC;1272.0;3
378200;;SUBMISSION;VEV_4000;XIREC;1265.0;2
380100;;SUBMISSION;VEV_4000;XIREC;1275.0;1
380500;;;HYDROGEL_PACK;XIREC;10043.0;4
381200;;;VELVETFRUIT_EXTRACT;XIREC;5269.0;7
381400;;;HYDROGEL_PACK;XIREC;10035.0;4
383100;;;HYDROGEL_PACK;XIREC;10033.0;6
386500;;;VELVETFRUIT_EXTRACT;XIREC;5271.0;3
387500;;;VELVETFRUIT_EXTRACT;XIREC;5275.0;7
388000;;;VELVETFRUIT_EXTRACT;XIREC;5275.0;4
389600;;;VELVETFRUIT_EXTRACT;XIREC;5271.0;4
389800;;;HYDROGEL_PACK;XIREC;10018.0;4
390400;;;HYDROGEL_PACK;XIREC;10003.0;6
392600;;;VELVETFRUIT_EXTRACT;XIREC;5266.0;8
394200;;;VELVETFRUIT_EXTRACT;XIREC;5261.0;7
394300;;SUBMISSION;VEV_4000;XIREC;1267.0;2
395500;;;VELVETFRUIT_EXTRACT;XIREC;5261.0;3
396900;;;VELVETFRUIT_EXTRACT;XIREC;5263.0;10
397900;;;VELVETFRUIT_EXTRACT;XIREC;5260.0;6
399700;SUBMISSION;;VELVETFRUIT_EXTRACT;XIREC;5260.0;6
402000;;;HYDROGEL_PACK;XIREC;10016.0;4
402100;SUBMISSION;;VEV_5400;XIREC;21.0;3
402100;SUBMISSION;;VEV_5500;XIREC;9.0;3
402100;;;VEV_6000;XIREC;0.0;3
402100;;;VEV_6500;XIREC;0.0;3
403300;SUBMISSION;;VELVETFRUIT_EXTRACT;XIREC;5258.0;17
404300;;;VELVETFRUIT_EXTRACT;XIREC;5260.0;8
405600;;;HYDROGEL_PACK;XIREC;9999.0;5
405800;SUBMISSION;;VELVETFRUIT_EXTRACT;XIREC;5260.0;7
406600;SUBMISSION;;HYDROGEL_PACK;XIREC;9994.0;10
407300;;SUBMISSION;VEV_5500;XIREC;10.0;3
407400;;SUBMISSION;VEV_4000;XIREC;1276.0;1
407800;;SUBMISSION;VELVETFRUIT_EXTRACT;XIREC;5270.0;17
407800;;SUBMISSION;VELVETFRUIT_EXTRACT;XIREC;5270.0;9
409600;SUBMISSION;;HYDROGEL_PACK;XIREC;9993.0;10
409600;;;VELVETFRUIT_EXTRACT;XIREC;5269.0;6
409700;SUBMISSION;;HYDROGEL_PACK;XIREC;9991.0;11
409700;SUBMISSION;;HYDROGEL_PACK;XIREC;9993.0;25
409800;SUBMISSION;;HYDROGEL_PACK;XIREC;9992.0;12
409900;SUBMISSION;;HYDROGEL_PACK;XIREC;9993.0;10
410000;SUBMISSION;;HYDROGEL_PACK;XIREC;9992.0;13
410100;SUBMISSION;;HYDROGEL_PACK;XIREC;9992.0;13
410300;SUBMISSION;;HYDROGEL_PACK;XIREC;9990.0;15
410300;SUBMISSION;;HYDROGEL_PACK;XIREC;9993.0;21
410400;SUBMISSION;;HYDROGEL_PACK;XIREC;9991.0;15
410500;SUBMISSION;;HYDROGEL_PACK;XIREC;9990.0;14
410500;SUBMISSION;;HYDROGEL_PACK;XIREC;9993.0;25
410500;;SUBMISSION;VEV_5400;XIREC;24.0;3
410500;;;HYDROGEL_PACK;XIREC;9990.0;3
410600;SUBMISSION;;HYDROGEL_PACK;XIREC;9989.0;11
410600;SUBMISSION;;HYDROGEL_PACK;XIREC;9991.0;25
410700;SUBMISSION;;HYDROGEL_PACK;XIREC;9986.0;11
410700;SUBMISSION;;HYDROGEL_PACK;XIREC;9988.0;26
410800;SUBMISSION;;HYDROGEL_PACK;XIREC;9983.0;15
410800;SUBMISSION;;HYDROGEL_PACK;XIREC;9986.0;21
410900;SUBMISSION;;HYDROGEL_PACK;XIREC;9986.0;13
410900;SUBMISSION;;HYDROGEL_PACK;XIREC;9988.0;28
411000;SUBMISSION;;HYDROGEL_PACK;XIREC;9987.0;10
411000;SUBMISSION;;HYDROGEL_PACK;XIREC;9990.0;29
411100;SUBMISSION;;HYDROGEL_PACK;XIREC;9988.0;11
411100;SUBMISSION;;HYDROGEL_PACK;XIREC;9991.0;6
411400;;SUBMISSION;VEV_4000;XIREC;1276.0;1
414600;;;HYDROGEL_PACK;XIREC;9993.0;2
414800;;SUBMISSION;VELVETFRUIT_EXTRACT;XIREC;5265.0;4
414800;;;VELVETFRUIT_EXTRACT;XIREC;5266.0;1
416400;;;HYDROGEL_PACK;XIREC;9964.0;5
417000;;;HYDROGEL_PACK;XIREC;9978.0;6
417000;;;VELVETFRUIT_EXTRACT;XIREC;5264.0;9
417100;;;HYDROGEL_PACK;XIREC;9977.0;2
417500;;;VEV_4000;XIREC;1274.0;2
419500;SUBMISSION;;VELVETFRUIT_EXTRACT;XIREC;5262.0;5
420400;SUBMISSION;;VEV_5400;XIREC;21.0;3
420400;SUBMISSION;;VEV_5500;XIREC;9.0;3
420400;;;VEV_6000;XIREC;0.0;3
420400;;;VEV_6500;XIREC;0.0;3
421200;;SUBMISSION;VELVETFRUIT_EXTRACT;XIREC;5269.0;5
422900;;;HYDROGEL_PACK;XIREC;9977.0;4
423100;;;VELVETFRUIT_EXTRACT;XIREC;5264.0;6
425600;;;HYDROGEL_PACK;XIREC;9994.0;2
427200;SUBMISSION;;VELVETFRUIT_EXTRACT;XIREC;5260.0;19
427200;SUBMISSION;;VELVETFRUIT_EXTRACT;XIREC;5261.0;30
427300;SUBMISSION;;VELVETFRUIT_EXTRACT;XIREC;5260.0;64
427400;SUBMISSION;;VELVETFRUIT_EXTRACT;XIREC;5259.0;25
427400;SUBMISSION;;VELVETFRUIT_EXTRACT;XIREC;5260.0;45
427500;SUBMISSION;;VELVETFRUIT_EXTRACT;XIREC;5259.0;24
427500;SUBMISSION;;VELVETFRUIT_EXTRACT;XIREC;5260.0;45
427600;SUBMISSION;;VELVETFRUIT_EXTRACT;XIREC;5260.0;23
427600;SUBMISSION;;VELVETFRUIT_EXTRACT;XIREC;5261.0;42
427700;SUBMISSION;;VELVETFRUIT_EXTRACT;XIREC;5261.0;51
427800;SUBMISSION;;VELVETFRUIT_EXTRACT;XIREC;5261.0;25
427900;SUBMISSION;;VELVETFRUIT_EXTRACT;XIREC;5261.0;7
428200;;;VELVETFRUIT_EXTRACT;XIREC;5256.0;8
428300;;SUBMISSION;HYDROGEL_PACK;XIREC;10000.0;5
429100;SUBMISSION;;HYDROGEL_PACK;XIREC;9980.0;3
429700;;;VELVETFRUIT_EXTRACT;XIREC;5249.0;8
430800;;;VELVETFRUIT_EXTRACT;XIREC;5252.0;4
431500;SUBMISSION;;HYDROGEL_PACK;XIREC;9989.0;2
431800;;;VEV_4000;XIREC;1260.0;1
432000;;;VELVETFRUIT_EXTRACT;XIREC;5249.0;8
433100;;;VELVETFRUIT_EXTRACT;XIREC;5246.0;9
433500;;;VELVETFRUIT_EXTRACT;XIREC;5248.0;3
435200;;;HYDROGEL_PACK;XIREC;9978.0;6
436500;;;HYDROGEL_PACK;XIREC;9985.0;3
436600;;;VELVETFRUIT_EXTRACT;XIREC;5249.0;8
437100;;;VELVETFRUIT_EXTRACT;XIREC;5245.0;5
440100;;;VELVETFRUIT_EXTRACT;XIREC;5248.0;4
442300;;;VELVETFRUIT_EXTRACT;XIREC;5244.0;7
443900;;;HYDROGEL_PACK;XIREC;9966.0;5
446300;;;HYDROGEL_PACK;XIREC;9960.0;3
446500;SUBMISSION;;VEV_4000;XIREC;1245.0;1
447400;;;HYDROGEL_PACK;XIREC;9944.0;5
447500;;SUBMISSION;VEV_4000;XIREC;1256.0;1
447500;;;VEV_4000;XIREC;1261.0;2
447800;SUBMISSION;;VEV_4000;XIREC;1244.0;3
447800;SUBMISSION;;VEV_5300;XIREC;49.0;5
447800;SUBMISSION;;VEV_5400;XIREC;18.0;5
447800;SUBMISSION;;VEV_5500;XIREC;7.0;5
447800;;;VEV_6000;XIREC;0.0;5
447800;;;VEV_6500;XIREC;0.0;5
448000;;;HYDROGEL_PACK;XIREC;9951.0;4
448100;SUBMISSION;;VEV_4000;XIREC;1245.0;2
448400;;;VELVETFRUIT_EXTRACT;XIREC;5253.0;7
449700;SUBMISSION;;VEV_5400;XIREC;17.0;5
449700;SUBMISSION;;VEV_5500;XIREC;7.0;5
449700;;;VEV_6000;XIREC;0.0;5
449700;;;VEV_6500;XIREC;0.0;5
450100;;;VELVETFRUIT_EXTRACT;XIREC;5242.0;5
450300;;;VELVETFRUIT_EXTRACT;XIREC;5246.0;7
450400;SUBMISSION;;VEV_4000;XIREC;1240.0;3
450500;;;VELVETFRUIT_EXTRACT;XIREC;5243.0;6
452500;;;VELVETFRUIT_EXTRACT;XIREC;5240.0;8
452600;SUBMISSION;;VEV_5400;XIREC;17.0;24
452700;SUBMISSION;;VEV_5400;XIREC;17.0;22
452900;SUBMISSION;;VEV_5400;XIREC;17.0;17
453100;SUBMISSION;;VEV_5300;XIREC;45.0;3
453100;SUBMISSION;;VEV_5400;XIREC;16.0;3
453100;SUBMISSION;;VEV_5500;XIREC;6.0;3
453100;;;VEV_6000;XIREC;0.0;3
453100;;;VEV_6500;XIREC;0.0;3
453900;;;VELVETFRUIT_EXTRACT;XIREC;5237.0;10
454500;SUBMISSION;;VEV_4000;XIREC;1237.0;2
454500;;;VELVETFRUIT_EXTRACT;XIREC;5240.0;8
455100;;;HYDROGEL_PACK;XIREC;9962.0;5
455600;;;VELVETFRUIT_EXTRACT;XIREC;5241.0;4
456500;;SUBMISSION;VEV_4000;XIREC;1246.0;3
456600;;;VELVETFRUIT_EXTRACT;XIREC;5243.0;8
458100;;;VELVETFRUIT_EXTRACT;XIREC;5237.0;8
458400;SUBMISSION;;VEV_5400;XIREC;17.0;23
459200;SUBMISSION;;VEV_4000;XIREC;1234.0;3
459500;SUBMISSION;;VEV_5400;XIREC;17.0;28
459600;SUBMISSION;;VEV_5400;XIREC;17.0;24
459700;SUBMISSION;;VEV_5400;XIREC;17.0;20
459800;SUBMISSION;;VEV_5400;XIREC;17.0;24
459900;SUBMISSION;;VEV_5400;XIREC;17.0;23
460000;SUBMISSION;;VEV_5400;XIREC;17.0;19
460000;;;HYDROGEL_PACK;XIREC;9979.0;6
460100;SUBMISSION;;VEV_5400;XIREC;17.0;16
460100;;;HYDROGEL_PACK;XIREC;9981.0;3
460200;SUBMISSION;;VEV_5400;XIREC;17.0;24
460300;SUBMISSION;;VEV_5400;XIREC;17.0;23
460400;SUBMISSION;;VEV_5400;XIREC;17.0;24
460500;SUBMISSION;;VEV_5400;XIREC;17.0;26
460600;SUBMISSION;;VEV_5400;XIREC;16.0;21
460700;SUBMISSION;;VEV_5400;XIREC;16.0;29
460800;SUBMISSION;;VEV_5400;XIREC;16.0;17
460900;SUBMISSION;;VEV_5400;XIREC;16.0;26
461000;SUBMISSION;;VEV_5400;XIREC;16.0;29
461100;SUBMISSION;;VEV_5400;XIREC;16.0;20
461200;SUBMISSION;;VEV_5100;XIREC;157.0;23
461200;SUBMISSION;;VEV_5300;XIREC;43.0;7
461200;SUBMISSION;;VEV_5300;XIREC;44.0;15
461200;SUBMISSION;;VEV_5400;XIREC;16.0;22
461300;SUBMISSION;;VEV_5100;XIREC;157.0;25
461300;SUBMISSION;;VEV_5300;XIREC;43.0;9
461300;SUBMISSION;;VEV_5300;XIREC;44.0;14
461300;SUBMISSION;;VEV_5400;XIREC;16.0;23
461400;SUBMISSION;;VEV_5000;XIREC;240.0;9
461400;SUBMISSION;;VEV_5000;XIREC;241.0;19
461400;SUBMISSION;;VEV_5100;XIREC;156.0;28
461400;SUBMISSION;;VEV_5200;XIREC;89.0;28
461400;SUBMISSION;;VEV_5300;XIREC;43.0;19
461400;SUBMISSION;;VEV_5400;XIREC;15.0;19
461500;SUBMISSION;;VEV_5000;XIREC;240.0;28
461500;SUBMISSION;;VEV_5100;XIREC;156.0;28
461500;SUBMISSION;;VEV_5200;XIREC;89.0;28
461500;SUBMISSION;;VEV_5300;XIREC;43.0;23
461500;SUBMISSION;;VEV_5400;XIREC;15.0;23
461600;SUBMISSION;;VEV_5000;XIREC;240.0;9
461600;SUBMISSION;;VEV_5000;XIREC;241.0;21
461600;SUBMISSION;;VEV_5100;XIREC;156.0;9
461600;SUBMISSION;;VEV_5100;XIREC;157.0;21
461600;SUBMISSION;;VEV_5200;XIREC;89.0;30
461600;SUBMISSION;;VEV_5300;XIREC;43.0;23
461600;SUBMISSION;;VEV_5400;XIREC;15.0;6
461600;SUBMISSION;;VEV_5400;XIREC;16.0;2
461700;SUBMISSION;;VEV_5000;XIREC;240.0;28
461700;SUBMISSION;;VEV_5100;XIREC;156.0;28
461700;SUBMISSION;;VEV_5200;XIREC;89.0;28
461700;SUBMISSION;;VEV_5300;XIREC;43.0;26
461800;SUBMISSION;;VEV_5000;XIREC;240.0;24
461800;SUBMISSION;;VEV_5100;XIREC;156.0;24
461800;SUBMISSION;;VEV_5200;XIREC;89.0;24
461800;SUBMISSION;;VEV_5300;XIREC;43.0;29
461900;SUBMISSION;;VEV_5000;XIREC;239.0;7
461900;SUBMISSION;;VEV_5000;XIREC;240.0;21
461900;SUBMISSION;;VEV_5100;XIREC;155.0;7
461900;SUBMISSION;;VEV_5100;XIREC;156.0;21
461900;SUBMISSION;;VEV_5200;XIREC;88.0;7
461900;SUBMISSION;;VEV_5200;XIREC;89.0;21
461900;SUBMISSION;;VEV_5300;XIREC;43.0;23
462000;SUBMISSION;;VEV_5000;XIREC;240.0;30
462000;SUBMISSION;;VEV_5100;XIREC;156.0;30
462000;SUBMISSION;;VEV_5200;XIREC;89.0;30
462000;SUBMISSION;;VEV_5300;XIREC;43.0;25
462100;SUBMISSION;;VEV_5000;XIREC;239.0;9
462100;SUBMISSION;;VEV_5000;XIREC;240.0;15
462100;SUBMISSION;;VEV_5100;XIREC;155.0;9
462100;SUBMISSION;;VEV_5100;XIREC;156.0;15
462100;SUBMISSION;;VEV_5200;XIREC;88.0;9
462100;SUBMISSION;;VEV_5200;XIREC;89.0;15
462100;SUBMISSION;;VEV_5300;XIREC;43.0;24
462200;SUBMISSION;;VEV_5000;XIREC;240.0;24
462200;SUBMISSION;;VEV_5100;XIREC;156.0;24
462200;SUBMISSION;;VEV_5200;XIREC;89.0;24
462200;SUBMISSION;;VEV_5300;XIREC;43.0;22
462300;SUBMISSION;;VEV_5000;XIREC;240.0;10
462300;SUBMISSION;;VEV_5000;XIREC;241.0;20
462300;SUBMISSION;;VEV_5100;XIREC;156.0;10
462300;SUBMISSION;;VEV_5100;XIREC;157.0;20
462300;SUBMISSION;;VEV_5200;XIREC;89.0;30
462300;SUBMISSION;;VEV_5300;XIREC;43.0;22
462700;SUBMISSION;;VEV_5100;XIREC;157.0;7
462700;SUBMISSION;;VEV_5100;XIREC;158.0;13
462800;SUBMISSION;;VEV_5100;XIREC;157.0;12
462800;SUBMISSION;;VEV_5100;XIREC;158.0;14
462900;SUBMISSION;;VEV_5100;XIREC;157.0;24
462900;SUBMISSION;;VEV_5300;XIREC;43.0;6
462900;SUBMISSION;;VEV_5300;XIREC;44.0;15
462900;;;HYDROGEL_PACK;XIREC;9977.0;5
463000;SUBMISSION;;VEV_5100;XIREC;157.0;30
463000;SUBMISSION;;VEV_5300;XIREC;43.0;7
463000;SUBMISSION;;VEV_5300;XIREC;44.0;20
463000;;;HYDROGEL_PACK;XIREC;9974.0;3
463100;SUBMISSION;;VEV_5100;XIREC;157.0;12
463100;SUBMISSION;;VEV_5100;XIREC;158.0;15
463200;SUBMISSION;;VEV_5100;XIREC;157.0;27
463200;SUBMISSION;;VEV_5300;XIREC;43.0;10
463200;SUBMISSION;;VEV_5300;XIREC;44.0;14
463300;SUBMISSION;;VEV_5000;XIREC;240.0;9
463300;SUBMISSION;;VEV_5000;XIREC;241.0;17
463300;SUBMISSION;;VEV_5100;XIREC;156.0;9
463300;SUBMISSION;;VEV_5100;XIREC;157.0;17
463300;SUBMISSION;;VEV_5200;XIREC;89.0;26
463300;SUBMISSION;;VEV_5300;XIREC;43.0;21
463300;;;VELVETFRUIT_EXTRACT;XIREC;5227.0;8
463400;SUBMISSION;;VEV_5000;XIREC;240.0;9
463400;SUBMISSION;;VEV_5000;XIREC;241.0;16
463400;SUBMISSION;;VEV_5100;XIREC;156.0;9
463400;SUBMISSION;;VEV_5100;XIREC;157.0;16
463400;SUBMISSION;;VEV_5300;XIREC;43.0;16
463500;SUBMISSION;;VEV_5100;XIREC;156.0;9
463500;SUBMISSION;;VEV_5100;XIREC;157.0;14
463600;SUBMISSION;;VEV_5100;XIREC;157.0;6
463600;SUBMISSION;;VEV_5100;XIREC;158.0;17
463700;;;VELVETFRUIT_EXTRACT;XIREC;5234.0;3
465700;SUBMISSION;;VEV_5100;XIREC;157.0;11
465700;SUBMISSION;;VEV_5100;XIREC;158.0;6
465800;SUBMISSION;;VEV_5000;XIREC;240.0;9
465800;SUBMISSION;;VEV_5000;XIREC;241.0;21
465800;SUBMISSION;;VEV_5200;XIREC;89.0;30
465800;SUBMISSION;;VEV_5300;XIREC;43.0;9
465800;SUBMISSION;;VEV_5300;XIREC;44.0;16
465900;SUBMISSION;;VEV_5000;XIREC;240.0;7
465900;SUBMISSION;;VEV_5000;XIREC;241.0;19
465900;SUBMISSION;;VEV_5200;XIREC;89.0;26
465900;SUBMISSION;;VEV_5300;XIREC;43.0;8
465900;SUBMISSION;;VEV_5300;XIREC;44.0;17
466000;SUBMISSION;;VEV_5000;XIREC;239.0;9
466000;SUBMISSION;;VEV_5000;XIREC;240.0;19
466000;SUBMISSION;;VEV_5200;XIREC;88.0;9
466000;SUBMISSION;;VEV_5200;XIREC;89.0;19
466000;SUBMISSION;;VEV_5300;XIREC;43.0;21
466100;SUBMISSION;;VEV_5000;XIREC;240.0;30
466100;SUBMISSION;;VEV_5200;XIREC;89.0;30
466100;SUBMISSION;;VEV_5300;XIREC;43.0;23
466200;SUBMISSION;;VEV_4000;XIREC;1237.0;13
466200;SUBMISSION;;VEV_4000;XIREC;1240.0;17
466200;SUBMISSION;;VEV_4500;XIREC;735.0;12
466200;SUBMISSION;;VEV_4500;XIREC;737.0;12
466200;SUBMISSION;;VEV_5000;XIREC;238.0;12
466200;SUBMISSION;;VEV_5000;XIREC;239.0;12
466200;SUBMISSION;;VEV_5200;XIREC;88.0;24
466200;SUBMISSION;;VEV_5300;XIREC;42.0;8
466200;SUBMISSION;;VEV_5300;XIREC;43.0;14
466300;SUBMISSION;;VEV_5000;XIREC;240.0;29
466300;SUBMISSION;;VEV_5200;XIREC;89.0;29
466300;SUBMISSION;;VEV_5300;XIREC;43.0;20
466400;SUBMISSION;;VEV_5000;XIREC;240.0;6
466400;SUBMISSION;;VEV_5000;XIREC;241.0;20
466400;SUBMISSION;;VEV_5300;XIREC;43.0;16
466600;SUBMISSION;;VEV_5000;XIREC;240.0;30
466600;SUBMISSION;;VEV_5200;XIREC;89.0;30
466600;SUBMISSION;;VEV_5300;XIREC;43.0;25
466700;SUBMISSION;;VEV_5000;XIREC;240.0;7
466700;SUBMISSION;;VEV_5000;XIREC;241.0;16
466700;SUBMISSION;;VEV_5200;XIREC;89.0;23
466700;SUBMISSION;;VEV_5300;XIREC;43.0;15
466800;SUBMISSION;;VEV_5000;XIREC;240.0;19
466800;SUBMISSION;;VEV_5200;XIREC;89.0;29
467100;SUBMISSION;;VEV_5200;XIREC;89.0;30
467400;SUBMISSION;;VEV_5200;XIREC;89.0;11
467600;;;HYDROGEL_PACK;XIREC;9966.0;3
469400;SUBMISSION;;VEV_4000;XIREC;1237.0;11
469400;SUBMISSION;;VEV_4000;XIREC;1240.0;19
469400;SUBMISSION;;VEV_4500;XIREC;735.0;6
469400;SUBMISSION;;VEV_4500;XIREC;737.0;24
469400;SUBMISSION;;VEV_5500;XIREC;7.0;20
469500;SUBMISSION;;VEV_4000;XIREC;1238.0;12
469500;SUBMISSION;;VEV_4000;XIREC;1240.0;18
469500;SUBMISSION;;VEV_4500;XIREC;735.0;7
469500;SUBMISSION;;VEV_4500;XIREC;737.0;23
469500;SUBMISSION;;VEV_5500;XIREC;7.0;19
469900;;;VELVETFRUIT_EXTRACT;XIREC;5233.0;3
470500;;;VELVETFRUIT_EXTRACT;XIREC;5232.0;5
471100;;;VELVETFRUIT_EXTRACT;XIREC;5231.0;6
471700;;;HYDROGEL_PACK;XIREC;9980.0;3
472600;;;VELVETFRUIT_EXTRACT;XIREC;5233.0;7
472700;;;VELVETFRUIT_EXTRACT;XIREC;5234.0;6
473100;;;HYDROGEL_PACK;XIREC;9970.0;3
474000;;;VELVETFRUIT_EXTRACT;XIREC;5238.0;7
474600;;;VELVETFRUIT_EXTRACT;XIREC;5232.0;9
474900;;;HYDROGEL_PACK;XIREC;9964.0;5
476200;;;HYDROGEL_PACK;XIREC;9957.0;4
476800;;;VELVETFRUIT_EXTRACT;XIREC;5240.0;8
477700;;;HYDROGEL_PACK;XIREC;9958.0;5
478700;;;VELVETFRUIT_EXTRACT;XIREC;5234.0;3
479200;SUBMISSION;;VEV_5400;XIREC;15.0;2
479200;SUBMISSION;;VEV_5500;XIREC;6.0;2
479200;;;VEV_6000;XIREC;0.0;2
479200;;;VEV_6500;XIREC;0.0;2
481600;;;HYDROGEL_PACK;XIREC;9956.0;3
482700;;;VELVETFRUIT_EXTRACT;XIREC;5251.0;7
483100;;;VELVETFRUIT_EXTRACT;XIREC;5247.0;3
486200;SUBMISSION;;VEV_5400;XIREC;17.0;3
486200;SUBMISSION;;VEV_5500;XIREC;7.0;4
486200;;;VEV_5400;XIREC;17.0;1
486200;;;VEV_6000;XIREC;0.0;4
486200;;;VEV_6500;XIREC;0.0;4
487500;;;HYDROGEL_PACK;XIREC;9959.0;4
488600;;;VELVETFRUIT_EXTRACT;XIREC;5244.0;5
489700;;;HYDROGEL_PACK;XIREC;9956.0;6
489900;;;HYDROGEL_PACK;XIREC;9955.0;6
490300;SUBMISSION;;VEV_5300;XIREC;45.0;2
490300;SUBMISSION;;VEV_5500;XIREC;7.0;2
490300;;;VEV_5400;XIREC;16.0;2
490300;;;VEV_6000;XIREC;0.0;2
490300;;;VEV_6500;XIREC;0.0;2
491300;;;VELVETFRUIT_EXTRACT;XIREC;5234.0;4
491300;;;VELVETFRUIT_EXTRACT;XIREC;5234.0;3
491600;;;VELVETFRUIT_EXTRACT;XIREC;5238.0;3
493600;;;HYDROGEL_PACK;XIREC;9982.0;2
493600;;;VELVETFRUIT_EXTRACT;XIREC;5241.0;5
494100;;;VELVETFRUIT_EXTRACT;XIREC;5244.0;6
495200;;;VELVETFRUIT_EXTRACT;XIREC;5242.0;7
496300;;;HYDROGEL_PACK;XIREC;9973.0;4
497200;;;HYDROGEL_PACK;XIREC;9971.0;5
498200;;;HYDROGEL_PACK;XIREC;9963.0;5
498300;SUBMISSION;;VEV_4000;XIREC;1239.0;3
499400;;;VELVETFRUIT_EXTRACT;XIREC;5247.0;7
499600;;;HYDROGEL_PACK;XIREC;9979.0;6
501100;;;VELVETFRUIT_EXTRACT;XIREC;5246.0;6
501400;;SUBMISSION;HYDROGEL_PACK;XIREC;9985.0;5
501600;;;HYDROGEL_PACK;XIREC;9985.0;6
502000;;;HYDROGEL_PACK;XIREC;9983.0;3
502700;;;VELVETFRUIT_EXTRACT;XIREC;5243.0;6
503200;SUBMISSION;;VEV_4000;XIREC;1233.0;3
504200;SUBMISSION;;HYDROGEL_PACK;XIREC;9975.0;5
504400;SUBMISSION;;VEV_4000;XIREC;1233.0;3
504900;SUBMISSION;;VEV_4000;XIREC;1232.0;3
505100;;SUBMISSION;VEV_4000;XIREC;1246.0;3
505700;SUBMISSION;;VEV_5300;XIREC;45.0;3
505700;SUBMISSION;;VEV_5500;XIREC;7.0;4
505700;;;VEV_5300;XIREC;45.0;1
505700;;;VEV_5400;XIREC;16.0;4
505700;;;VEV_6000;XIREC;0.0;4
505700;;;VEV_6500;XIREC;0.0;4
506200;SUBMISSION;;VEV_4000;XIREC;1238.0;1
507500;;;VELVETFRUIT_EXTRACT;XIREC;5231.0;6
509000;SUBMISSION;;VEV_4000;XIREC;1237.0;13
509000;SUBMISSION;;VEV_4000;XIREC;1240.0;17
509000;SUBMISSION;;VEV_4500;XIREC;735.0;10
509000;SUBMISSION;;VEV_4500;XIREC;737.0;20
509400;SUBMISSION;;VEV_4500;XIREC;735.0;10
509400;SUBMISSION;;VEV_4500;XIREC;737.0;20
510900;;;HYDROGEL_PACK;XIREC;9939.0;4
511100;SUBMISSION;;VEV_4000;XIREC;1237.0;12
511100;SUBMISSION;;VEV_4000;XIREC;1239.0;18
511100;SUBMISSION;;VEV_4500;XIREC;734.0;7
511100;SUBMISSION;;VEV_4500;XIREC;736.0;14
511300;SUBMISSION;;VEV_4500;XIREC;735.0;6
511300;SUBMISSION;;VEV_4500;XIREC;737.0;24
512300;;;VELVETFRUIT_EXTRACT;XIREC;5225.0;7
513000;SUBMISSION;;VEV_4000;XIREC;1237.0;9
513000;SUBMISSION;;VEV_4000;XIREC;1240.0;21
513000;SUBMISSION;;VEV_4500;XIREC;735.0;10
513000;SUBMISSION;;VEV_4500;XIREC;737.0;17
513100;SUBMISSION;;VEV_4000;XIREC;1236.0;7
513100;SUBMISSION;;VEV_4000;XIREC;1239.0;19
513100;SUBMISSION;;VEV_4500;XIREC;734.0;11
513100;SUBMISSION;;VEV_4500;XIREC;735.0;15
513200;SUBMISSION;;VEV_4000;XIREC;1237.0;9
513200;SUBMISSION;;VEV_4000;XIREC;1239.0;18
513200;SUBMISSION;;VEV_4500;XIREC;734.0;11
513200;SUBMISSION;;VEV_4500;XIREC;736.0;15
513300;SUBMISSION;;VEV_4000;XIREC;1236.0;8
513300;SUBMISSION;;VEV_4000;XIREC;1239.0;22
513300;SUBMISSION;;VEV_4500;XIREC;734.0;10
513300;SUBMISSION;;VEV_4500;XIREC;736.0;20
513300;;;VELVETFRUIT_EXTRACT;XIREC;5225.0;10
513400;SUBMISSION;;VEV_4000;XIREC;1236.0;13
513400;SUBMISSION;;VEV_4000;XIREC;1238.0;17
513400;SUBMISSION;;VEV_4500;XIREC;733.0;6
513400;SUBMISSION;;VEV_4500;XIREC;735.0;15
513500;SUBMISSION;;VEV_4000;XIREC;1237.0;15
513500;SUBMISSION;;VEV_4000;XIREC;1239.0;15
513500;SUBMISSION;;VEV_4500;XIREC;734.0;7
513500;SUBMISSION;;VEV_4500;XIREC;736.0;13
513600;SUBMISSION;;VEV_4000;XIREC;1236.0;9
513600;SUBMISSION;;VEV_4000;XIREC;1238.0;21
513600;SUBMISSION;;VEV_4500;XIREC;733.0;8
513600;SUBMISSION;;VEV_4500;XIREC;735.0;22
513900;;;VELVETFRUIT_EXTRACT;XIREC;5232.0;7
514300;SUBMISSION;;VEV_4000;XIREC;1237.0;10
514300;SUBMISSION;;VEV_4000;XIREC;1239.0;20
514300;SUBMISSION;;VEV_4500;XIREC;734.0;10
514300;SUBMISSION;;VEV_4500;XIREC;736.0;16
514900;SUBMISSION;;VEV_4000;XIREC;1237.0;12
514900;SUBMISSION;;VEV_4000;XIREC;1239.0;17
514900;SUBMISSION;;VEV_4500;XIREC;734.0;10
514900;SUBMISSION;;VEV_4500;XIREC;736.0;19
515000;SUBMISSION;;VEV_4000;XIREC;1237.0;9
515000;SUBMISSION;;VEV_4000;XIREC;1239.0;21
515000;SUBMISSION;;VEV_4500;XIREC;734.0;9
515000;SUBMISSION;;VEV_4500;XIREC;736.0;19
515100;SUBMISSION;;VEV_4000;XIREC;1237.0;12
515100;SUBMISSION;;VEV_4000;XIREC;1239.0;18
515100;SUBMISSION;;VEV_4500;XIREC;734.0;6
515100;SUBMISSION;;VEV_4500;XIREC;736.0;14
515200;SUBMISSION;;VEV_4000;XIREC;1237.0;13
515200;SUBMISSION;;VEV_4000;XIREC;1239.0;17
515200;SUBMISSION;;VEV_4500;XIREC;734.0;7
515200;SUBMISSION;;VEV_4500;XIREC;736.0;18
515300;SUBMISSION;;VEV_4000;XIREC;1237.0;13
515300;SUBMISSION;;VEV_4000;XIREC;1240.0;17
515400;SUBMISSION;;VEV_4000;XIREC;1236.0;12
515400;SUBMISSION;;VEV_4000;XIREC;1239.0;17
515400;SUBMISSION;;VEV_4500;XIREC;734.0;12
515400;SUBMISSION;;VEV_4500;XIREC;735.0;12
515500;SUBMISSION;;VEV_4000;XIREC;1236.0;7
515500;SUBMISSION;;VEV_4000;XIREC;1239.0;7
515500;SUBMISSION;;VEV_4500;XIREC;734.0;6
515500;SUBMISSION;;VEV_4500;XIREC;735.0;18
515500;;;VELVETFRUIT_EXTRACT;XIREC;5225.0;7
515600;SUBMISSION;;VEV_4500;XIREC;733.0;7
515600;SUBMISSION;;VEV_4500;XIREC;735.0;21
515600;;;HYDROGEL_PACK;XIREC;9931.0;5
515700;SUBMISSION;;VEV_4500;XIREC;732.0;8
515700;SUBMISSION;;VEV_4500;XIREC;734.0;3
515800;;;VELVETFRUIT_EXTRACT;XIREC;5228.0;4
516300;;;HYDROGEL_PACK;XIREC;9937.0;5
517700;SUBMISSION;;VEV_4000;XIREC;1228.0;2
517900;;;HYDROGEL_PACK;XIREC;9954.0;3
518000;SUBMISSION;;VEV_4000;XIREC;1231.0;2
518000;;;HYDROGEL_PACK;XIREC;9936.0;5
518000;;;VELVETFRUIT_EXTRACT;XIREC;5234.0;7
519600;;;VELVETFRUIT_EXTRACT;XIREC;5241.0;5
520200;;;VELVETFRUIT_EXTRACT;XIREC;5243.0;4
521000;;;VELVETFRUIT_EXTRACT;XIREC;5246.0;5
521400;;;HYDROGEL_PACK;XIREC;9965.0;6
521500;;;VELVETFRUIT_EXTRACT;XIREC;5248.0;4
522300;;;HYDROGEL_PACK;XIREC;9971.0;6
522400;;;VELVETFRUIT_EXTRACT;XIREC;5249.0;7
523200;;SUBMISSION;VELVETFRUIT_EXTRACT;XIREC;5254.0;8
523700;SUBMISSION;;VEV_4000;XIREC;1246.0;1
525000;;SUBMISSION;VELVETFRUIT_EXTRACT;XIREC;5253.0;19
525200;;;VEV_4000;XIREC;1244.0;3
525700;;SUBMISSION;VELVETFRUIT_EXTRACT;XIREC;5256.0;8
526300;;SUBMISSION;VEV_4000;XIREC;1262.0;2
526600;SUBMISSION;;VEV_4000;XIREC;1250.0;2
526800;;SUBMISSION;HYDROGEL_PACK;XIREC;9989.0;2
527200;SUBMISSION;;HYDROGEL_PACK;XIREC;9973.0;2
527200;;;HYDROGEL_PACK;XIREC;9972.0;3
528700;;;VEV_4000;XIREC;1249.0;2
530400;;SUBMISSION;VELVETFRUIT_EXTRACT;XIREC;5262.0;7
531300;;SUBMISSION;VELVETFRUIT_EXTRACT;XIREC;5254.0;10
532500;;SUBMISSION;VEV_4000;XIREC;1262.0;2
534700;SUBMISSION;;VEV_5500;XIREC;8.0;5
534700;;;VEV_5300;XIREC;51.0;5
534700;;;VEV_6000;XIREC;0.0;5
534700;;;VEV_6500;XIREC;0.0;5
535000;;;VELVETFRUIT_EXTRACT;XIREC;5249.0;3
535900;;SUBMISSION;VELVETFRUIT_EXTRACT;XIREC;5252.0;7
537500;;;VELVETFRUIT_EXTRACT;XIREC;5247.0;8
538100;;SUBMISSION;VEV_4000;XIREC;1251.0;2
538600;SUBMISSION;;VELVETFRUIT_EXTRACT;XIREC;5244.0;19
538600;SUBMISSION;;VELVETFRUIT_EXTRACT;XIREC;5245.0;40
540100;;;VELVETFRUIT_EXTRACT;XIREC;5246.0;7
540300;;SUBMISSION;HYDROGEL_PACK;XIREC;9979.0;2
542600;;SUBMISSION;VELVETFRUIT_EXTRACT;XIREC;5248.0;7
543200;SUBMISSION;;VELVETFRUIT_EXTRACT;XIREC;5242.0;7
543200;;;VELVETFRUIT_EXTRACT;XIREC;5241.0;1
545700;SUBMISSION;;HYDROGEL_PACK;XIREC;9964.0;2
545700;;;HYDROGEL_PACK;XIREC;9963.0;3
546200;;;VELVETFRUIT_EXTRACT;XIREC;5243.0;5
546400;;SUBMISSION;VEV_4000;XIREC;1246.0;3
547100;;;VELVETFRUIT_EXTRACT;XIREC;5240.0;12
547400;;;VELVETFRUIT_EXTRACT;XIREC;5238.0;3
548800;;SUBMISSION;VEV_4000;XIREC;1248.0;2
548900;;;VELVETFRUIT_EXTRACT;XIREC;5241.0;3
550400;;;VELVETFRUIT_EXTRACT;XIREC;5243.0;9
551200;;;VELVETFRUIT_EXTRACT;XIREC;5244.0;4
552800;;SUBMISSION;VELVETFRUIT_EXTRACT;XIREC;5247.0;7
553800;SUBMISSION;;VELVETFRUIT_EXTRACT;XIREC;5242.0;7
553800;;;VELVETFRUIT_EXTRACT;XIREC;5242.0;15
554300;;;HYDROGEL_PACK;XIREC;9943.0;5
554300;;;VELVETFRUIT_EXTRACT;XIREC;5240.0;3
554500;SUBMISSION;;VEV_5500;XIREC;7.0;4
554500;;;VEV_5400;XIREC;16.0;4
554500;;;VEV_6000;XIREC;0.0;4
554500;;;VEV_6500;XIREC;0.0;4
555000;;;HYDROGEL_PACK;XIREC;9938.0;2
557400;;;HYDROGEL_PACK;XIREC;9960.0;2
558300;;;HYDROGEL_PACK;XIREC;9971.0;3
559100;;;VELVETFRUIT_EXTRACT;XIREC;5235.0;7
559800;;;HYDROGEL_PACK;XIREC;9972.0;6
560800;;;VELVETFRUIT_EXTRACT;XIREC;5238.0;4
562900;;;HYDROGEL_PACK;XIREC;9960.0;5
563300;;SUBMISSION;VEV_4000;XIREC;1242.0;3
566400;;SUBMISSION;VELVETFRUIT_EXTRACT;XIREC;5245.0;6
566500;;;HYDROGEL_PACK;XIREC;9958.0;3
568200;;;VELVETFRUIT_EXTRACT;XIREC;5247.0;7
568400;;;HYDROGEL_PACK;XIREC;9949.0;4
568500;;;HYDROGEL_PACK;XIREC;9965.0;3
568800;SUBMISSION;;VEV_5500;XIREC;8.0;3
568800;;;VEV_5400;XIREC;18.0;3
568800;;;VEV_6000;XIREC;0.0;3
568800;;;VEV_6500;XIREC;0.0;3
569000;;SUBMISSION;VELVETFRUIT_EXTRACT;XIREC;5253.0;8
571700;;SUBMISSION;VELVETFRUIT_EXTRACT;XIREC;5248.0;8
574300;;;HYDROGEL_PACK;XIREC;9951.0;4
574400;SUBMISSION;;VELVETFRUIT_EXTRACT;XIREC;5240.0;5
574500;SUBMISSION;;VELVETFRUIT_EXTRACT;XIREC;5241.0;8
574700;SUBMISSION;;VELVETFRUIT_EXTRACT;XIREC;5242.0;9
575000;SUBMISSION;;VEV_5500;XIREC;7.0;5
575000;;;VEV_5300;XIREC;46.0;5
575000;;;VEV_6000;XIREC;0.0;5
575000;;;VEV_6500;XIREC;0.0;5
577000;;SUBMISSION;VEV_4000;XIREC;1246.0;3
577100;;SUBMISSION;VEV_4000;XIREC;1246.0;1
579000;;SUBMISSION;VELVETFRUIT_EXTRACT;XIREC;5244.0;5
579200;SUBMISSION;;VELVETFRUIT_EXTRACT;XIREC;5241.0;4
579300;;;HYDROGEL_PACK;XIREC;9969.0;2
579800;;SUBMISSION;VELVETFRUIT_EXTRACT;XIREC;5244.0;6
581000;SUBMISSION;;VELVETFRUIT_EXTRACT;XIREC;5242.0;7
581900;;;HYDROGEL_PACK;XIREC;9969.0;5
584300;;;VELVETFRUIT_EXTRACT;XIREC;5237.0;8
585000;SUBMISSION;;VEV_5500;XIREC;7.0;4
585000;;;VEV_5400;XIREC;16.0;4
585000;;;VEV_6000;XIREC;0.0;4
585000;;;VEV_6500;XIREC;0.0;4
585100;;SUBMISSION;VELVETFRUIT_EXTRACT;XIREC;5245.0;6
585200;;SUBMISSION;VEV_4000;XIREC;1249.0;2
585700;SUBMISSION;;VELVETFRUIT_EXTRACT;XIREC;5240.0;6
585800;;;VELVETFRUIT_EXTRACT;XIREC;5233.0;6
588900;;SUBMISSION;HYDROGEL_PACK;XIREC;9990.0;3
590500;;SUBMISSION;VEV_4000;XIREC;1245.0;2
591100;SUBMISSION;;VEV_5500;XIREC;7.0;2
591100;;;VEV_5300;XIREC;46.0;2
591100;;;VEV_6000;XIREC;0.0;2
591100;;;VEV_6500;XIREC;0.0;2
591300;;;HYDROGEL_PACK;XIREC;9980.0;2
592300;;;HYDROGEL_PACK;XIREC;9982.0;4
592500;;SUBMISSION;VELVETFRUIT_EXTRACT;XIREC;5247.0;10
593200;;SUBMISSION;VELVETFRUIT_EXTRACT;XIREC;5248.0;3
593300;SUBMISSION;;VEV_5500;XIREC;7.0;2
593300;;;VEV_5400;XIREC;16.0;2
593300;;;VEV_6000;XIREC;0.0;2
593300;;;VEV_6500;XIREC;0.0;2
594300;;SUBMISSION;VEV_4000;XIREC;1252.0;3
596100;;;HYDROGEL_PACK;XIREC;9977.0;4
596500;;SUBMISSION;HYDROGEL_PACK;XIREC;9995.0;6
598100;;;HYDROGEL_PACK;XIREC;9981.0;6
599000;;SUBMISSION;VELVETFRUIT_EXTRACT;XIREC;5251.0;3
599500;;SUBMISSION;HYDROGEL_PACK;XIREC;10002.0;2
599700;;;HYDROGEL_PACK;XIREC;9986.0;5
601600;;SUBMISSION;HYDROGEL_PACK;XIREC;9995.0;6
602200;SUBMISSION;;VELVETFRUIT_EXTRACT;XIREC;5242.0;16
603000;SUBMISSION;;VEV_5500;XIREC;7.0;2
603000;;;VEV_5300;XIREC;46.0;2
603000;;;VEV_6000;XIREC;0.0;2
603000;;;VEV_6500;XIREC;0.0;2
603100;;SUBMISSION;VEV_4000;XIREC;1247.0;3
604600;;;VELVETFRUIT_EXTRACT;XIREC;5243.0;7
605600;;;VELVETFRUIT_EXTRACT;XIREC;5239.0;5
606800;;;VELVETFRUIT_EXTRACT;XIREC;5236.0;3
608000;;;VELVETFRUIT_EXTRACT;XIREC;5236.0;8
611300;;SUBMISSION;VEV_4000;XIREC;1245.0;1
613300;SUBMISSION;;VEV_5500;XIREC;6.0;5
613300;;;VEV_5400;XIREC;14.0;5
613300;;;VEV_6000;XIREC;0.0;5
613300;;;VEV_6500;XIREC;0.0;5
615800;SUBMISSION;;VEV_4000;XIREC;1237.0;8
615800;SUBMISSION;;VEV_4000;XIREC;1239.0;14
616500;;SUBMISSION;HYDROGEL_PACK;XIREC;10015.0;6
616600;SUBMISSION;;VEV_5500;XIREC;6.0;10
616600;SUBMISSION;;VEV_5500;XIREC;7.0;12
618000;;;VELVETFRUIT_EXTRACT;XIREC;5228.0;6
619000;;;HYDROGEL_PACK;XIREC;9987.0;2
620400;;;VELVETFRUIT_EXTRACT;XIREC;5224.0;4
621900;SUBMISSION;;VEV_5500;XIREC;6.0;26
621900;;;VELVETFRUIT_EXTRACT;XIREC;5225.0;8
622000;;SUBMISSION;HYDROGEL_PACK;XIREC;10010.0;6
622000;SUBMISSION;;VEV_5500;XIREC;6.0;26
622100;SUBMISSION;;VEV_4000;XIREC;1218.0;2
622100;SUBMISSION;;VEV_5500;XIREC;6.0;22
622200;SUBMISSION;;VEV_5500;XIREC;6.0;29
622300;SUBMISSION;;VEV_5500;XIREC;6.0;18
622400;SUBMISSION;;VEV_5500;XIREC;6.0;27
622500;SUBMISSION;;VEV_5500;XIREC;6.0;9
622500;SUBMISSION;;VEV_5500;XIREC;7.0;19
622700;SUBMISSION;;VEV_5500;XIREC;6.0;19
622700;;;VELVETFRUIT_EXTRACT;XIREC;5220.0;7
622800;SUBMISSION;;VEV_5500;XIREC;6.0;22
622900;SUBMISSION;;VEV_5500;XIREC;6.0;23
623000;SUBMISSION;;VEV_5500;XIREC;6.0;19
623100;SUBMISSION;;VEV_5500;XIREC;6.0;26
623200;SUBMISSION;;VEV_5500;XIREC;6.0;25
623300;SUBMISSION;;VEV_5500;XIREC;6.0;21
623300;;;VELVETFRUIT_EXTRACT;XIREC;5218.0;3
623400;SUBMISSION;;VEV_5500;XIREC;6.0;23
623500;SUBMISSION;;VEV_5500;XIREC;6.0;24
623600;SUBMISSION;;VEV_5500;XIREC;6.0;23
623700;SUBMISSION;;VEV_5500;XIREC;6.0;16
623800;SUBMISSION;;VEV_5500;XIREC;6.0;28
623900;;SUBMISSION;VEV_4000;XIREC;1224.0;2
623900;SUBMISSION;;VEV_5500;XIREC;6.0;15
624000;SUBMISSION;;VEV_5500;XIREC;6.0;9
624800;;;VELVETFRUIT_EXTRACT;XIREC;5220.0;6
625700;;;HYDROGEL_PACK;XIREC;9985.0;2
626500;SUBMISSION;;VEV_5500;XIREC;5.0;2
626500;;;VEV_5300;XIREC;38.0;2
626500;;;VEV_5400;XIREC;12.0;2
626500;;;VEV_6000;XIREC;0.0;2
626500;;;VEV_6500;XIREC;0.0;2
626900;;;HYDROGEL_PACK;XIREC;9980.0;2
627400;;SUBMISSION;HYDROGEL_PACK;XIREC;9988.0;5
629100;;;VELVETFRUIT_EXTRACT;XIREC;5220.0;4
629300;;SUBMISSION;HYDROGEL_PACK;XIREC;9996.0;4
629700;;;HYDROGEL_PACK;XIREC;9983.0;4
631100;;SUBMISSION;HYDROGEL_PACK;XIREC;10004.0;3
631900;SUBMISSION;;VEV_5500;XIREC;5.0;3
631900;;;VEV_5300;XIREC;38.0;4
631900;;;VEV_5400;XIREC;12.0;4
631900;;;VEV_5500;XIREC;5.0;1
631900;;;VEV_6000;XIREC;0.0;4
631900;;;VEV_6500;XIREC;0.0;4
634800;;SUBMISSION;HYDROGEL_PACK;XIREC;10011.0;2
635000;;;VELVETFRUIT_EXTRACT;XIREC;5228.0;5
636500;;;VELVETFRUIT_EXTRACT;XIREC;5225.0;3
636700;;SUBMISSION;HYDROGEL_PACK;XIREC;10014.0;3
637800;;;VELVETFRUIT_EXTRACT;XIREC;5232.0;4
638400;;;HYDROGEL_PACK;XIREC;9988.0;5
638500;;SUBMISSION;HYDROGEL_PACK;XIREC;10002.0;6
639800;;;VELVETFRUIT_EXTRACT;XIREC;5233.0;5
639900;SUBMISSION;;HYDROGEL_PACK;XIREC;9979.0;2
640100;;SUBMISSION;HYDROGEL_PACK;XIREC;9997.0;4
640300;;;VEV_5300;XIREC;42.0;5
640300;;;VEV_5500;XIREC;6.0;5
640300;;;VEV_6000;XIREC;0.0;5
640300;;;VEV_6500;XIREC;0.0;5
640800;;;HYDROGEL_PACK;XIREC;9983.0;5
641600;;;VELVETFRUIT_EXTRACT;XIREC;5229.0;8
641800;;;VELVETFRUIT_EXTRACT;XIREC;5233.0;6
642400;;;VELVETFRUIT_EXTRACT;XIREC;5227.0;8
642700;;;VELVETFRUIT_EXTRACT;XIREC;5229.0;13
643900;;SUBMISSION;HYDROGEL_PACK;XIREC;10009.0;6
644300;SUBMISSION;;VEV_4000;XIREC;1222.0;2
644700;;;VELVETFRUIT_EXTRACT;XIREC;5233.0;4
645000;;SUBMISSION;VEV_4000;XIREC;1235.0;1
645200;;;VELVETFRUIT_EXTRACT;XIREC;5224.0;7
645400;;;HYDROGEL_PACK;XIREC;10009.0;4
645500;;SUBMISSION;HYDROGEL_PACK;XIREC;10023.0;2
645800;SUBMISSION;;VEV_4000;XIREC;1223.0;1
646500;;SUBMISSION;HYDROGEL_PACK;XIREC;10028.0;6
646800;;;VELVETFRUIT_EXTRACT;XIREC;5233.0;5
647500;;SUBMISSION;HYDROGEL_PACK;XIREC;10020.0;15
647500;;SUBMISSION;HYDROGEL_PACK;XIREC;10017.0;12
648100;;;VELVETFRUIT_EXTRACT;XIREC;5228.0;3
649600;;;HYDROGEL_PACK;XIREC;10013.0;2
650900;;;VELVETFRUIT_EXTRACT;XIREC;5227.0;4
652300;;;HYDROGEL_PACK;XIREC;10006.0;3
653500;;;HYDROGEL_PACK;XIREC;10012.0;6
655000;;;VELVETFRUIT_EXTRACT;XIREC;5231.0;5
655800;SUBMISSION;;VEV_5200;XIREC;88.0;5
655800;;;VEV_5500;XIREC;6.0;5
655800;;;VEV_6000;XIREC;0.0;5
655800;;;VEV_6500;XIREC;0.0;5
655900;;;VEV_5300;XIREC;42.0;3
655900;;;VEV_5500;XIREC;6.0;3
655900;;;VEV_6000;XIREC;0.0;3
655900;;;VEV_6500;XIREC;0.0;3
657100;SUBMISSION;;VEV_4000;XIREC;1230.0;1
658800;;SUBMISSION;VEV_4000;XIREC;1243.0;2
659300;;SUBMISSION;HYDROGEL_PACK;XIREC;10020.0;1
661800;;SUBMISSION;HYDROGEL_PACK;XIREC;10021.0;4
662400;;;HYDROGEL_PACK;XIREC;10004.0;5
662500;;SUBMISSION;VEV_4000;XIREC;1251.0;1
663100;;;HYDROGEL_PACK;XIREC;9998.0;5
663200;SUBMISSION;;VEV_4000;XIREC;1236.0;1
663300;;SUBMISSION;VELVETFRUIT_EXTRACT;XIREC;5244.0;3
663600;;;VELVETFRUIT_EXTRACT;XIREC;5242.0;5
664000;;SUBMISSION;VEV_4000;XIREC;1246.0;2
664100;;SUBMISSION;VEV_4000;XIREC;1248.0;2
665500;;SUBMISSION;VEV_4000;XIREC;1248.0;2
668000;;;HYDROGEL_PACK;XIREC;9999.0;6
668300;;SUBMISSION;VELVETFRUIT_EXTRACT;XIREC;5244.0;4
669000;;;VELVETFRUIT_EXTRACT;XIREC;5238.0;6
670800;;;HYDROGEL_PACK;XIREC;9993.0;5
672800;;SUBMISSION;VELVETFRUIT_EXTRACT;XIREC;5242.0;4
675000;SUBMISSION;;VELVETFRUIT_EXTRACT;XIREC;5233.0;7
675300;SUBMISSION;;VELVETFRUIT_EXTRACT;XIREC;5235.0;4
676600;;;VELVETFRUIT_EXTRACT;XIREC;5237.0;6
678200;;;VELVETFRUIT_EXTRACT;XIREC;5236.0;11
679600;;SUBMISSION;HYDROGEL_PACK;XIREC;9994.0;6
679600;;SUBMISSION;VELVETFRUIT_EXTRACT;XIREC;5243.0;4
680000;;SUBMISSION;VELVETFRUIT_EXTRACT;XIREC;5239.0;9
680300;;SUBMISSION;VELVETFRUIT_EXTRACT;XIREC;5242.0;7
681600;;SUBMISSION;VEV_4000;XIREC;1244.0;3
681700;SUBMISSION;;HYDROGEL_PACK;XIREC;9981.0;14
681800;SUBMISSION;;HYDROGEL_PACK;XIREC;9977.0;12
681800;SUBMISSION;;HYDROGEL_PACK;XIREC;9980.0;26
681900;SUBMISSION;;HYDROGEL_PACK;XIREC;9977.0;14
681900;SUBMISSION;;HYDROGEL_PACK;XIREC;9980.0;26
682000;SUBMISSION;;HYDROGEL_PACK;XIREC;9979.0;14
682000;SUBMISSION;;VELVETFRUIT_EXTRACT;XIREC;5237.0;4
682100;;;HYDROGEL_PACK;XIREC;9982.0;5
682200;;;HYDROGEL_PACK;XIREC;9967.0;6
683300;SUBMISSION;;VELVETFRUIT_EXTRACT;XIREC;5235.0;3
683500;;;HYDROGEL_PACK;XIREC;9973.0;4
685500;;SUBMISSION;VELVETFRUIT_EXTRACT;XIREC;5243.0;5
685800;;SUBMISSION;VEV_4000;XIREC;1249.0;1
686000;;;HYDROGEL_PACK;XIREC;9990.0;4
687700;;SUBMISSION;VELVETFRUIT_EXTRACT;XIREC;5243.0;25
687700;;SUBMISSION;VELVETFRUIT_EXTRACT;XIREC;5243.0;5
687700;;;VELVETFRUIT_EXTRACT;XIREC;5244.0;4
688200;;;VELVETFRUIT_EXTRACT;XIREC;5243.0;5
689200;SUBMISSION;;VEV_4000;XIREC;1237.0;3
690600;;SUBMISSION;HYDROGEL_PACK;XIREC;9999.0;3
690600;;SUBMISSION;VELVETFRUIT_EXTRACT;XIREC;5247.0;18
690600;;SUBMISSION;VELVETFRUIT_EXTRACT;XIREC;5247.0;12
690600;;;VELVETFRUIT_EXTRACT;XIREC;5248.0;1
691300;SUBMISSION;;HYDROGEL_PACK;XIREC;9983.0;3
691300;;;HYDROGEL_PACK;XIREC;9982.0;3
692200;SUBMISSION;;VEV_4000;XIREC;1242.0;2
693200;;;VEV_5400;XIREC;16.0;2
693200;;;VEV_5500;XIREC;7.0;2
693200;;;VEV_6000;XIREC;0.0;2
693200;;;VEV_6500;XIREC;0.0;2
693500;;SUBMISSION;VELVETFRUIT_EXTRACT;XIREC;5248.0;6
693800;;SUBMISSION;HYDROGEL_PACK;XIREC;10004.0;6
693900;;SUBMISSION;VELVETFRUIT_EXTRACT;XIREC;5250.0;3
695000;;;VEV_5400;XIREC;16.0;2
695000;;;VEV_5500;XIREC;7.0;2
695000;;;VEV_6000;XIREC;0.0;2
695000;;;VEV_6500;XIREC;0.0;2
696200;;SUBMISSION;VELVETFRUIT_EXTRACT;XIREC;5250.0;5
696300;;SUBMISSION;VELVETFRUIT_EXTRACT;XIREC;5250.0;6
696800;;SUBMISSION;VELVETFRUIT_EXTRACT;XIREC;5250.0;5
699400;;;HYDROGEL_PACK;XIREC;10008.0;3
700100;;SUBMISSION;HYDROGEL_PACK;XIREC;10019.0;13
700100;;SUBMISSION;HYDROGEL_PACK;XIREC;10017.0;22
700300;;SUBMISSION;HYDROGEL_PACK;XIREC;10019.0;10
700300;;SUBMISSION;HYDROGEL_PACK;XIREC;10016.0;1
700700;;SUBMISSION;HYDROGEL_PACK;XIREC;10021.0;10
700700;;SUBMISSION;HYDROGEL_PACK;XIREC;10018.0;23
700800;;SUBMISSION;HYDROGEL_PACK;XIREC;10020.0;9
700900;;SUBMISSION;HYDROGEL_PACK;XIREC;10028.0;7
700900;;SUBMISSION;HYDROGEL_PACK;XIREC;10020.0;10
700900;;SUBMISSION;HYDROGEL_PACK;XIREC;10018.0;25
701000;;SUBMISSION;HYDROGEL_PACK;XIREC;10022.0;10
701000;;SUBMISSION;HYDROGEL_PACK;XIREC;10019.0;27
701700;;SUBMISSION;HYDROGEL_PACK;XIREC;10021.0;6
702600;;SUBMISSION;HYDROGEL_PACK;XIREC;10023.0;12
702600;;SUBMISSION;HYDROGEL_PACK;XIREC;10020.0;21
703000;;SUBMISSION;HYDROGEL_PACK;XIREC;10023.0;9
704600;;SUBMISSION;HYDROGEL_PACK;XIREC;10024.0;11
704600;;SUBMISSION;HYDROGEL_PACK;XIREC;10021.0;28
704700;;SUBMISSION;HYDROGEL_PACK;XIREC;10023.0;3
704800;;SUBMISSION;HYDROGEL_PACK;XIREC;10026.0;12
704800;;SUBMISSION;HYDROGEL_PACK;XIREC;10024.0;24
705000;;SUBMISSION;HYDROGEL_PACK;XIREC;10024.0;6
705100;;SUBMISSION;HYDROGEL_PACK;XIREC;10025.0;13
705100;;SUBMISSION;HYDROGEL_PACK;XIREC;10023.0;29
705200;;SUBMISSION;HYDROGEL_PACK;XIREC;10030.0;11
705200;;SUBMISSION;HYDROGEL_PACK;XIREC;10028.0;27
705300;;SUBMISSION;HYDROGEL_PACK;XIREC;10029.0;10
705300;;SUBMISSION;HYDROGEL_PACK;XIREC;10027.0;5
707400;;;HYDROGEL_PACK;XIREC;10024.0;4
707600;;SUBMISSION;VELVETFRUIT_EXTRACT;XIREC;5252.0;6
708700;;SUBMISSION;VELVETFRUIT_EXTRACT;XIREC;5257.0;3
710400;;SUBMISSION;VELVETFRUIT_EXTRACT;XIREC;5251.0;3
711600;;;VEV_5300;XIREC;47.0;2
711600;;;VEV_5400;XIREC;16.0;2
711600;;;VEV_5500;XIREC;7.0;2
711600;;;VEV_6000;XIREC;0.0;2
711600;;;VEV_6500;XIREC;0.0;2
711900;;SUBMISSION;VELVETFRUIT_EXTRACT;XIREC;5250.0;3
712800;;;HYDROGEL_PACK;XIREC;10018.0;5
712900;;SUBMISSION;VELVETFRUIT_EXTRACT;XIREC;5249.0;6
713700;;SUBMISSION;VEV_4000;XIREC;1251.0;1
713800;;SUBMISSION;VEV_4000;XIREC;1252.0;2
714900;;;HYDROGEL_PACK;XIREC;10007.0;2
715000;;;HYDROGEL_PACK;XIREC;10005.0;2
715000;;;VEV_5400;XIREC;17.0;3
715000;;;VEV_5500;XIREC;8.0;3
715000;;;VEV_6000;XIREC;0.0;3
715000;;;VEV_6500;XIREC;0.0;3
715500;;;VELVETFRUIT_EXTRACT;XIREC;5249.0;4
715600;;;VELVETFRUIT_EXTRACT;XIREC;5249.0;5
719300;;;VELVETFRUIT_EXTRACT;XIREC;5250.0;7
719900;;;VELVETFRUIT_EXTRACT;XIREC;5250.0;5
721300;;;HYDROGEL_PACK;XIREC;10005.0;5
721400;;;HYDROGEL_PACK;XIREC;10003.0;5
722600;;;HYDROGEL_PACK;XIREC;10001.0;4
722600;;;VEV_5500;XIREC;8.0;3
722600;;;VEV_6000;XIREC;0.0;3
722600;;;VEV_6500;XIREC;0.0;3
723200;;SUBMISSION;VEV_5000;XIREC;263.0;19
723200;;SUBMISSION;VEV_5100;XIREC;177.0;19
723300;;SUBMISSION;VEV_5000;XIREC;263.0;20
723300;;SUBMISSION;VEV_5100;XIREC;177.0;20
723400;;SUBMISSION;VEV_4000;XIREC;1252.0;11
723400;;SUBMISSION;VEV_4000;XIREC;1249.0;19
723400;;SUBMISSION;VEV_4500;XIREC;754.0;9
723400;;SUBMISSION;VEV_4500;XIREC;752.0;18
723400;;SUBMISSION;VEV_5000;XIREC;264.0;9
723400;;SUBMISSION;VEV_5000;XIREC;263.0;18
723400;;SUBMISSION;VEV_5100;XIREC;178.0;9
723400;;SUBMISSION;VEV_5100;XIREC;177.0;18
723400;;SUBMISSION;VEV_5200;XIREC;105.0;27
723500;;SUBMISSION;VEV_4000;XIREC;1253.0;12
723500;;SUBMISSION;VEV_4000;XIREC;1250.0;18
723500;;SUBMISSION;VEV_4500;XIREC;755.0;6
723500;;SUBMISSION;VEV_4500;XIREC;753.0;12
723500;;SUBMISSION;VEV_5000;XIREC;265.0;6
723500;;SUBMISSION;VEV_5000;XIREC;264.0;12
723500;;SUBMISSION;VEV_5100;XIREC;179.0;6
723500;;SUBMISSION;VEV_5100;XIREC;178.0;12
723500;;SUBMISSION;VEV_5200;XIREC;106.0;6
723500;;SUBMISSION;VEV_5200;XIREC;105.0;12
723600;;SUBMISSION;VEV_4000;XIREC;1254.0;10
723600;;SUBMISSION;VEV_4000;XIREC;1251.0;20
723600;;SUBMISSION;VEV_4500;XIREC;756.0;9
723600;;SUBMISSION;VEV_4500;XIREC;754.0;15
723600;;SUBMISSION;VEV_5000;XIREC;266.0;9
723600;;SUBMISSION;VEV_5000;XIREC;265.0;15
723600;;SUBMISSION;VEV_5100;XIREC;179.0;24
723600;;SUBMISSION;VEV_5200;XIREC;106.0;24
723700;;SUBMISSION;VEV_4000;XIREC;1254.0;13
723700;;SUBMISSION;VEV_4000;XIREC;1252.0;17
723700;;SUBMISSION;VEV_4500;XIREC;757.0;7
723700;;SUBMISSION;VEV_4500;XIREC;755.0;23
723700;;SUBMISSION;VEV_5000;XIREC;267.0;7
723700;;SUBMISSION;VEV_5000;XIREC;266.0;23
723700;;SUBMISSION;VEV_5100;XIREC;180.0;7
723700;;SUBMISSION;VEV_5100;XIREC;179.0;23
723700;;SUBMISSION;VEV_5200;XIREC;107.0;7
723700;;SUBMISSION;VEV_5200;XIREC;106.0;23
723800;;SUBMISSION;VEV_4000;XIREC;1257.0;7
723800;;SUBMISSION;VEV_4000;XIREC;1254.0;23
723800;;SUBMISSION;VEV_4500;XIREC;759.0;7
723800;;SUBMISSION;VEV_4500;XIREC;757.0;17
723800;;SUBMISSION;VEV_5000;XIREC;269.0;7
723800;;SUBMISSION;VEV_5000;XIREC;268.0;17
723800;;SUBMISSION;VEV_5100;XIREC;182.0;7
723800;;SUBMISSION;VEV_5100;XIREC;181.0;17
723800;;SUBMISSION;VEV_5200;XIREC;108.0;24
723800;;SUBMISSION;VEV_5300;XIREC;55.0;15
723900;;SUBMISSION;VEV_4000;XIREC;1257.0;10
723900;;SUBMISSION;VEV_4000;XIREC;1254.0;15
723900;;SUBMISSION;VEV_4500;XIREC;759.0;9
723900;;SUBMISSION;VEV_4500;XIREC;757.0;12
723900;;SUBMISSION;VEV_5000;XIREC;269.0;9
723900;;SUBMISSION;VEV_5000;XIREC;268.0;12
723900;;SUBMISSION;VEV_5100;XIREC;182.0;21
723900;;SUBMISSION;VEV_5200;XIREC;108.0;21
723900;;SUBMISSION;VEV_5300;XIREC;55.0;16
724000;;SUBMISSION;VEV_4000;XIREC;1257.0;8
724000;;SUBMISSION;VEV_4000;XIREC;1254.0;22
724000;;SUBMISSION;VEV_4500;XIREC;759.0;7
724000;;SUBMISSION;VEV_4500;XIREC;757.0;15
724000;;SUBMISSION;VEV_5000;XIREC;269.0;7
724000;;SUBMISSION;VEV_5000;XIREC;268.0;15
724000;;SUBMISSION;VEV_5100;XIREC;182.0;22
724000;;SUBMISSION;VEV_5200;XIREC;108.0;22
724000;;SUBMISSION;VEV_5300;XIREC;55.0;27
724100;;SUBMISSION;VEV_4000;XIREC;1257.0;13
724100;;SUBMISSION;VEV_4000;XIREC;1255.0;17
724100;;SUBMISSION;VEV_4500;XIREC;760.0;11
724100;;SUBMISSION;VEV_4500;XIREC;758.0;19
724100;;SUBMISSION;VEV_5000;XIREC;269.0;30
724100;;SUBMISSION;VEV_5100;XIREC;182.0;30
724100;;SUBMISSION;VEV_5200;XIREC;109.0;11
724100;;SUBMISSION;VEV_5200;XIREC;108.0;19
724100;;SUBMISSION;VEV_5300;XIREC;55.0;30
724200;;SUBMISSION;VEV_4000;XIREC;1267.0;5
724200;;SUBMISSION;VEV_4000;XIREC;1257.0;13
724200;;SUBMISSION;VEV_4000;XIREC;1255.0;12
724200;;SUBMISSION;VEV_4500;XIREC;767.0;5
724200;;SUBMISSION;VEV_4500;XIREC;760.0;11
724200;;SUBMISSION;VEV_4500;XIREC;758.0;14
724200;;SUBMISSION;VEV_5000;XIREC;272.0;5
724200;;SUBMISSION;VEV_5000;XIREC;269.0;25
724200;;SUBMISSION;VEV_5100;XIREC;184.0;5
724200;;SUBMISSION;VEV_5100;XIREC;182.0;25
724200;;SUBMISSION;VEV_5200;XIREC;110.0;5
724200;;SUBMISSION;VEV_5200;XIREC;109.0;11
724200;;SUBMISSION;VEV_5200;XIREC;108.0;14
724200;;SUBMISSION;VEV_5300;XIREC;56.0;5
724200;;SUBMISSION;VEV_5300;XIREC;55.0;21
724300;;SUBMISSION;VEV_4000;XIREC;1257.0;8
724300;;SUBMISSION;VEV_4000;XIREC;1254.0;22
724300;;SUBMISSION;VEV_4500;XIREC;759.0;9
724300;;SUBMISSION;VEV_4500;XIREC;757.0;16
724300;;SUBMISSION;VEV_5000;XIREC;269.0;9
724300;;SUBMISSION;VEV_5000;XIREC;268.0;16
724300;;SUBMISSION;VEV_5100;XIREC;182.0;25
724300;;SUBMISSION;VEV_5200;XIREC;108.0;25
724300;;SUBMISSION;VEV_5300;XIREC;55.0;25
724400;;SUBMISSION;VEV_4000;XIREC;1257.0;13
724400;;SUBMISSION;VEV_4000;XIREC;1254.0;17
724400;;SUBMISSION;VEV_4500;XIREC;759.0;8
724400;;SUBMISSION;VEV_4500;XIREC;757.0;17
724400;;SUBMISSION;VEV_5000;XIREC;269.0;8
724400;;SUBMISSION;VEV_5000;XIREC;268.0;17
724400;;SUBMISSION;VEV_5100;XIREC;182.0;8
724400;;SUBMISSION;VEV_5100;XIREC;181.0;17
724400;;SUBMISSION;VEV_5200;XIREC;108.0;25
724400;;SUBMISSION;VEV_5300;XIREC;55.0;22
724500;;SUBMISSION;VEV_4000;XIREC;1257.0;15
724500;;SUBMISSION;VEV_4000;XIREC;1255.0;15
724500;;SUBMISSION;VEV_4500;XIREC;760.0;9
724500;;SUBMISSION;VEV_4500;XIREC;758.0;14
724500;;SUBMISSION;VEV_5000;XIREC;269.0;23
724500;;SUBMISSION;VEV_5100;XIREC;182.0;23
724500;;SUBMISSION;VEV_5200;XIREC;109.0;9
724500;;SUBMISSION;VEV_5200;XIREC;108.0;14
724500;;SUBMISSION;VEV_5300;XIREC;55.0;24
724600;;SUBMISSION;VEV_4000;XIREC;1257.0;7
724600;;SUBMISSION;VEV_4000;XIREC;1255.0;18
724600;;SUBMISSION;VEV_4500;XIREC;760.0;8
724600;;SUBMISSION;VEV_4500;XIREC;758.0;19
724600;;SUBMISSION;VEV_5000;XIREC;269.0;27
724600;;SUBMISSION;VEV_5100;XIREC;182.0;27
724600;;SUBMISSION;VEV_5200;XIREC;109.0;8
724600;;SUBMISSION;VEV_5200;XIREC;108.0;19
724600;;SUBMISSION;VEV_5300;XIREC;55.0;22
724700;;SUBMISSION;VEV_4000;XIREC;1258.0;15
724700;;SUBMISSION;VEV_4000;XIREC;1256.0;15
724700;;SUBMISSION;VEV_4500;XIREC;761.0;9
724700;;SUBMISSION;VEV_4500;XIREC;759.0;18
724700;;SUBMISSION;VEV_5000;XIREC;270.0;27
724700;;SUBMISSION;VEV_5100;XIREC;183.0;27
724700;;SUBMISSION;VEV_5200;XIREC;109.0;27
724700;;SUBMISSION;VEV_5300;XIREC;56.0;10
724700;;SUBMISSION;VEV_5300;XIREC;55.0;20
724700;;SUBMISSION;VEV_5500;XIREC;9.0;30
724800;;SUBMISSION;VEV_4000;XIREC;1258.0;13
724800;;SUBMISSION;VEV_4000;XIREC;1255.0;17
724800;;SUBMISSION;VEV_4500;XIREC;760.0;9
724800;;SUBMISSION;VEV_4500;XIREC;758.0;20
724800;;SUBMISSION;VEV_5000;XIREC;270.0;9
724800;;SUBMISSION;VEV_5000;XIREC;269.0;20
724800;;SUBMISSION;VEV_5100;XIREC;183.0;9
724800;;SUBMISSION;VEV_5100;XIREC;182.0;20
724800;;SUBMISSION;VEV_5200;XIREC;109.0;29
724800;;SUBMISSION;VEV_5300;XIREC;55.0;26
724900;;SUBMISSION;VEV_4000;XIREC;1258.0;12
724900;;SUBMISSION;VEV_4000;XIREC;1256.0;18
724900;;SUBMISSION;VEV_4500;XIREC;761.0;9
724900;;SUBMISSION;VEV_4500;XIREC;759.0;19
724900;;SUBMISSION;VEV_5000;XIREC;270.0;28
724900;;SUBMISSION;VEV_5100;XIREC;183.0;28
724900;;SUBMISSION;VEV_5200;XIREC;109.0;28
724900;;SUBMISSION;VEV_5300;XIREC;56.0;20
724900;;SUBMISSION;VEV_5500;XIREC;9.0;20
725000;;SUBMISSION;VEV_4000;XIREC;1258.0;14
725000;;SUBMISSION;VEV_4000;XIREC;1255.0;16
725000;;SUBMISSION;VEV_4500;XIREC;760.0;11
725000;;SUBMISSION;VEV_4500;XIREC;758.0;19
725000;;SUBMISSION;VEV_5000;XIREC;270.0;11
725000;;SUBMISSION;VEV_5000;XIREC;269.0;19
725000;;SUBMISSION;VEV_5100;XIREC;183.0;30
725000;;SUBMISSION;VEV_5200;XIREC;109.0;30
725000;;SUBMISSION;VEV_5300;XIREC;55.0;22
725000;;;VELVETFRUIT_EXTRACT;XIREC;5266.0;4
725100;;SUBMISSION;VEV_4000;XIREC;1257.0;12
725100;;SUBMISSION;VEV_4000;XIREC;1255.0;16
725100;;SUBMISSION;VEV_4500;XIREC;760.0;11
725100;;SUBMISSION;VEV_4500;XIREC;758.0;19
725100;;SUBMISSION;VEV_5000;XIREC;269.0;30
725100;;SUBMISSION;VEV_5100;XIREC;182.0;30
725100;;SUBMISSION;VEV_5200;XIREC;109.0;11
725100;;SUBMISSION;VEV_5200;XIREC;108.0;19
725100;;SUBMISSION;VEV_5300;XIREC;55.0;24
725200;;SUBMISSION;VEV_4000;XIREC;1256.0;9
725200;;SUBMISSION;VEV_4000;XIREC;1254.0;21
725200;;SUBMISSION;VEV_4500;XIREC;759.0;11
725200;;SUBMISSION;VEV_4500;XIREC;757.0;14
725200;;SUBMISSION;VEV_5000;XIREC;269.0;11
725200;;SUBMISSION;VEV_5000;XIREC;268.0;14
725200;;SUBMISSION;VEV_5100;XIREC;182.0;11
725200;;SUBMISSION;VEV_5100;XIREC;181.0;14
725200;;SUBMISSION;VEV_5200;XIREC;108.0;25
725200;;SUBMISSION;VEV_5300;XIREC;55.0;20
725300;;SUBMISSION;VEV_4000;XIREC;1256.0;13
725300;;SUBMISSION;VEV_4000;XIREC;1253.0;12
725300;;SUBMISSION;VEV_4500;XIREC;758.0;9
725300;;SUBMISSION;VEV_4500;XIREC;756.0;14
725300;;SUBMISSION;VEV_5000;XIREC;268.0;23
725300;;SUBMISSION;VEV_5100;XIREC;181.0;23
725300;;SUBMISSION;VEV_5200;XIREC;108.0;23
725300;;SUBMISSION;VEV_5300;XIREC;55.0;6
725300;;SUBMISSION;VEV_5300;XIREC;54.0;17
725400;;SUBMISSION;VEV_4500;XIREC;757.0;10
725400;;SUBMISSION;VEV_4500;XIREC;756.0;18
725400;;SUBMISSION;VEV_5000;XIREC;267.0;28
725400;;SUBMISSION;VEV_5100;XIREC;181.0;10
725400;;SUBMISSION;VEV_5100;XIREC;180.0;18
725400;;SUBMISSION;VEV_5200;XIREC;107.0;28
725400;;SUBMISSION;VEV_5300;XIREC;54.0;24
725500;;SUBMISSION;VEV_4500;XIREC;758.0;10
725500;;SUBMISSION;VEV_4500;XIREC;756.0;15
725500;;SUBMISSION;VEV_5000;XIREC;268.0;5
725500;;SUBMISSION;VEV_5100;XIREC;181.0;5
725500;;SUBMISSION;VEV_5200;XIREC;108.0;10
725500;;SUBMISSION;VEV_5200;XIREC;107.0;15
725500;;SUBMISSION;VEV_5300;XIREC;55.0;7
725500;;SUBMISSION;VEV_5300;XIREC;54.0;17
725600;;SUBMISSION;VEV_4500;XIREC;759.0;9
725600;;SUBMISSION;VEV_4500;XIREC;757.0;10
725600;;SUBMISSION;VEV_5200;XIREC;108.0;24
725600;;SUBMISSION;VEV_5300;XIREC;55.0;21
725700;;SUBMISSION;VEV_5300;XIREC;55.0;29
725800;;SUBMISSION;VEV_5300;XIREC;55.0;21
725900;;SUBMISSION;VEV_5300;XIREC;55.0;19
726000;;SUBMISSION;VEV_5300;XIREC;56.0;8
726000;;SUBMISSION;VEV_5300;XIREC;55.0;13
726100;;SUBMISSION;VEV_5300;XIREC;57.0;19
726100;;SUBMISSION;VEV_5500;XIREC;10.0;19
726200;;SUBMISSION;VEV_5300;XIREC;56.0;17
726200;;SUBMISSION;VEV_5500;XIREC;9.0;17
726300;;SUBMISSION;VEV_5300;XIREC;57.0;28
726300;;SUBMISSION;VEV_5500;XIREC;10.0;29
726400;;SUBMISSION;VEV_5500;XIREC;9.0;24
726500;;SUBMISSION;VEV_5500;XIREC;10.0;19
726600;;SUBMISSION;VEV_5500;XIREC;10.0;7
726600;;SUBMISSION;VEV_5500;XIREC;9.0;19
726700;;SUBMISSION;VEV_5500;XIREC;10.0;7
726700;;SUBMISSION;VEV_5500;XIREC;9.0;10
726800;;SUBMISSION;VEV_5500;XIREC;9.0;22
726900;;SUBMISSION;VEV_5500;XIREC;9.0;24
727000;;SUBMISSION;VEV_5500;XIREC;10.0;9
727000;;SUBMISSION;VEV_5500;XIREC;9.0;16
727100;;SUBMISSION;VEV_5500;XIREC;10.0;10
727100;;SUBMISSION;VEV_5500;XIREC;9.0;11
727200;;SUBMISSION;VEV_5500;XIREC;9.0;22
727300;;SUBMISSION;VEV_5500;XIREC;9.0;19
727400;;SUBMISSION;VELVETFRUIT_EXTRACT;XIREC;5269.0;6
727400;;SUBMISSION;VEV_5500;XIREC;9.0;27
727500;;SUBMISSION;VEV_5500;XIREC;10.0;24
727600;;SUBMISSION;VEV_5500;XIREC;10.0;21
727700;;SUBMISSION;VEV_5500;XIREC;10.0;20
727800;;SUBMISSION;VEV_5500;XIREC;10.0;24
727900;;SUBMISSION;VEV_5500;XIREC;10.0;25
728000;;SUBMISSION;VEV_5500;XIREC;9.0;23
728100;;SUBMISSION;VEV_5500;XIREC;9.0;23
728200;;SUBMISSION;VEV_5500;XIREC;9.0;27
728300;;SUBMISSION;VEV_5500;XIREC;10.0;6
728300;;SUBMISSION;VEV_5500;XIREC;9.0;20
728400;;SUBMISSION;VEV_5500;XIREC;9.0;19
728500;;SUBMISSION;VEV_5500;XIREC;9.0;2
729100;SUBMISSION;;VEV_5500;XIREC;9.0;3
729100;;;VEV_5400;XIREC;20.0;3
729100;;;VEV_6000;XIREC;0.0;3
729100;;;VEV_6500;XIREC;0.0;3
729200;;SUBMISSION;VEV_5500;XIREC;9.0;3
730100;;SUBMISSION;VELVETFRUIT_EXTRACT;XIREC;5271.0;20
730100;;SUBMISSION;VELVETFRUIT_EXTRACT;XIREC;5270.0;44
730400;;SUBMISSION;VELVETFRUIT_EXTRACT;XIREC;5271.0;68
730500;;SUBMISSION;VELVETFRUIT_EXTRACT;XIREC;5271.0;17
730500;;SUBMISSION;VELVETFRUIT_EXTRACT;XIREC;5270.0;2
731500;;SUBMISSION;VELVETFRUIT_EXTRACT;XIREC;5274.0;7
732700;;;VELVETFRUIT_EXTRACT;XIREC;5268.0;8
735100;;;HYDROGEL_PACK;XIREC;10039.0;5
735800;;;VELVETFRUIT_EXTRACT;XIREC;5269.0;3
735900;SUBMISSION;;VEV_4000;XIREC;1265.0;2
736000;;SUBMISSION;VEV_4000;XIREC;1259.0;2
736700;SUBMISSION;;VEV_5500;XIREC;9.0;2
736700;;;VEV_5400;XIREC;20.0;2
736700;;;VEV_6000;XIREC;0.0;2
736700;;;VEV_6500;XIREC;0.0;2
736800;;SUBMISSION;VEV_5500;XIREC;9.0;2
736800;SUBMISSION;;VEV_5500;XIREC;9.0;2
736800;;;VEV_6000;XIREC;0.0;2
736800;;;VEV_6500;XIREC;0.0;2
736900;;SUBMISSION;VEV_5500;XIREC;9.0;2
738300;;;HYDROGEL_PACK;XIREC;10037.0;5
738400;;;HYDROGEL_PACK;XIREC;10054.0;2
739100;;SUBMISSION;VEV_4000;XIREC;1276.0;3
740800;;;HYDROGEL_PACK;XIREC;10058.0;3
741100;;SUBMISSION;VELVETFRUIT_EXTRACT;XIREC;5268.0;9
741300;;;HYDROGEL_PACK;XIREC;10057.0;2
744700;;SUBMISSION;VELVETFRUIT_EXTRACT;XIREC;5271.0;6
746600;;;VELVETFRUIT_EXTRACT;XIREC;5269.0;7
746800;;SUBMISSION;VELVETFRUIT_EXTRACT;XIREC;5274.0;4
747800;;SUBMISSION;VELVETFRUIT_EXTRACT;XIREC;5272.0;25
747800;;SUBMISSION;VELVETFRUIT_EXTRACT;XIREC;5271.0;45
748000;;SUBMISSION;VELVETFRUIT_EXTRACT;XIREC;5272.0;23
748000;;SUBMISSION;VEV_4000;XIREC;1281.0;1
748000;;;VELVETFRUIT_EXTRACT;XIREC;5278.0;7
748100;;SUBMISSION;VEV_5400;XIREC;22.0;29
748800;;;HYDROGEL_PACK;XIREC;10038.0;6
749100;;SUBMISSION;VEV_5400;XIREC;22.0;26
749200;;SUBMISSION;VEV_5400;XIREC;22.0;28
749400;;SUBMISSION;VEV_5400;XIREC;22.0;19
749500;;SUBMISSION;VEV_5400;XIREC;22.0;29
749600;;SUBMISSION;VEV_5400;XIREC;22.0;23
749700;;SUBMISSION;VEV_5400;XIREC;22.0;22
749800;;SUBMISSION;VEV_5400;XIREC;22.0;27
749900;;SUBMISSION;VEV_5400;XIREC;22.0;20
750000;;SUBMISSION;VEV_5400;XIREC;22.0;24
750100;;SUBMISSION;VEV_5400;XIREC;22.0;17
750200;;SUBMISSION;VEV_5400;XIREC;22.0;27
750300;;SUBMISSION;VEV_5400;XIREC;22.0;23
750300;;;HYDROGEL_PACK;XIREC;10029.0;4
750300;;;VELVETFRUIT_EXTRACT;XIREC;5279.0;6
750400;;SUBMISSION;VEV_5400;XIREC;22.0;27
750500;;SUBMISSION;VEV_5400;XIREC;22.0;19
750600;;SUBMISSION;VEV_5400;XIREC;22.0;24
750700;;SUBMISSION;VEV_5400;XIREC;22.0;17
750800;;SUBMISSION;VEV_5400;XIREC;22.0;24
750900;;SUBMISSION;VEV_5400;XIREC;22.0;19
751000;;SUBMISSION;VEV_5400;XIREC;22.0;28
751100;;SUBMISSION;VEV_5400;XIREC;23.0;23
751200;;SUBMISSION;VEV_5400;XIREC;23.0;19
751300;;SUBMISSION;VEV_5400;XIREC;23.0;19
751400;;SUBMISSION;VEV_5400;XIREC;23.0;24
751500;;SUBMISSION;VEV_5400;XIREC;23.0;24
751600;;SUBMISSION;VEV_5400;XIREC;24.0;14
754800;;;HYDROGEL_PACK;XIREC;10049.0;3
755900;;;HYDROGEL_PACK;XIREC;10047.0;2
756100;;;VELVETFRUIT_EXTRACT;XIREC;5270.0;14
757300;;;VEV_6000;XIREC;0.0;5
757300;;;VEV_6500;XIREC;0.0;5
758600;;;VELVETFRUIT_EXTRACT;XIREC;5275.0;3
758800;;;VELVETFRUIT_EXTRACT;XIREC;5273.0;6
760300;;;HYDROGEL_PACK;XIREC;10025.0;6
761600;SUBMISSION;;VEV_4000;XIREC;1250.0;3
761600;;;VELVETFRUIT_EXTRACT;XIREC;5259.0;4
762000;;SUBMISSION;VEV_4000;XIREC;1262.0;2
762200;;;HYDROGEL_PACK;XIREC;10003.0;3
762500;;SUBMISSION;VEV_4000;XIREC;1261.0;2
762800;;;HYDROGEL_PACK;XIREC;10002.0;5
763000;;;HYDROGEL_PACK;XIREC;10018.0;4
764200;SUBMISSION;;HYDROGEL_PACK;XIREC;9996.0;4
764300;;;VELVETFRUIT_EXTRACT;XIREC;5258.0;7
764400;SUBMISSION;;HYDROGEL_PACK;XIREC;9995.0;5
765200;;;VEV_4000;XIREC;1271.0;3
769300;SUBMISSION;;VEV_5400;XIREC;18.0;5
769300;SUBMISSION;;VEV_5500;XIREC;9.0;5
769300;;;VEV_6000;XIREC;0.0;5
769300;;;VEV_6500;XIREC;0.0;5
769500;;SUBMISSION;HYDROGEL_PACK;XIREC;10021.0;3
770000;;;VELVETFRUIT_EXTRACT;XIREC;5265.0;3
770300;;SUBMISSION;VEV_5500;XIREC;9.0;5
772300;;;VELVETFRUIT_EXTRACT;XIREC;5259.0;10
773400;;;HYDROGEL_PACK;XIREC;10005.0;6
774500;;;VELVETFRUIT_EXTRACT;XIREC;5264.0;8
775200;;;VELVETFRUIT_EXTRACT;XIREC;5257.0;3
776900;SUBMISSION;;HYDROGEL_PACK;XIREC;10000.0;4
777400;;;VELVETFRUIT_EXTRACT;XIREC;5255.0;4
778400;SUBMISSION;;HYDROGEL_PACK;XIREC;10000.0;6
778700;;SUBMISSION;HYDROGEL_PACK;XIREC;10010.0;4
779000;;SUBMISSION;HYDROGEL_PACK;XIREC;10009.0;4
779400;SUBMISSION;;VELVETFRUIT_EXTRACT;XIREC;5251.0;17
779400;SUBMISSION;;VELVETFRUIT_EXTRACT;XIREC;5252.0;45
779500;SUBMISSION;;VELVETFRUIT_EXTRACT;XIREC;5252.0;62
779600;SUBMISSION;;VEV_5400;XIREC;17.0;4
779600;SUBMISSION;;VEV_5500;XIREC;8.0;4
779600;;;VEV_6000;XIREC;0.0;4
779600;;;VEV_6500;XIREC;0.0;4
779700;SUBMISSION;;VELVETFRUIT_EXTRACT;XIREC;5252.0;65
780100;;SUBMISSION;HYDROGEL_PACK;XIREC;10019.0;4
780200;SUBMISSION;;VELVETFRUIT_EXTRACT;XIREC;5252.0;21
780300;SUBMISSION;;VELVETFRUIT_EXTRACT;XIREC;5251.0;61
780400;SUBMISSION;;VELVETFRUIT_EXTRACT;XIREC;5251.0;24
780400;SUBMISSION;;VELVETFRUIT_EXTRACT;XIREC;5252.0;32
780500;SUBMISSION;;VELVETFRUIT_EXTRACT;XIREC;5252.0;71
780600;SUBMISSION;;VELVETFRUIT_EXTRACT;XIREC;5250.0;2
780900;;;VEV_4000;XIREC;1258.0;2
781500;;;VELVETFRUIT_EXTRACT;XIREC;5247.0;7
783500;SUBMISSION;;HYDROGEL_PACK;XIREC;9995.0;10
783500;;;VELVETFRUIT_EXTRACT;XIREC;5249.0;7
783600;SUBMISSION;;HYDROGEL_PACK;XIREC;9992.0;11
783600;SUBMISSION;;HYDROGEL_PACK;XIREC;9995.0;27
783700;SUBMISSION;;HYDROGEL_PACK;XIREC;9993.0;11
783700;SUBMISSION;;HYDROGEL_PACK;XIREC;9995.0;27
784600;;;VELVETFRUIT_EXTRACT;XIREC;5244.0;8
785300;SUBMISSION;;HYDROGEL_PACK;XIREC;9986.0;6
785800;SUBMISSION;;HYDROGEL_PACK;XIREC;9991.0;10
786200;SUBMISSION;;HYDROGEL_PACK;XIREC;9994.0;11
786200;SUBMISSION;;HYDROGEL_PACK;XIREC;9996.0;25
786300;SUBMISSION;;HYDROGEL_PACK;XIREC;9994.0;14
786400;SUBMISSION;;HYDROGEL_PACK;XIREC;9996.0;12
786600;SUBMISSION;;HYDROGEL_PACK;XIREC;9996.0;11
786700;SUBMISSION;;HYDROGEL_PACK;XIREC;9994.0;14
786700;SUBMISSION;;HYDROGEL_PACK;XIREC;9996.0;29
786800;SUBMISSION;;HYDROGEL_PACK;XIREC;9995.0;11
786900;SUBMISSION;;HYDROGEL_PACK;XIREC;9995.0;11
787300;SUBMISSION;;VEV_4000;XIREC;1242.0;3
791300;SUBMISSION;;VEV_5400;XIREC;15.0;3
