timestamp;buyer;seller;symbol;currency;price;quantity
900;;SUBMISSION;TOMATOES;SEASHELLS;5007;2
1700;;SUBMISSION;TOMATOES;SEASHELLS;5005;3
3300;SUBMISSION;;TOMATOES;SEASHELLS;4993;11
4000;;SUBMISSION;EMERALDS;SEASHELLS;10007;7
4100;;SUBMISSION;TOMATOES;SEASHELLS;5001;3
5200;SUBMISSION;;EMERALDS;SEASHELLS;9993;5
6700;SUBMISSION;;TOMATOES;SEASHELLS;4989;5
6800;SUBMISSION;;TOMATOES;SEASHELLS;4992;11
7100;;SUBMISSION;TOMATOES;SEASHELLS;4999;3
8200;;SUBMISSION;TOMATOES;SEASHELLS;4994;5
10500;;SUBMISSION;EMERALDS;SEASHELLS;10007;5
11200;SUBMISSION;;TOMATOES;SEASHELLS;4986;4
11300;SUBMISSION;;EMERALDS;SEASHELLS;9993;3
12700;;SUBMISSION;TOMATOES;SEASHELLS;4998;2
13600;SUBMISSION;;TOMATOES;SEASHELLS;4992;2
14100;;SUBMISSION;TOMATOES;SEASHELLS;4997;2
14600;;SUBMISSION;TOMATOES;SEASHELLS;4991;5
16400;SUBMISSION;;TOMATOES;SEASHELLS;4992;6
17100;SUBMISSION;;TOMATOES;SEASHELLS;4987;4
17800;SUBMISSION;;TOMATOES;SEASHELLS;4987;5
18000;SUBMISSION;;TOMATOES;SEASHELLS;4991;3
22300;SUBMISSION;;TOMATOES;SEASHELLS;4993;9
22400;SUBMISSION;;TOMATOES;SEASHELLS;4993;11
24000;;SUBMISSION;TOMATOES;SEASHELLS;5000;5
26800;SUBMISSION;;TOMATOES;SEASHELLS;4994;12
27300;SUBMISSION;;TOMATOES;SEASHELLS;4989;5
28100;SUBMISSION;;TOMATOES;SEASHELLS;4994;5
28700;;SUBMISSION;TOMATOES;SEASHELLS;4995;12
30500;SUBMISSION;;TOMATOES;SEASHELLS;4996;8
30900;SUBMISSION;;TOMATOES;SEASHELLS;4997;11
32700;;SUBMISSION;TOMATOES;SEASHELLS;5003;3
35500;SUBMISSION;;TOMATOES;SEASHELLS;4998;6
35600;SUBMISSION;;EMERALDS;SEASHELLS;9993;5
38300;;SUBMISSION;EMERALDS;SEASHELLS;10007;4
38800;SUBMISSION;;EMERALDS;SEASHELLS;9993;6
39000;;SUBMISSION;TOMATOES;SEASHELLS;5004;5
41700;SUBMISSION;;TOMATOES;SEASHELLS;4990;2
42100;;SUBMISSION;EMERALDS;SEASHELLS;10007;8
43200;SUBMISSION;;TOMATOES;SEASHELLS;4992;3
45700;;SUBMISSION;EMERALDS;SEASHELLS;10007;4
47000;;SUBMISSION;EMERALDS;SEASHELLS;10007;4
51500;SUBMISSION;;TOMATOES;SEASHELLS;4999;2
53500;SUBMISSION;;EMERALDS;SEASHELLS;9993;6
53800;SUBMISSION;;TOMATOES;SEASHELLS;5001;5
62900;;SUBMISSION;EMERALDS;SEASHELLS;10007;5
65000;;SUBMISSION;TOMATOES;SEASHELLS;5016;5
65500;SUBMISSION;;EMERALDS;SEASHELLS;9993;5
67000;;SUBMISSION;TOMATOES;SEASHELLS;5019;5
68300;;SUBMISSION;TOMATOES;SEASHELLS;5020;2
68700;;SUBMISSION;TOMATOES;SEASHELLS;5019;4
69000;SUBMISSION;;TOMATOES;SEASHELLS;5006;5
70000;;SUBMISSION;TOMATOES;SEASHELLS;5013;10
71500;SUBMISSION;;TOMATOES;SEASHELLS;5013;5
73400;;SUBMISSION;TOMATOES;SEASHELLS;5021;5
77400;SUBMISSION;;TOMATOES;SEASHELLS;5016;6
82100;;SUBMISSION;TOMATOES;SEASHELLS;5017;10
84300;SUBMISSION;;EMERALDS;SEASHELLS;9993;8
88800;SUBMISSION;;TOMATOES;SEASHELLS;5019;4
91000;;SUBMISSION;EMERALDS;SEASHELLS;10007;3
91700;SUBMISSION;;TOMATOES;SEASHELLS;5017;12
92800;SUBMISSION;;EMERALDS;SEASHELLS;9993;6
93000;SUBMISSION;;TOMATOES;SEASHELLS;5012;5
93100;;SUBMISSION;TOMATOES;SEASHELLS;5018;6
93300;SUBMISSION;;TOMATOES;SEASHELLS;5011;3
98800;;SUBMISSION;TOMATOES;SEASHELLS;5023;3
99600;;SUBMISSION;TOMATOES;SEASHELLS;5023;4
99800;SUBMISSION;;TOMATOES;SEASHELLS;5018;4
102000;;SUBMISSION;TOMATOES;SEASHELLS;5019;8
103000;SUBMISSION;;TOMATOES;SEASHELLS;5014;3
103200;SUBMISSION;;TOMATOES;SEASHELLS;5018;10
104300;;SUBMISSION;EMERALDS;SEASHELLS;10007;6
104600;SUBMISSION;;TOMATOES;SEASHELLS;5013;3
111200;SUBMISSION;;TOMATOES;SEASHELLS;5018;2
111900;SUBMISSION;;EMERALDS;SEASHELLS;9993;7
115500;;SUBMISSION;TOMATOES;SEASHELLS;5024;3
116300;;SUBMISSION;TOMATOES;SEASHELLS;5018;6
116900;;SUBMISSION;TOMATOES;SEASHELLS;5016;3
117800;SUBMISSION;;TOMATOES;SEASHELLS;5018;4
119000;SUBMISSION;;TOMATOES;SEASHELLS;5016;7
119100;;SUBMISSION;TOMATOES;SEASHELLS;5023;5
120700;SUBMISSION;;EMERALDS;SEASHELLS;9993;8
120700;;SUBMISSION;TOMATOES;SEASHELLS;5023;2
121200;SUBMISSION;;TOMATOES;SEASHELLS;5016;8
121800;;SUBMISSION;TOMATOES;SEASHELLS;5026;4
122400;;SUBMISSION;TOMATOES;SEASHELLS;5028;5
122800;SUBMISSION;;TOMATOES;SEASHELLS;5021;7
123000;SUBMISSION;;EMERALDS;SEASHELLS;9993;8
125300;SUBMISSION;;TOMATOES;SEASHELLS;5013;2
125900;SUBMISSION;;EMERALDS;SEASHELLS;9993;4
127200;;SUBMISSION;EMERALDS;SEASHELLS;10007;7
129700;SUBMISSION;;EMERALDS;SEASHELLS;9993;3
131400;;SUBMISSION;TOMATOES;SEASHELLS;5019;2
131900;;SUBMISSION;TOMATOES;SEASHELLS;5018;2
132600;;SUBMISSION;EMERALDS;SEASHELLS;10007;5
133800;;SUBMISSION;TOMATOES;SEASHELLS;5015;2
135400;SUBMISSION;;TOMATOES;SEASHELLS;5008;6
139800;;SUBMISSION;TOMATOES;SEASHELLS;5013;3
140400;;SUBMISSION;EMERALDS;SEASHELLS;10007;8
140600;SUBMISSION;;EMERALDS;SEASHELLS;9993;5
140800;;SUBMISSION;TOMATOES;SEASHELLS;5006;8
140900;SUBMISSION;;TOMATOES;SEASHELLS;5003;9
143400;SUBMISSION;;TOMATOES;SEASHELLS;5001;2
143800;;SUBMISSION;EMERALDS;SEASHELLS;10007;5
147200;;SUBMISSION;TOMATOES;SEASHELLS;5008;4
147600;;SUBMISSION;TOMATOES;SEASHELLS;5007;4
149200;SUBMISSION;;EMERALDS;SEASHELLS;9993;8
149400;SUBMISSION;;TOMATOES;SEASHELLS;5003;3
151300;;SUBMISSION;TOMATOES;SEASHELLS;5001;10
153300;SUBMISSION;;TOMATOES;SEASHELLS;4997;3
153600;;SUBMISSION;TOMATOES;SEASHELLS;5003;9
155800;;SUBMISSION;TOMATOES;SEASHELLS;5001;11
156400;SUBMISSION;;EMERALDS;SEASHELLS;9993;6
157200;;SUBMISSION;TOMATOES;SEASHELLS;5006;3
158700;SUBMISSION;;TOMATOES;SEASHELLS;4992;2
159600;SUBMISSION;;EMERALDS;SEASHELLS;9993;8
159700;;SUBMISSION;EMERALDS;SEASHELLS;10007;8
159900;;SUBMISSION;EMERALDS;SEASHELLS;10007;8
163600;SUBMISSION;;TOMATOES;SEASHELLS;4994;2
164000;SUBMISSION;;EMERALDS;SEASHELLS;9993;3
164200;SUBMISSION;;TOMATOES;SEASHELLS;4989;5
165500;SUBMISSION;;TOMATOES;SEASHELLS;4992;3
165700;SUBMISSION;;TOMATOES;SEASHELLS;4991;3
167200;SUBMISSION;;TOMATOES;SEASHELLS;4993;2
168900;;SUBMISSION;TOMATOES;SEASHELLS;5005;2
169600;SUBMISSION;;TOMATOES;SEASHELLS;4998;7
172900;;SUBMISSION;TOMATOES;SEASHELLS;5000;11
174000;;SUBMISSION;TOMATOES;SEASHELLS;4999;9
174400;SUBMISSION;;TOMATOES;SEASHELLS;4992;5
175800;;SUBMISSION;TOMATOES;SEASHELLS;5000;5
176700;SUBMISSION;;TOMATOES;SEASHELLS;4992;10
177100;SUBMISSION;;TOMATOES;SEASHELLS;4989;3
178600;SUBMISSION;;EMERALDS;SEASHELLS;9993;5
179200;;SUBMISSION;TOMATOES;SEASHELLS;4994;6
179200;;SUBMISSION;TOMATOES;SEASHELLS;4999;2
179400;;SUBMISSION;TOMATOES;SEASHELLS;4999;2
180100;;SUBMISSION;TOMATOES;SEASHELLS;4995;12
181700;SUBMISSION;;TOMATOES;SEASHELLS;4991;8
182700;SUBMISSION;;TOMATOES;SEASHELLS;4993;8
182800;;SUBMISSION;TOMATOES;SEASHELLS;5000;5
183100;SUBMISSION;;TOMATOES;SEASHELLS;4987;2
183700;SUBMISSION;;TOMATOES;SEASHELLS;4987;4
183900;;SUBMISSION;TOMATOES;SEASHELLS;4999;2
184800;SUBMISSION;;TOMATOES;SEASHELLS;4991;7
185200;SUBMISSION;;TOMATOES;SEASHELLS;4986;4
187600;SUBMISSION;;TOMATOES;SEASHELLS;4990;4
188000;;SUBMISSION;TOMATOES;SEASHELLS;5001;3
191400;;SUBMISSION;TOMATOES;SEASHELLS;5002;5
192400;SUBMISSION;;TOMATOES;SEASHELLS;4992;5
192700;SUBMISSION;;TOMATOES;SEASHELLS;4997;10
192900;;SUBMISSION;EMERALDS;SEASHELLS;10007;8
193400;;SUBMISSION;TOMATOES;SEASHELLS;5004;2
193500;SUBMISSION;;TOMATOES;SEASHELLS;4992;3
193700;SUBMISSION;;EMERALDS;SEASHELLS;9993;5
194100;SUBMISSION;;EMERALDS;SEASHELLS;9993;5
195400;;SUBMISSION;TOMATOES;SEASHELLS;4998;9
197100;SUBMISSION;;TOMATOES;SEASHELLS;4992;3
198300;;SUBMISSION;TOMATOES;SEASHELLS;5000;12
202400;SUBMISSION;;TOMATOES;SEASHELLS;4994;5
203900;;SUBMISSION;TOMATOES;SEASHELLS;5006;5
204100;;SUBMISSION;TOMATOES;SEASHELLS;5006;3
206700;SUBMISSION;;TOMATOES;SEASHELLS;5002;5
207600;;SUBMISSION;EMERALDS;SEASHELLS;10007;3
208700;;SUBMISSION;TOMATOES;SEASHELLS;5004;8
208900;SUBMISSION;;TOMATOES;SEASHELLS;5004;6
209300;SUBMISSION;;TOMATOES;SEASHELLS;4997;4
209600;SUBMISSION;;TOMATOES;SEASHELLS;4996;2
209900;SUBMISSION;;EMERALDS;SEASHELLS;9993;8
210200;SUBMISSION;;TOMATOES;SEASHELLS;4996;4
211000;SUBMISSION;;TOMATOES;SEASHELLS;4997;4
211800;;SUBMISSION;TOMATOES;SEASHELLS;5008;2
211900;SUBMISSION;;EMERALDS;SEASHELLS;9993;6
211900;SUBMISSION;;TOMATOES;SEASHELLS;4997;4
212200;SUBMISSION;;TOMATOES;SEASHELLS;5001;6
215200;SUBMISSION;;EMERALDS;SEASHELLS;9993;7
217300;SUBMISSION;;EMERALDS;SEASHELLS;9993;3
217700;;SUBMISSION;TOMATOES;SEASHELLS;5004;3
218700;SUBMISSION;;TOMATOES;SEASHELLS;4992;3
225900;;SUBMISSION;TOMATOES;SEASHELLS;5005;3
232400;SUBMISSION;;EMERALDS;SEASHELLS;9993;5
233400;;SUBMISSION;TOMATOES;SEASHELLS;5003;2
233500;SUBMISSION;;TOMATOES;SEASHELLS;4991;2
233700;SUBMISSION;;TOMATOES;SEASHELLS;4991;3
236900;SUBMISSION;;EMERALDS;SEASHELLS;9993;6
244200;SUBMISSION;;EMERALDS;SEASHELLS;9993;3
245500;;SUBMISSION;TOMATOES;SEASHELLS;5001;5
247400;SUBMISSION;;TOMATOES;SEASHELLS;4992;4
250200;SUBMISSION;;TOMATOES;SEASHELLS;4993;1
255300;SUBMISSION;;EMERALDS;SEASHELLS;9993;6
258100;;SUBMISSION;TOMATOES;SEASHELLS;5001;3
258200;;SUBMISSION;TOMATOES;SEASHELLS;5001;4
259000;;SUBMISSION;TOMATOES;SEASHELLS;5000;3
259300;;SUBMISSION;TOMATOES;SEASHELLS;4995;10
259700;SUBMISSION;;TOMATOES;SEASHELLS;4989;2
259900;;SUBMISSION;TOMATOES;SEASHELLS;5001;3
260200;SUBMISSION;;TOMATOES;SEASHELLS;4990;3
260500;SUBMISSION;;TOMATOES;SEASHELLS;4995;5
260700;SUBMISSION;;TOMATOES;SEASHELLS;4995;4
260800;SUBMISSION;;TOMATOES;SEASHELLS;4990;4
261400;;SUBMISSION;EMERALDS;SEASHELLS;10007;3
262600;SUBMISSION;;TOMATOES;SEASHELLS;4994;5
263300;SUBMISSION;;EMERALDS;SEASHELLS;9993;3
263400;;SUBMISSION;TOMATOES;SEASHELLS;5003;2
263500;SUBMISSION;;TOMATOES;SEASHELLS;4992;2
264200;SUBMISSION;;EMERALDS;SEASHELLS;9993;3
267300;;SUBMISSION;TOMATOES;SEASHELLS;4997;7
270900;;SUBMISSION;TOMATOES;SEASHELLS;5000;10
271100;;SUBMISSION;EMERALDS;SEASHELLS;10007;3
272600;;SUBMISSION;TOMATOES;SEASHELLS;5007;4
273100;SUBMISSION;;EMERALDS;SEASHELLS;9993;6
274200;;SUBMISSION;TOMATOES;SEASHELLS;5011;2
275200;;SUBMISSION;TOMATOES;SEASHELLS;5012;2
275500;;SUBMISSION;TOMATOES;SEASHELLS;5012;2
276900;SUBMISSION;;TOMATOES;SEASHELLS;4999;4
277500;;SUBMISSION;TOMATOES;SEASHELLS;5007;5
278500;;SUBMISSION;EMERALDS;SEASHELLS;10007;5
280200;;SUBMISSION;TOMATOES;SEASHELLS;5010;9
280900;SUBMISSION;;TOMATOES;SEASHELLS;5009;4
281200;;SUBMISSION;TOMATOES;SEASHELLS;5015;5
282200;;SUBMISSION;TOMATOES;SEASHELLS;5015;4
283400;SUBMISSION;;TOMATOES;SEASHELLS;5002;5
283500;SUBMISSION;;TOMATOES;SEASHELLS;5008;6
286000;SUBMISSION;;TOMATOES;SEASHELLS;5010;6
286300;SUBMISSION;;TOMATOES;SEASHELLS;5003;2
289600;;SUBMISSION;EMERALDS;SEASHELLS;10007;4
289600;SUBMISSION;;TOMATOES;SEASHELLS;4996;3
290100;SUBMISSION;;TOMATOES;SEASHELLS;5001;12
290500;SUBMISSION;;TOMATOES;SEASHELLS;5001;8
292200;;SUBMISSION;TOMATOES;SEASHELLS;5007;5
295200;SUBMISSION;;TOMATOES;SEASHELLS;5002;5
298300;;SUBMISSION;TOMATOES;SEASHELLS;5007;3
298800;;SUBMISSION;EMERALDS;SEASHELLS;10007;5
300500;SUBMISSION;;TOMATOES;SEASHELLS;5003;3
301600;;SUBMISSION;TOMATOES;SEASHELLS;5002;6
302300;;SUBMISSION;EMERALDS;SEASHELLS;10007;5
305800;;SUBMISSION;EMERALDS;SEASHELLS;10007;7
305800;SUBMISSION;;TOMATOES;SEASHELLS;5002;6
307700;;SUBMISSION;EMERALDS;SEASHELLS;10007;4
308300;SUBMISSION;;EMERALDS;SEASHELLS;9993;5
308400;;SUBMISSION;EMERALDS;SEASHELLS;10007;6
308500;SUBMISSION;;EMERALDS;SEASHELLS;9993;4
312900;;SUBMISSION;TOMATOES;SEASHELLS;5003;11
313700;;SUBMISSION;TOMATOES;SEASHELLS;5008;4
314100;;SUBMISSION;TOMATOES;SEASHELLS;5002;9
314500;SUBMISSION;;TOMATOES;SEASHELLS;5003;3
316600;;SUBMISSION;TOMATOES;SEASHELLS;5004;9
316800;;SUBMISSION;TOMATOES;SEASHELLS;5009;4
320700;;SUBMISSION;TOMATOES;SEASHELLS;5006;9
321400;SUBMISSION;;TOMATOES;SEASHELLS;5006;9
322400;;SUBMISSION;TOMATOES;SEASHELLS;5012;5
322500;SUBMISSION;;TOMATOES;SEASHELLS;5000;3
323700;SUBMISSION;;TOMATOES;SEASHELLS;5006;3
324200;SUBMISSION;;EMERALDS;SEASHELLS;9993;4
324400;;SUBMISSION;EMERALDS;SEASHELLS;10007;4
324600;;SUBMISSION;EMERALDS;SEASHELLS;10007;6
325400;SUBMISSION;;EMERALDS;SEASHELLS;9993;4
326100;SUBMISSION;;TOMATOES;SEASHELLS;5005;9
326500;SUBMISSION;;TOMATOES;SEASHELLS;5005;7
330500;SUBMISSION;;TOMATOES;SEASHELLS;5007;3
331600;SUBMISSION;;EMERALDS;SEASHELLS;9993;6
332500;SUBMISSION;;EMERALDS;SEASHELLS;9993;4
332500;SUBMISSION;;TOMATOES;SEASHELLS;5008;4
332600;;SUBMISSION;TOMATOES;SEASHELLS;5019;4
333600;SUBMISSION;;TOMATOES;SEASHELLS;5016;2
334000;SUBMISSION;;TOMATOES;SEASHELLS;5014;10
334400;;SUBMISSION;TOMATOES;SEASHELLS;5020;3
335100;;SUBMISSION;TOMATOES;SEASHELLS;5020;5
335500;;SUBMISSION;EMERALDS;SEASHELLS;10007;4
336000;SUBMISSION;;TOMATOES;SEASHELLS;5014;2
337000;;SUBMISSION;TOMATOES;SEASHELLS;5017;9
337000;;SUBMISSION;TOMATOES;SEASHELLS;5022;4
340000;SUBMISSION;;TOMATOES;SEASHELLS;5009;4
342000;SUBMISSION;;TOMATOES;SEASHELLS;5006;2
345300;SUBMISSION;;EMERALDS;SEASHELLS;9993;5
345400;;SUBMISSION;TOMATOES;SEASHELLS;5019;5
349400;SUBMISSION;;TOMATOES;SEASHELLS;5008;3
350400;SUBMISSION;;EMERALDS;SEASHELLS;9993;3
351100;SUBMISSION;;TOMATOES;SEASHELLS;5009;5
355700;SUBMISSION;;EMERALDS;SEASHELLS;9993;8
355700;;SUBMISSION;TOMATOES;SEASHELLS;5018;8
356100;;SUBMISSION;TOMATOES;SEASHELLS;5023;2
357700;SUBMISSION;;TOMATOES;SEASHELLS;5011;5
359100;;SUBMISSION;TOMATOES;SEASHELLS;5017;12
359800;SUBMISSION;;TOMATOES;SEASHELLS;5011;4
361000;SUBMISSION;;TOMATOES;SEASHELLS;5016;6
361100;SUBMISSION;;TOMATOES;SEASHELLS;5018;6
363300;;SUBMISSION;EMERALDS;SEASHELLS;10007;6
367500;SUBMISSION;;TOMATOES;SEASHELLS;5011;5
368900;SUBMISSION;;TOMATOES;SEASHELLS;5009;3
370300;;SUBMISSION;TOMATOES;SEASHELLS;5019;5
372000;SUBMISSION;;TOMATOES;SEASHELLS;5009;2
372300;SUBMISSION;;TOMATOES;SEASHELLS;5013;6
375700;;SUBMISSION;TOMATOES;SEASHELLS;5013;5
376600;;SUBMISSION;EMERALDS;SEASHELLS;10007;5
376700;SUBMISSION;;TOMATOES;SEASHELLS;5010;2
380500;SUBMISSION;;TOMATOES;SEASHELLS;5009;2
382300;SUBMISSION;;TOMATOES;SEASHELLS;5012;3
382700;;SUBMISSION;TOMATOES;SEASHELLS;5018;8
382700;;SUBMISSION;TOMATOES;SEASHELLS;5023;4
384000;;SUBMISSION;TOMATOES;SEASHELLS;5023;4
386100;;SUBMISSION;TOMATOES;SEASHELLS;5015;6
386800;;SUBMISSION;TOMATOES;SEASHELLS;5020;5
387000;;SUBMISSION;TOMATOES;SEASHELLS;5015;8
389900;SUBMISSION;;TOMATOES;SEASHELLS;5012;9
390300;;SUBMISSION;TOMATOES;SEASHELLS;5017;5
392600;SUBMISSION;;EMERALDS;SEASHELLS;9993;6
394300;;SUBMISSION;TOMATOES;SEASHELLS;5015;3
396600;SUBMISSION;;EMERALDS;SEASHELLS;9993;7
397600;SUBMISSION;;TOMATOES;SEASHELLS;5004;12
397900;;SUBMISSION;TOMATOES;SEASHELLS;5011;2
398100;;SUBMISSION;TOMATOES;SEASHELLS;5008;9
398200;;SUBMISSION;TOMATOES;SEASHELLS;5007;6
398700;;SUBMISSION;EMERALDS;SEASHELLS;10007;8
398700;;SUBMISSION;TOMATOES;SEASHELLS;5007;10
402300;;SUBMISSION;EMERALDS;SEASHELLS;10007;6
403300;SUBMISSION;;TOMATOES;SEASHELLS;5002;6
404400;;SUBMISSION;TOMATOES;SEASHELLS;5011;5
404800;;SUBMISSION;EMERALDS;SEASHELLS;10007;5
405200;SUBMISSION;;TOMATOES;SEASHELLS;5006;11
407600;;SUBMISSION;TOMATOES;SEASHELLS;5010;12
408800;;SUBMISSION;EMERALDS;SEASHELLS;10007;7
409800;SUBMISSION;;TOMATOES;SEASHELLS;5008;11
410000;;SUBMISSION;TOMATOES;SEASHELLS;5009;12
410100;SUBMISSION;;TOMATOES;SEASHELLS;5008;5
411200;;SUBMISSION;TOMATOES;SEASHELLS;5014;2
412100;SUBMISSION;;TOMATOES;SEASHELLS;5006;10
412500;SUBMISSION;;TOMATOES;SEASHELLS;5006;3
413000;;SUBMISSION;EMERALDS;SEASHELLS;10007;4
413600;SUBMISSION;;EMERALDS;SEASHELLS;9993;8
413900;SUBMISSION;;TOMATOES;SEASHELLS;5003;2
414000;SUBMISSION;;EMERALDS;SEASHELLS;9993;7
415600;;SUBMISSION;TOMATOES;SEASHELLS;5005;5
415800;;SUBMISSION;TOMATOES;SEASHELLS;5010;5
416100;;SUBMISSION;TOMATOES;SEASHELLS;5005;7
417900;;SUBMISSION;TOMATOES;SEASHELLS;5009;7
418500;;SUBMISSION;TOMATOES;SEASHELLS;5012;9
419700;SUBMISSION;;EMERALDS;SEASHELLS;9993;4
420800;SUBMISSION;;EMERALDS;SEASHELLS;9993;7
422300;;SUBMISSION;TOMATOES;SEASHELLS;5019;4
424000;SUBMISSION;;TOMATOES;SEASHELLS;5009;6
425400;SUBMISSION;;TOMATOES;SEASHELLS;5009;9
425700;SUBMISSION;;TOMATOES;SEASHELLS;5010;11
425800;SUBMISSION;;TOMATOES;SEASHELLS;5012;3
426300;SUBMISSION;;TOMATOES;SEASHELLS;5005;2
427500;;SUBMISSION;TOMATOES;SEASHELLS;5013;5
428600;;SUBMISSION;TOMATOES;SEASHELLS;5015;5
429100;;SUBMISSION;EMERALDS;SEASHELLS;10007;8
429500;SUBMISSION;;TOMATOES;SEASHELLS;5004;3
431000;;SUBMISSION;TOMATOES;SEASHELLS;5013;3
431500;;SUBMISSION;TOMATOES;SEASHELLS;5014;2
431900;SUBMISSION;;TOMATOES;SEASHELLS;5002;4
432600;;SUBMISSION;TOMATOES;SEASHELLS;5008;8
432700;SUBMISSION;;TOMATOES;SEASHELLS;5001;3
432900;;SUBMISSION;TOMATOES;SEASHELLS;5013;5
434900;SUBMISSION;;TOMATOES;SEASHELLS;5004;3
435100;;SUBMISSION;TOMATOES;SEASHELLS;5015;4
436600;;SUBMISSION;EMERALDS;SEASHELLS;10007;4
437300;SUBMISSION;;TOMATOES;SEASHELLS;5003;4
437600;SUBMISSION;;TOMATOES;SEASHELLS;5008;8
441400;SUBMISSION;;TOMATOES;SEASHELLS;5004;12
441900;;SUBMISSION;TOMATOES;SEASHELLS;5006;12
442000;SUBMISSION;;TOMATOES;SEASHELLS;4999;2
443200;;SUBMISSION;TOMATOES;SEASHELLS;5003;11
443900;;SUBMISSION;TOMATOES;SEASHELLS;5010;2
445800;SUBMISSION;;TOMATOES;SEASHELLS;5000;5
447700;;SUBMISSION;TOMATOES;SEASHELLS;5007;9
449200;;SUBMISSION;TOMATOES;SEASHELLS;5004;8
450300;SUBMISSION;;TOMATOES;SEASHELLS;4999;3
450700;;SUBMISSION;TOMATOES;SEASHELLS;5006;9
450800;;SUBMISSION;TOMATOES;SEASHELLS;5006;12
452300;SUBMISSION;;TOMATOES;SEASHELLS;5004;3
452300;SUBMISSION;;TOMATOES;SEASHELLS;4998;2
452400;;SUBMISSION;TOMATOES;SEASHELLS;5010;5
453100;SUBMISSION;;TOMATOES;SEASHELLS;4999;3
454700;;SUBMISSION;TOMATOES;SEASHELLS;5006;5
456000;;SUBMISSION;EMERALDS;SEASHELLS;10007;8
457800;SUBMISSION;;EMERALDS;SEASHELLS;9993;8
459000;;SUBMISSION;TOMATOES;SEASHELLS;5006;5
459200;;SUBMISSION;TOMATOES;SEASHELLS;5005;3
459700;;SUBMISSION;EMERALDS;SEASHELLS;10007;8
460200;;SUBMISSION;TOMATOES;SEASHELLS;4999;10
460900;SUBMISSION;;TOMATOES;SEASHELLS;4993;4
462000;SUBMISSION;;TOMATOES;SEASHELLS;4999;9
463900;;SUBMISSION;TOMATOES;SEASHELLS;5007;5
464700;SUBMISSION;;TOMATOES;SEASHELLS;4999;7
467600;SUBMISSION;;TOMATOES;SEASHELLS;4996;5
469700;SUBMISSION;;TOMATOES;SEASHELLS;4992;2
472400;;SUBMISSION;TOMATOES;SEASHELLS;5001;10
472800;SUBMISSION;;TOMATOES;SEASHELLS;5000;4
473100;;SUBMISSION;EMERALDS;SEASHELLS;10007;6
474600;SUBMISSION;;TOMATOES;SEASHELLS;4995;2
475300;;SUBMISSION;TOMATOES;SEASHELLS;5007;2
476100;SUBMISSION;;TOMATOES;SEASHELLS;4998;12
478100;;SUBMISSION;TOMATOES;SEASHELLS;4996;11
479300;;SUBMISSION;TOMATOES;SEASHELLS;5002;4
480500;;SUBMISSION;TOMATOES;SEASHELLS;5004;4
482700;SUBMISSION;;TOMATOES;SEASHELLS;4996;10
483400;;SUBMISSION;TOMATOES;SEASHELLS;4996;10
484700;SUBMISSION;;TOMATOES;SEASHELLS;4993;11
485100;;SUBMISSION;TOMATOES;SEASHELLS;4994;7
485700;;SUBMISSION;TOMATOES;SEASHELLS;4999;5
488400;SUBMISSION;;TOMATOES;SEASHELLS;4988;4
488900;SUBMISSION;;TOMATOES;SEASHELLS;4987;5
490800;SUBMISSION;;TOMATOES;SEASHELLS;4987;5
491400;SUBMISSION;;TOMATOES;SEASHELLS;4995;6
491600;SUBMISSION;;EMERALDS;SEASHELLS;9993;5
491900;SUBMISSION;;EMERALDS;SEASHELLS;9993;5
492400;;SUBMISSION;TOMATOES;SEASHELLS;5001;4
492900;;SUBMISSION;TOMATOES;SEASHELLS;4995;11
493300;SUBMISSION;;EMERALDS;SEASHELLS;9993;6
496700;SUBMISSION;;TOMATOES;SEASHELLS;4985;5
497500;;SUBMISSION;TOMATOES;SEASHELLS;4992;12
497600;;SUBMISSION;TOMATOES;SEASHELLS;4993;9
497900;SUBMISSION;;TOMATOES;SEASHELLS;4986;3
498200;SUBMISSION;;TOMATOES;SEASHELLS;4994;6
499000;SUBMISSION;;TOMATOES;SEASHELLS;4988;4
499700;SUBMISSION;;TOMATOES;SEASHELLS;4995;4
500000;SUBMISSION;;TOMATOES;SEASHELLS;4994;7
502900;;SUBMISSION;TOMATOES;SEASHELLS;4998;4
503100;SUBMISSION;;TOMATOES;SEASHELLS;4991;7
504900;;SUBMISSION;TOMATOES;SEASHELLS;4997;4
506800;SUBMISSION;;TOMATOES;SEASHELLS;4987;3
507200;SUBMISSION;;EMERALDS;SEASHELLS;9993;6
510400;SUBMISSION;;TOMATOES;SEASHELLS;4992;11
511100;SUBMISSION;;TOMATOES;SEASHELLS;4988;4
513100;;SUBMISSION;TOMATOES;SEASHELLS;4994;9
513900;SUBMISSION;;TOMATOES;SEASHELLS;4991;6
517600;SUBMISSION;;EMERALDS;SEASHELLS;9993;6
517700;;SUBMISSION;EMERALDS;SEASHELLS;10007;3
520600;;SUBMISSION;TOMATOES;SEASHELLS;5000;4
521000;;SUBMISSION;EMERALDS;SEASHELLS;10007;4
522600;SUBMISSION;;TOMATOES;SEASHELLS;4989;5
523000;SUBMISSION;;TOMATOES;SEASHELLS;4995;5
523800;;SUBMISSION;TOMATOES;SEASHELLS;4994;11
524100;SUBMISSION;;EMERALDS;SEASHELLS;9993;4
526200;;SUBMISSION;TOMATOES;SEASHELLS;4990;10
527600;SUBMISSION;;EMERALDS;SEASHELLS;9993;4
527700;SUBMISSION;;TOMATOES;SEASHELLS;4985;5
529400;SUBMISSION;;TOMATOES;SEASHELLS;4989;3
529600;SUBMISSION;;EMERALDS;SEASHELLS;9993;3
532400;SUBMISSION;;TOMATOES;SEASHELLS;4995;3
534800;SUBMISSION;;TOMATOES;SEASHELLS;4996;12
535200;SUBMISSION;;EMERALDS;SEASHELLS;9993;3
536100;;SUBMISSION;TOMATOES;SEASHELLS;5006;5
540000;SUBMISSION;;TOMATOES;SEASHELLS;5001;7
540000;SUBMISSION;;TOMATOES;SEASHELLS;4997;5
540700;;SUBMISSION;TOMATOES;SEASHELLS;5003;9
544200;SUBMISSION;;TOMATOES;SEASHELLS;4999;3
545500;SUBMISSION;;TOMATOES;SEASHELLS;5002;5
546000;;SUBMISSION;TOMATOES;SEASHELLS;5008;8
548300;;SUBMISSION;TOMATOES;SEASHELLS;5012;4
549100;;SUBMISSION;EMERALDS;SEASHELLS;10007;6
550700;SUBMISSION;;TOMATOES;SEASHELLS;5005;4
551500;SUBMISSION;;EMERALDS;SEASHELLS;9993;5
553700;;SUBMISSION;TOMATOES;SEASHELLS;5011;4
554300;SUBMISSION;;TOMATOES;SEASHELLS;4999;3
555900;SUBMISSION;;TOMATOES;SEASHELLS;5004;11
562200;;SUBMISSION;EMERALDS;SEASHELLS;10007;7
563000;;SUBMISSION;TOMATOES;SEASHELLS;5010;5
563200;SUBMISSION;;TOMATOES;SEASHELLS;5003;7
566200;SUBMISSION;;EMERALDS;SEASHELLS;9993;5
567100;SUBMISSION;;TOMATOES;SEASHELLS;4993;2
568600;SUBMISSION;;TOMATOES;SEASHELLS;4990;4
569000;SUBMISSION;;TOMATOES;SEASHELLS;4994;5
569200;;SUBMISSION;EMERALDS;SEASHELLS;10007;4
569800;;SUBMISSION;TOMATOES;SEASHELLS;4999;11
574200;;SUBMISSION;TOMATOES;SEASHELLS;4997;10
576300;SUBMISSION;;EMERALDS;SEASHELLS;9993;8
576300;;SUBMISSION;TOMATOES;SEASHELLS;5007;4
579600;SUBMISSION;;TOMATOES;SEASHELLS;5003;6
580700;SUBMISSION;;TOMATOES;SEASHELLS;5003;2
587300;SUBMISSION;;TOMATOES;SEASHELLS;4999;9
588900;SUBMISSION;;EMERALDS;SEASHELLS;9993;5
590800;SUBMISSION;;TOMATOES;SEASHELLS;4996;5
591600;SUBMISSION;;TOMATOES;SEASHELLS;4994;3
592000;;SUBMISSION;TOMATOES;SEASHELLS;5005;5
592200;;SUBMISSION;EMERALDS;SEASHELLS;10007;3
593000;;SUBMISSION;TOMATOES;SEASHELLS;5007;2
593200;;SUBMISSION;EMERALDS;SEASHELLS;10007;5
595200;;SUBMISSION;EMERALDS;SEASHELLS;10007;6
596300;SUBMISSION;;EMERALDS;SEASHELLS;9993;3
598100;;SUBMISSION;EMERALDS;SEASHELLS;10007;5
602100;SUBMISSION;;TOMATOES;SEASHELLS;5001;4
602500;;SUBMISSION;TOMATOES;SEASHELLS;5014;3
603300;;SUBMISSION;TOMATOES;SEASHELLS;5016;2
603400;SUBMISSION;;TOMATOES;SEASHELLS;5008;10
604200;SUBMISSION;;TOMATOES;SEASHELLS;5008;8
604600;;SUBMISSION;EMERALDS;SEASHELLS;10007;7
608700;;SUBMISSION;TOMATOES;SEASHELLS;5011;5
609700;SUBMISSION;;TOMATOES;SEASHELLS;4997;2
610200;;SUBMISSION;TOMATOES;SEASHELLS;5006;5
611100;SUBMISSION;;EMERALDS;SEASHELLS;9993;6
611300;;SUBMISSION;TOMATOES;SEASHELLS;5012;4
616700;;SUBMISSION;TOMATOES;SEASHELLS;5002;4
616900;SUBMISSION;;EMERALDS;SEASHELLS;9993;7
617700;SUBMISSION;;TOMATOES;SEASHELLS;4997;9
619000;SUBMISSION;;EMERALDS;SEASHELLS;9993;5
619700;;SUBMISSION;TOMATOES;SEASHELLS;5008;3
622800;SUBMISSION;;TOMATOES;SEASHELLS;5002;10
623300;;SUBMISSION;TOMATOES;SEASHELLS;5003;11
624900;SUBMISSION;;TOMATOES;SEASHELLS;4997;4
625300;SUBMISSION;;TOMATOES;SEASHELLS;4998;10
625800;;SUBMISSION;TOMATOES;SEASHELLS;5007;5
626200;SUBMISSION;;TOMATOES;SEASHELLS;4997;5
626500;;SUBMISSION;TOMATOES;SEASHELLS;5009;4
627400;SUBMISSION;;EMERALDS;SEASHELLS;9993;7
632600;;SUBMISSION;EMERALDS;SEASHELLS;10007;7
633400;SUBMISSION;;EMERALDS;SEASHELLS;9993;4
634400;;SUBMISSION;TOMATOES;SEASHELLS;5006;11
635000;;SUBMISSION;EMERALDS;SEASHELLS;10007;6
636300;SUBMISSION;;EMERALDS;SEASHELLS;9993;8
636900;;SUBMISSION;TOMATOES;SEASHELLS;5013;4
637100;SUBMISSION;;EMERALDS;SEASHELLS;9993;2
638000;SUBMISSION;;TOMATOES;SEASHELLS;5004;7
641000;;SUBMISSION;TOMATOES;SEASHELLS;5007;6
643800;;SUBMISSION;TOMATOES;SEASHELLS;5014;5
645600;;SUBMISSION;TOMATOES;SEASHELLS;5018;5
646000;;SUBMISSION;TOMATOES;SEASHELLS;5019;3
651300;;SUBMISSION;EMERALDS;SEASHELLS;10007;5
652200;;SUBMISSION;TOMATOES;SEASHELLS;5016;9
654000;SUBMISSION;;TOMATOES;SEASHELLS;5018;6
655400;SUBMISSION;;EMERALDS;SEASHELLS;9993;5
655700;SUBMISSION;;TOMATOES;SEASHELLS;5020;11
656600;;SUBMISSION;TOMATOES;SEASHELLS;5020;5
658800;SUBMISSION;;TOMATOES;SEASHELLS;5016;7
660200;;SUBMISSION;TOMATOES;SEASHELLS;5017;7
661500;;SUBMISSION;EMERALDS;SEASHELLS;10007;3
662600;SUBMISSION;;EMERALDS;SEASHELLS;9993;3
663000;;SUBMISSION;EMERALDS;SEASHELLS;10007;8
665700;SUBMISSION;;EMERALDS;SEASHELLS;9993;4
665700;SUBMISSION;;TOMATOES;SEASHELLS;5013;2
666200;;SUBMISSION;TOMATOES;SEASHELLS;5021;6
666400;SUBMISSION;;TOMATOES;SEASHELLS;5021;3
666400;SUBMISSION;;TOMATOES;SEASHELLS;5015;5
668200;SUBMISSION;;TOMATOES;SEASHELLS;5020;11
669400;SUBMISSION;;TOMATOES;SEASHELLS;5012;3
672600;SUBMISSION;;TOMATOES;SEASHELLS;5006;2
673200;;SUBMISSION;TOMATOES;SEASHELLS;5018;5
673800;;SUBMISSION;TOMATOES;SEASHELLS;5014;9
673800;;SUBMISSION;TOMATOES;SEASHELLS;5019;5
674200;;SUBMISSION;TOMATOES;SEASHELLS;5017;5
674500;;SUBMISSION;EMERALDS;SEASHELLS;10007;8
675500;;SUBMISSION;TOMATOES;SEASHELLS;5015;5
676300;;SUBMISSION;TOMATOES;SEASHELLS;5009;9
676900;;SUBMISSION;TOMATOES;SEASHELLS;5009;7
677900;;SUBMISSION;EMERALDS;SEASHELLS;10007;6
678500;SUBMISSION;;EMERALDS;SEASHELLS;9993;6
678800;SUBMISSION;;EMERALDS;SEASHELLS;9993;7
679700;;SUBMISSION;TOMATOES;SEASHELLS;5006;12
681200;SUBMISSION;;TOMATOES;SEASHELLS;5002;2
682000;;SUBMISSION;TOMATOES;SEASHELLS;5008;7
682100;SUBMISSION;;EMERALDS;SEASHELLS;9993;4
682900;;SUBMISSION;TOMATOES;SEASHELLS;5006;8
683400;;SUBMISSION;TOMATOES;SEASHELLS;5005;10
684400;;SUBMISSION;TOMATOES;SEASHELLS;5011;3
684800;SUBMISSION;;TOMATOES;SEASHELLS;5001;5
685300;;SUBMISSION;EMERALDS;SEASHELLS;10007;3
685600;SUBMISSION;;EMERALDS;SEASHELLS;9993;3
686700;SUBMISSION;;TOMATOES;SEASHELLS;4999;3
687300;;SUBMISSION;TOMATOES;SEASHELLS;5009;4
688200;SUBMISSION;;TOMATOES;SEASHELLS;4996;3
689600;SUBMISSION;;TOMATOES;SEASHELLS;4999;6
690000;SUBMISSION;;TOMATOES;SEASHELLS;4993;2
690400;;SUBMISSION;TOMATOES;SEASHELLS;5003;3
691700;SUBMISSION;;TOMATOES;SEASHELLS;4990;4
692800;;SUBMISSION;TOMATOES;SEASHELLS;4996;12
696900;;SUBMISSION;TOMATOES;SEASHELLS;4996;11
697500;SUBMISSION;;TOMATOES;SEASHELLS;4994;11
697900;;SUBMISSION;TOMATOES;SEASHELLS;5001;5
698000;;SUBMISSION;EMERALDS;SEASHELLS;10007;3
698400;SUBMISSION;;TOMATOES;SEASHELLS;4989;3
700100;;SUBMISSION;TOMATOES;SEASHELLS;4995;11
701000;SUBMISSION;;TOMATOES;SEASHELLS;4991;9
701300;SUBMISSION;;TOMATOES;SEASHELLS;4988;5
702600;;SUBMISSION;TOMATOES;SEASHELLS;4999;3
703300;SUBMISSION;;EMERALDS;SEASHELLS;9993;4
709000;SUBMISSION;;TOMATOES;SEASHELLS;4989;3
709100;SUBMISSION;;TOMATOES;SEASHELLS;4990;2
710100;;SUBMISSION;TOMATOES;SEASHELLS;5000;7
711900;SUBMISSION;;TOMATOES;SEASHELLS;4994;4
714600;;SUBMISSION;TOMATOES;SEASHELLS;5002;5
714700;;SUBMISSION;TOMATOES;SEASHELLS;5007;4
714800;;SUBMISSION;TOMATOES;SEASHELLS;5008;4
718100;SUBMISSION;;TOMATOES;SEASHELLS;5005;12
718700;SUBMISSION;;TOMATOES;SEASHELLS;5000;2
719300;SUBMISSION;;TOMATOES;SEASHELLS;5005;6
721700;SUBMISSION;;TOMATOES;SEASHELLS;4999;2
722900;SUBMISSION;;TOMATOES;SEASHELLS;4998;5
723200;;SUBMISSION;TOMATOES;SEASHELLS;5009;4
723300;;SUBMISSION;TOMATOES;SEASHELLS;5003;11
724400;SUBMISSION;;TOMATOES;SEASHELLS;4996;3
726100;SUBMISSION;;TOMATOES;SEASHELLS;5000;12
727800;SUBMISSION;;TOMATOES;SEASHELLS;4997;4
731400;;SUBMISSION;TOMATOES;SEASHELLS;5010;4
731700;;SUBMISSION;EMERALDS;SEASHELLS;10007;4
735200;SUBMISSION;;TOMATOES;SEASHELLS;5003;5
735300;;SUBMISSION;TOMATOES;SEASHELLS;5011;5
737600;;SUBMISSION;TOMATOES;SEASHELLS;5010;4
737700;SUBMISSION;;TOMATOES;SEASHELLS;4998;2
738800;;SUBMISSION;TOMATOES;SEASHELLS;5010;2
739000;SUBMISSION;;TOMATOES;SEASHELLS;4999;4
740700;;SUBMISSION;TOMATOES;SEASHELLS;5009;5
741900;;SUBMISSION;EMERALDS;SEASHELLS;10007;5
743300;SUBMISSION;;TOMATOES;SEASHELLS;5002;9
744900;;SUBMISSION;EMERALDS;SEASHELLS;10007;3
745000;;SUBMISSION;EMERALDS;SEASHELLS;10007;8
745700;;SUBMISSION;TOMATOES;SEASHELLS;5007;2
748000;SUBMISSION;;TOMATOES;SEASHELLS;4996;3
748600;SUBMISSION;;EMERALDS;SEASHELLS;9993;8
750000;SUBMISSION;;TOMATOES;SEASHELLS;4996;2
750300;;SUBMISSION;TOMATOES;SEASHELLS;5002;8
752500;SUBMISSION;;TOMATOES;SEASHELLS;5000;12
753400;SUBMISSION;;TOMATOES;SEASHELLS;4997;4
754400;;SUBMISSION;TOMATOES;SEASHELLS;5002;8
755700;SUBMISSION;;TOMATOES;SEASHELLS;4999;8
757800;;SUBMISSION;TOMATOES;SEASHELLS;5008;3
758400;SUBMISSION;;TOMATOES;SEASHELLS;4998;5
760600;SUBMISSION;;TOMATOES;SEASHELLS;4996;3
761000;;SUBMISSION;EMERALDS;SEASHELLS;10007;8
762900;;SUBMISSION;TOMATOES;SEASHELLS;5008;9
764900;SUBMISSION;;TOMATOES;SEASHELLS;5009;11
766500;;SUBMISSION;EMERALDS;SEASHELLS;10007;3
767000;SUBMISSION;;TOMATOES;SEASHELLS;5006;2
767700;SUBMISSION;;TOMATOES;SEASHELLS;5008;3
767900;SUBMISSION;;TOMATOES;SEASHELLS;5008;3
768400;SUBMISSION;;TOMATOES;SEASHELLS;5008;3
771200;SUBMISSION;;TOMATOES;SEASHELLS;5008;2
773400;;SUBMISSION;TOMATOES;SEASHELLS;5021;4
775500;;SUBMISSION;TOMATOES;SEASHELLS;5023;4
776500;SUBMISSION;;TOMATOES;SEASHELLS;5016;2
777500;;SUBMISSION;TOMATOES;SEASHELLS;5020;12
778600;SUBMISSION;;TOMATOES;SEASHELLS;5013;3
780100;;SUBMISSION;TOMATOES;SEASHELLS;5019;8
780400;SUBMISSION;;TOMATOES;SEASHELLS;5018;5
780900;;SUBMISSION;TOMATOES;SEASHELLS;5025;3
781400;SUBMISSION;;TOMATOES;SEASHELLS;5018;8
782200;SUBMISSION;;TOMATOES;SEASHELLS;5017;7
783400;;SUBMISSION;EMERALDS;SEASHELLS;10007;7
783800;SUBMISSION;;TOMATOES;SEASHELLS;5014;7
784200;;SUBMISSION;TOMATOES;SEASHELLS;5022;3
784400;SUBMISSION;;TOMATOES;SEASHELLS;5014;5
786500;;SUBMISSION;TOMATOES;SEASHELLS;5022;3
792000;;SUBMISSION;EMERALDS;SEASHELLS;10007;4
792200;SUBMISSION;;TOMATOES;SEASHELLS;5016;9
793000;SUBMISSION;;TOMATOES;SEASHELLS;5018;11
793300;;SUBMISSION;TOMATOES;SEASHELLS;5024;5
794800;SUBMISSION;;TOMATOES;SEASHELLS;5015;6
796100;;SUBMISSION;TOMATOES;SEASHELLS;5024;5
797300;;SUBMISSION;TOMATOES;SEASHELLS;5024;2
797800;SUBMISSION;;EMERALDS;SEASHELLS;9993;8
799100;;SUBMISSION;TOMATOES;SEASHELLS;5027;5
799300;SUBMISSION;;TOMATOES;SEASHELLS;5016;4
799600;SUBMISSION;;TOMATOES;SEASHELLS;5019;6
800400;;SUBMISSION;TOMATOES;SEASHELLS;5025;3
803000;;SUBMISSION;TOMATOES;SEASHELLS;5024;3
803200;;SUBMISSION;TOMATOES;SEASHELLS;5018;9
806200;SUBMISSION;;EMERALDS;SEASHELLS;9993;7
806300;SUBMISSION;;TOMATOES;SEASHELLS;5021;2
807500;SUBMISSION;;TOMATOES;SEASHELLS;5020;11
808200;SUBMISSION;;TOMATOES;SEASHELLS;5016;4
808900;SUBMISSION;;EMERALDS;SEASHELLS;9993;3
808900;;SUBMISSION;TOMATOES;SEASHELLS;5023;8
811500;SUBMISSION;;EMERALDS;SEASHELLS;9993;5
811700;SUBMISSION;;TOMATOES;SEASHELLS;5019;7
811900;;SUBMISSION;TOMATOES;SEASHELLS;5026;5
814600;;SUBMISSION;TOMATOES;SEASHELLS;5024;3
815100;;SUBMISSION;TOMATOES;SEASHELLS;5032;5
815300;;SUBMISSION;TOMATOES;SEASHELLS;5033;2
817800;SUBMISSION;;EMERALDS;SEASHELLS;9993;4
818200;SUBMISSION;;TOMATOES;SEASHELLS;5030;7
818800;SUBMISSION;;TOMATOES;SEASHELLS;5025;2
820400;;SUBMISSION;TOMATOES;SEASHELLS;5029;5
822100;SUBMISSION;;EMERALDS;SEASHELLS;9993;4
822100;SUBMISSION;;TOMATOES;SEASHELLS;5024;5
822200;SUBMISSION;;TOMATOES;SEASHELLS;5024;3
822500;;SUBMISSION;EMERALDS;SEASHELLS;10007;7
822700;;SUBMISSION;EMERALDS;SEASHELLS;10007;7
823100;;SUBMISSION;EMERALDS;SEASHELLS;10007;3
824000;SUBMISSION;;EMERALDS;SEASHELLS;9993;6
825300;;SUBMISSION;TOMATOES;SEASHELLS;5033;4
826800;SUBMISSION;;EMERALDS;SEASHELLS;9993;6
829300;SUBMISSION;;TOMATOES;SEASHELLS;5019;3
830400;;SUBMISSION;TOMATOES;SEASHELLS;5031;4
831200;;SUBMISSION;TOMATOES;SEASHELLS;5027;10
832400;SUBMISSION;;TOMATOES;SEASHELLS;5021;5
832800;SUBMISSION;;TOMATOES;SEASHELLS;5021;6
833200;SUBMISSION;;TOMATOES;SEASHELLS;5017;3
833500;;SUBMISSION;TOMATOES;SEASHELLS;5030;5
834400;;SUBMISSION;TOMATOES;SEASHELLS;5023;8
834700;;SUBMISSION;EMERALDS;SEASHELLS;10007;8
835200;SUBMISSION;;TOMATOES;SEASHELLS;5020;8
835800;SUBMISSION;;TOMATOES;SEASHELLS;5022;5
837600;;SUBMISSION;EMERALDS;SEASHELLS;10007;7
837800;SUBMISSION;;TOMATOES;SEASHELLS;5017;6
839200;;SUBMISSION;EMERALDS;SEASHELLS;10007;3
843600;SUBMISSION;;TOMATOES;SEASHELLS;5018;2
845200;SUBMISSION;;TOMATOES;SEASHELLS;5012;2
845400;SUBMISSION;;TOMATOES;SEASHELLS;5016;6
846300;SUBMISSION;;TOMATOES;SEASHELLS;5012;2
846400;SUBMISSION;;TOMATOES;SEASHELLS;5012;4
847300;SUBMISSION;;TOMATOES;SEASHELLS;5016;12
848000;;SUBMISSION;EMERALDS;SEASHELLS;10007;7
848300;SUBMISSION;;TOMATOES;SEASHELLS;5012;5
848700;;SUBMISSION;TOMATOES;SEASHELLS;5020;12
849500;SUBMISSION;;EMERALDS;SEASHELLS;9993;6
851000;;SUBMISSION;EMERALDS;SEASHELLS;10007;7
851300;SUBMISSION;;TOMATOES;SEASHELLS;5016;5
853700;;SUBMISSION;TOMATOES;SEASHELLS;5028;5
855100;SUBMISSION;;TOMATOES;SEASHELLS;5018;4
856000;;SUBMISSION;TOMATOES;SEASHELLS;5031;2
856600;;SUBMISSION;TOMATOES;SEASHELLS;5031;4
858500;;SUBMISSION;TOMATOES;SEASHELLS;5032;5
860200;SUBMISSION;;TOMATOES;SEASHELLS;5020;2
860400;;SUBMISSION;TOMATOES;SEASHELLS;5032;5
861500;SUBMISSION;;TOMATOES;SEASHELLS;5021;3
862300;SUBMISSION;;TOMATOES;SEASHELLS;5022;5
864100;SUBMISSION;;TOMATOES;SEASHELLS;5024;5
864500;SUBMISSION;;TOMATOES;SEASHELLS;5028;6
864900;SUBMISSION;;EMERALDS;SEASHELLS;9993;5
864900;;SUBMISSION;TOMATOES;SEASHELLS;5037;4
867600;;SUBMISSION;TOMATOES;SEASHELLS;5031;11
867700;;SUBMISSION;TOMATOES;SEASHELLS;5037;5
868200;SUBMISSION;;EMERALDS;SEASHELLS;9993;5
868300;;SUBMISSION;TOMATOES;SEASHELLS;5038;5
868400;SUBMISSION;;TOMATOES;SEASHELLS;5031;9
868600;SUBMISSION;;TOMATOES;SEASHELLS;5026;4
868700;SUBMISSION;;TOMATOES;SEASHELLS;5031;5
868900;SUBMISSION;;TOMATOES;SEASHELLS;5030;7
870100;SUBMISSION;;TOMATOES;SEASHELLS;5026;12
870400;;SUBMISSION;EMERALDS;SEASHELLS;10007;7
870900;SUBMISSION;;TOMATOES;SEASHELLS;5024;3
873300;;SUBMISSION;TOMATOES;SEASHELLS;5032;3
874800;SUBMISSION;;TOMATOES;SEASHELLS;5027;3
875100;;SUBMISSION;TOMATOES;SEASHELLS;5027;12
876000;SUBMISSION;;TOMATOES;SEASHELLS;5019;2
878100;;SUBMISSION;TOMATOES;SEASHELLS;5021;6
884000;SUBMISSION;;TOMATOES;SEASHELLS;5022;2
884100;SUBMISSION;;TOMATOES;SEASHELLS;5022;4
884300;SUBMISSION;;TOMATOES;SEASHELLS;5026;10
886600;;SUBMISSION;TOMATOES;SEASHELLS;5035;2
889100;SUBMISSION;;TOMATOES;SEASHELLS;5023;2
891200;;SUBMISSION;EMERALDS;SEASHELLS;10007;8
894700;;SUBMISSION;TOMATOES;SEASHELLS;5037;5
895400;SUBMISSION;;TOMATOES;SEASHELLS;5032;5
898100;;SUBMISSION;TOMATOES;SEASHELLS;5039;4
898300;;SUBMISSION;TOMATOES;SEASHELLS;5039;4
900000;;SUBMISSION;TOMATOES;SEASHELLS;5036;3
901700;SUBMISSION;;TOMATOES;SEASHELLS;5025;3
902600;SUBMISSION;;TOMATOES;SEASHELLS;5025;2
903400;;SUBMISSION;TOMATOES;SEASHELLS;5030;8
906300;;SUBMISSION;TOMATOES;SEASHELLS;5036;5
906500;;SUBMISSION;TOMATOES;SEASHELLS;5037;3
909200;;SUBMISSION;TOMATOES;SEASHELLS;5026;6
909600;;SUBMISSION;EMERALDS;SEASHELLS;10007;3
910000;SUBMISSION;;TOMATOES;SEASHELLS;5021;4
910800;SUBMISSION;;TOMATOES;SEASHELLS;5021;4
912100;SUBMISSION;;TOMATOES;SEASHELLS;5018;3
913500;SUBMISSION;;TOMATOES;SEASHELLS;5016;5
915800;SUBMISSION;;TOMATOES;SEASHELLS;5018;11
916900;SUBMISSION;;TOMATOES;SEASHELLS;5020;1
917600;;SUBMISSION;TOMATOES;SEASHELLS;5021;8
919800;;SUBMISSION;EMERALDS;SEASHELLS;10007;3
923000;SUBMISSION;;TOMATOES;SEASHELLS;5020;2
925800;;SUBMISSION;TOMATOES;SEASHELLS;5026;11
927000;SUBMISSION;;TOMATOES;SEASHELLS;5024;6
927400;SUBMISSION;;EMERALDS;SEASHELLS;9993;5
928500;SUBMISSION;;TOMATOES;SEASHELLS;5024;5
928900;SUBMISSION;;TOMATOES;SEASHELLS;5021;5
932900;;SUBMISSION;EMERALDS;SEASHELLS;10007;5
936000;SUBMISSION;;TOMATOES;SEASHELLS;5024;1
937200;;SUBMISSION;TOMATOES;SEASHELLS;5031;4
940200;;SUBMISSION;EMERALDS;SEASHELLS;10007;7
941100;SUBMISSION;;TOMATOES;SEASHELLS;5020;4
942400;SUBMISSION;;EMERALDS;SEASHELLS;9993;6
943600;SUBMISSION;;EMERALDS;SEASHELLS;9993;6
945100;;SUBMISSION;TOMATOES;SEASHELLS;5027;4
947200;;SUBMISSION;EMERALDS;SEASHELLS;10007;4
949400;;SUBMISSION;EMERALDS;SEASHELLS;10007;6
949800;;SUBMISSION;TOMATOES;SEASHELLS;5019;5
950000;;SUBMISSION;EMERALDS;SEASHELLS;10007;8
950300;SUBMISSION;;TOMATOES;SEASHELLS;5009;2
950600;SUBMISSION;;TOMATOES;SEASHELLS;5007;2
951900;SUBMISSION;;TOMATOES;SEASHELLS;5009;4
952400;SUBMISSION;;EMERALDS;SEASHELLS;9993;6
953800;SUBMISSION;;TOMATOES;SEASHELLS;5011;1
954600;;SUBMISSION;EMERALDS;SEASHELLS;10007;5
955200;;SUBMISSION;TOMATOES;SEASHELLS;5011;9
957400;;SUBMISSION;EMERALDS;SEASHELLS;10007;8
957800;;SUBMISSION;TOMATOES;SEASHELLS;5019;2
958200;SUBMISSION;;TOMATOES;SEASHELLS;5008;4
960300;;SUBMISSION;EMERALDS;SEASHELLS;10007;4
961000;;SUBMISSION;TOMATOES;SEASHELLS;5016;5
961100;SUBMISSION;;TOMATOES;SEASHELLS;5004;5
962500;;SUBMISSION;TOMATOES;SEASHELLS;5011;7
962800;SUBMISSION;;TOMATOES;SEASHELLS;5004;2
965400;SUBMISSION;;TOMATOES;SEASHELLS;5003;4
965500;;SUBMISSION;TOMATOES;SEASHELLS;5010;8
966900;;SUBMISSION;EMERALDS;SEASHELLS;10007;6
968300;;SUBMISSION;TOMATOES;SEASHELLS;5014;4
969000;;SUBMISSION;EMERALDS;SEASHELLS;10007;3
969000;;SUBMISSION;TOMATOES;SEASHELLS;5015;2
969200;SUBMISSION;;TOMATOES;SEASHELLS;5009;5
969800;;SUBMISSION;TOMATOES;SEASHELLS;5016;2
970000;SUBMISSION;;TOMATOES;SEASHELLS;5009;11
972100;SUBMISSION;;TOMATOES;SEASHELLS;5011;6
972700;;SUBMISSION;TOMATOES;SEASHELLS;5015;2
973400;;SUBMISSION;TOMATOES;SEASHELLS;5015;3
973600;SUBMISSION;;TOMATOES;SEASHELLS;5004;2
974400;SUBMISSION;;TOMATOES;SEASHELLS;5008;5
980300;;SUBMISSION;TOMATOES;SEASHELLS;5018;3
983300;;SUBMISSION;TOMATOES;SEASHELLS;5010;12
984300;;SUBMISSION;TOMATOES;SEASHELLS;5009;11
984600;SUBMISSION;;TOMATOES;SEASHELLS;5010;2
985400;;SUBMISSION;TOMATOES;SEASHELLS;5015;2
985800;;SUBMISSION;TOMATOES;SEASHELLS;5014;2
986100;SUBMISSION;;TOMATOES;SEASHELLS;5003;5
988600;SUBMISSION;;TOMATOES;SEASHELLS;5005;5
989300;;SUBMISSION;TOMATOES;SEASHELLS;5016;2
991500;;SUBMISSION;TOMATOES;SEASHELLS;5016;2
991700;SUBMISSION;;TOMATOES;SEASHELLS;5005;4
995000;SUBMISSION;;TOMATOES;SEASHELLS;5010;3
995500;;SUBMISSION;TOMATOES;SEASHELLS;5011;7
995700;;SUBMISSION;TOMATOES;SEASHELLS;5012;11
998000;SUBMISSION;;TOMATOES;SEASHELLS;5009;4
