timestamp;buyer;seller;symbol;currency;price;quantity
5200;;SUBMISSION;VELVETFRUIT_EXTRACT;SEASHELLS;5251;18
5300;;SUBMISSION;VEV_4000;SEASHELLS;1259;2
6100;;SUBMISSION;VELVETFRUIT_EXTRACT;SEASHELLS;5254;3
6500;SUBMISSION;;HYDROGEL_PACK;SEASHELLS;9944;4
6500;SUBMISSION;;HYDROGEL_PACK;SEASHELLS;9953;12
6800;SUBMISSION;;HYDROGEL_PACK;SEASHELLS;9952;12
6900;SUBMISSION;;HYDROGEL_PACK;SEASHELLS;9952;11
7800;SUBMISSION;;HYDROGEL_PACK;SEASHELLS;9952;15
8300;SUBMISSION;;HYDROGEL_PACK;SEASHELLS;9950;15
8300;SUBMISSION;;HYDROGEL_PACK;SEASHELLS;9952;28
8400;SUBMISSION;;HYDROGEL_PACK;SEASHELLS;9949;11
8400;SUBMISSION;;HYDROGEL_PACK;SEASHELLS;9952;29
8500;SUBMISSION;;HYDROGEL_PACK;SEASHELLS;9947;14
8500;SUBMISSION;;HYDROGEL_PACK;SEASHELLS;9950;25
8600;SUBMISSION;;HYDROGEL_PACK;SEASHELLS;9946;13
8600;SUBMISSION;;HYDROGEL_PACK;SEASHELLS;9948;11
9400;SUBMISSION;;VELVETFRUIT_EXTRACT;SEASHELLS;5244;14
9400;SUBMISSION;;VELVETFRUIT_EXTRACT;SEASHELLS;5244;8
9500;SUBMISSION;;VELVETFRUIT_EXTRACT;SEASHELLS;5245;6
10300;SUBMISSION;;VELVETFRUIT_EXTRACT;SEASHELLS;5242;13
10400;SUBMISSION;;VELVETFRUIT_EXTRACT;SEASHELLS;5240;12
10400;SUBMISSION;;VELVETFRUIT_EXTRACT;SEASHELLS;5244;65
10400;SUBMISSION;;VELVETFRUIT_EXTRACT;SEASHELLS;5240;12
10500;SUBMISSION;;VELVETFRUIT_EXTRACT;SEASHELLS;5244;21
10600;SUBMISSION;;VELVETFRUIT_EXTRACT;SEASHELLS;5244;18
10700;SUBMISSION;;VELVETFRUIT_EXTRACT;SEASHELLS;5244;22
11500;SUBMISSION;;VELVETFRUIT_EXTRACT;SEASHELLS;5244;24
11600;SUBMISSION;;VELVETFRUIT_EXTRACT;SEASHELLS;5244;6
15000;;SUBMISSION;HYDROGEL_PACK;SEASHELLS;9965;4
16700;SUBMISSION;;VEV_4000;SEASHELLS;1226;2
17200;SUBMISSION;;HYDROGEL_PACK;SEASHELLS;9951;4
17300;SUBMISSION;;VEV_4000;SEASHELLS;1226;1
17900;;SUBMISSION;VEV_4000;SEASHELLS;1238;1
25700;;SUBMISSION;VEV_4000;SEASHELLS;1236;3
36200;;SUBMISSION;VEV_4000;SEASHELLS;1239;3
50200;SUBMISSION;;VEV_4000;SEASHELLS;1241;2
50300;;SUBMISSION;VEV_4000;SEASHELLS;1252;3
53800;;SUBMISSION;VEV_4000;SEASHELLS;1250;2
54400;SUBMISSION;;VEV_4000;SEASHELLS;1239;3
57600;;SUBMISSION;VEV_4000;SEASHELLS;1252;3
61100;;SUBMISSION;HYDROGEL_PACK;SEASHELLS;9960;2
61400;;SUBMISSION;HYDROGEL_PACK;SEASHELLS;9961;2
62400;SUBMISSION;;HYDROGEL_PACK;SEASHELLS;9948;4
62600;;SUBMISSION;VEV_4000;SEASHELLS;1249;1
63100;;SUBMISSION;VEV_4000;SEASHELLS;1247;3
64200;;SUBMISSION;VELVETFRUIT_EXTRACT;SEASHELLS;5244;6
65700;SUBMISSION;;VELVETFRUIT_EXTRACT;SEASHELLS;5241;6
67300;;SUBMISSION;VELVETFRUIT_EXTRACT;SEASHELLS;5244;20
67700;;SUBMISSION;VELVETFRUIT_EXTRACT;SEASHELLS;5249;4
68000;;SUBMISSION;VEV_4000;SEASHELLS;1253;2
70500;SUBMISSION;;VEV_4000;SEASHELLS;1237;1
71600;SUBMISSION;;VELVETFRUIT_EXTRACT;SEASHELLS;5240;5
71800;SUBMISSION;;VELVETFRUIT_EXTRACT;SEASHELLS;5240;7
72800;SUBMISSION;;VELVETFRUIT_EXTRACT;SEASHELLS;5240;12
76600;;SUBMISSION;HYDROGEL_PACK;SEASHELLS;9994;3
78300;SUBMISSION;;VEV_4000;SEASHELLS;1234;3
78500;;SUBMISSION;HYDROGEL_PACK;SEASHELLS;9999;4
79800;;SUBMISSION;HYDROGEL_PACK;SEASHELLS;9993;6
81700;;SUBMISSION;HYDROGEL_PACK;SEASHELLS;9979;3
81900;;SUBMISSION;HYDROGEL_PACK;SEASHELLS;9977;2
82300;;SUBMISSION;HYDROGEL_PACK;SEASHELLS;9976;3
84300;;SUBMISSION;VEV_4000;SEASHELLS;1238;1
88500;;SUBMISSION;VELVETFRUIT_EXTRACT;SEASHELLS;5241;6
89300;SUBMISSION;;VEV_4000;SEASHELLS;1237;3
91100;;SUBMISSION;VELVETFRUIT_EXTRACT;SEASHELLS;5243;6
92000;;SUBMISSION;VELVETFRUIT_EXTRACT;SEASHELLS;5242;8
92100;SUBMISSION;;HYDROGEL_PACK;SEASHELLS;9956;4
93700;;SUBMISSION;VELVETFRUIT_EXTRACT;SEASHELLS;5245;6
93800;;SUBMISSION;VELVETFRUIT_EXTRACT;SEASHELLS;5245;7
94400;;SUBMISSION;HYDROGEL_PACK;SEASHELLS;9973;4
97100;SUBMISSION;;HYDROGEL_PACK;SEASHELLS;9951;2
98600;;SUBMISSION;HYDROGEL_PACK;SEASHELLS;9961;2
99900;SUBMISSION;;HYDROGEL_PACK;SEASHELLS;9951;10
100500;;SUBMISSION;VELVETFRUIT_EXTRACT;SEASHELLS;5247;4
100800;SUBMISSION;;HYDROGEL_PACK;SEASHELLS;9952;11
102500;SUBMISSION;;VEV_4000;SEASHELLS;1240;1
102800;SUBMISSION;;VEV_4000;SEASHELLS;1241;1
104400;;SUBMISSION;VELVETFRUIT_EXTRACT;SEASHELLS;5251;6
106000;;SUBMISSION;VEV_5100;SEASHELLS;173;30
106300;;SUBMISSION;VEV_5100;SEASHELLS;174;12
106300;;SUBMISSION;VEV_5100;SEASHELLS;173;12
106400;;SUBMISSION;VEV_5100;SEASHELLS;173;24
106500;;SUBMISSION;VEV_5100;SEASHELLS;174;25
106600;;SUBMISSION;VEV_5100;SEASHELLS;173;30
106700;;SUBMISSION;VEV_5100;SEASHELLS;173;30
106800;;SUBMISSION;VEV_5100;SEASHELLS;174;12
106800;;SUBMISSION;VEV_5100;SEASHELLS;173;14
106900;;SUBMISSION;VEV_5100;SEASHELLS;173;30
107000;;SUBMISSION;VEV_5100;SEASHELLS;173;30
107100;;SUBMISSION;VEV_5100;SEASHELLS;174;21
107200;;SUBMISSION;VEV_4000;SEASHELLS;1252;15
107200;;SUBMISSION;VEV_4000;SEASHELLS;1249;15
107200;;SUBMISSION;VEV_4500;SEASHELLS;754;12
107200;;SUBMISSION;VEV_4500;SEASHELLS;752;18
107200;;SUBMISSION;VEV_5000;SEASHELLS;264;12
107200;;SUBMISSION;VEV_5000;SEASHELLS;263;18
107200;;SUBMISSION;VEV_5100;SEASHELLS;176;25
107200;;SUBMISSION;VEV_5200;SEASHELLS;104;30
107200;;SUBMISSION;VEV_5300;SEASHELLS;52;24
107200;;SUBMISSION;VEV_5400;SEASHELLS;19;24
107300;;SUBMISSION;VEV_4000;SEASHELLS;1252;15
107300;;SUBMISSION;VEV_4000;SEASHELLS;1249;15
107300;;SUBMISSION;VEV_4500;SEASHELLS;754;8
107300;;SUBMISSION;VEV_4500;SEASHELLS;752;15
107300;;SUBMISSION;VEV_5000;SEASHELLS;264;23
107300;;SUBMISSION;VEV_5200;SEASHELLS;104;23
107300;;SUBMISSION;VEV_5300;SEASHELLS;52;26
107300;;SUBMISSION;VEV_5400;SEASHELLS;19;26
107400;;SUBMISSION;VEV_4000;SEASHELLS;1252;10
107400;;SUBMISSION;VEV_4000;SEASHELLS;1250;20
107400;;SUBMISSION;VEV_4500;SEASHELLS;755;6
107400;;SUBMISSION;VEV_4500;SEASHELLS;753;13
107400;;SUBMISSION;VEV_5000;SEASHELLS;265;6
107400;;SUBMISSION;VEV_5000;SEASHELLS;264;13
107400;;SUBMISSION;VEV_5200;SEASHELLS;104;19
107400;;SUBMISSION;VEV_5300;SEASHELLS;52;21
107400;;SUBMISSION;VEV_5400;SEASHELLS;19;21
107500;;SUBMISSION;VEV_4000;SEASHELLS;1252;12
107500;;SUBMISSION;VEV_4000;SEASHELLS;1249;18
107500;;SUBMISSION;VEV_4500;SEASHELLS;754;6
107500;;SUBMISSION;VEV_4500;SEASHELLS;752;20
107500;;SUBMISSION;VEV_5000;SEASHELLS;264;6
107500;;SUBMISSION;VEV_5000;SEASHELLS;263;20
107500;;SUBMISSION;VEV_5200;SEASHELLS;104;26
107500;;SUBMISSION;VEV_5300;SEASHELLS;52;8
107500;;SUBMISSION;VEV_5300;SEASHELLS;51;13
107600;;SUBMISSION;VEV_4000;SEASHELLS;1251;7
107600;;SUBMISSION;VEV_4000;SEASHELLS;1248;15
107600;;SUBMISSION;VEV_4500;SEASHELLS;753;10
107600;;SUBMISSION;VEV_4500;SEASHELLS;751;13
107600;;SUBMISSION;VEV_5000;SEASHELLS;263;23
107600;;SUBMISSION;VEV_5200;SEASHELLS;103;23
107700;;SUBMISSION;VEV_4000;SEASHELLS;1252;9
107700;;SUBMISSION;VEV_4000;SEASHELLS;1250;17
107700;;SUBMISSION;VEV_4500;SEASHELLS;755;12
107700;;SUBMISSION;VEV_4500;SEASHELLS;753;13
107700;;SUBMISSION;VEV_5000;SEASHELLS;264;25
107700;;SUBMISSION;VEV_5200;SEASHELLS;104;25
107700;;SUBMISSION;VEV_5300;SEASHELLS;52;19
107700;;SUBMISSION;VEV_5400;SEASHELLS;19;19
107800;;SUBMISSION;VEV_4000;SEASHELLS;1253;14
107800;;SUBMISSION;VEV_4000;SEASHELLS;1250;16
107800;;SUBMISSION;VEV_4500;SEASHELLS;755;11
107800;;SUBMISSION;VEV_4500;SEASHELLS;753;19
107800;;SUBMISSION;VEV_5000;SEASHELLS;265;11
107800;;SUBMISSION;VEV_5000;SEASHELLS;264;19
107800;;SUBMISSION;VEV_5200;SEASHELLS;104;30
107800;;SUBMISSION;VEV_5300;SEASHELLS;52;17
107800;;SUBMISSION;VEV_5400;SEASHELLS;19;17
107900;;SUBMISSION;VELVETFRUIT_EXTRACT;SEASHELLS;5266;3
107900;;SUBMISSION;VEV_4000;SEASHELLS;1253;7
107900;;SUBMISSION;VEV_4000;SEASHELLS;1251;23
107900;;SUBMISSION;VEV_4500;SEASHELLS;756;9
107900;;SUBMISSION;VEV_4500;SEASHELLS;754;18
107900;;SUBMISSION;VEV_5000;SEASHELLS;266;9
107900;;SUBMISSION;VEV_5000;SEASHELLS;265;18
107900;;SUBMISSION;VEV_5200;SEASHELLS;105;27
107900;;SUBMISSION;VEV_5300;SEASHELLS;52;20
107900;;SUBMISSION;VEV_5400;SEASHELLS;19;20
108000;;SUBMISSION;VEV_4000;SEASHELLS;1252;11
108000;;SUBMISSION;VEV_4000;SEASHELLS;1250;19
108000;;SUBMISSION;VEV_4500;SEASHELLS;755;11
108000;;SUBMISSION;VEV_4500;SEASHELLS;753;12
108000;;SUBMISSION;VEV_5000;SEASHELLS;264;23
108000;;SUBMISSION;VEV_5200;SEASHELLS;104;23
108000;;SUBMISSION;VEV_5300;SEASHELLS;52;21
108000;;SUBMISSION;VEV_5400;SEASHELLS;19;21
108100;;SUBMISSION;VEV_4000;SEASHELLS;1251;13
108100;;SUBMISSION;VEV_4000;SEASHELLS;1249;17
108100;;SUBMISSION;VEV_4500;SEASHELLS;754;10
108100;;SUBMISSION;VEV_4500;SEASHELLS;752;20
108100;;SUBMISSION;VEV_5000;SEASHELLS;264;10
108100;;SUBMISSION;VEV_5000;SEASHELLS;263;20
108100;;SUBMISSION;VEV_5200;SEASHELLS;104;10
108100;;SUBMISSION;VEV_5200;SEASHELLS;103;20
108100;;SUBMISSION;VEV_5300;SEASHELLS;52;5
108100;;SUBMISSION;VEV_5300;SEASHELLS;51;19
108200;;SUBMISSION;VEV_4500;SEASHELLS;755;6
108200;;SUBMISSION;VEV_4500;SEASHELLS;753;15
108200;;SUBMISSION;VEV_5000;SEASHELLS;265;6
108200;;SUBMISSION;VEV_5000;SEASHELLS;264;15
108200;;SUBMISSION;VEV_5200;SEASHELLS;105;6
108200;;SUBMISSION;VEV_5200;SEASHELLS;104;15
108200;;SUBMISSION;VEV_5300;SEASHELLS;52;26
108200;;SUBMISSION;VEV_5400;SEASHELLS;19;26
108300;;SUBMISSION;VEV_4500;SEASHELLS;754;10
108300;;SUBMISSION;VEV_4500;SEASHELLS;752;8
108300;;SUBMISSION;VEV_5000;SEASHELLS;264;10
108300;;SUBMISSION;VEV_5000;SEASHELLS;263;8
108300;;SUBMISSION;VEV_5200;SEASHELLS;104;10
108300;;SUBMISSION;VEV_5200;SEASHELLS;103;8
108300;;SUBMISSION;VEV_5400;SEASHELLS;19;17
108400;;SUBMISSION;VEV_5300;SEASHELLS;53;3
108400;;SUBMISSION;VEV_5300;SEASHELLS;52;22
108400;;SUBMISSION;VEV_5400;SEASHELLS;20;3
108400;;SUBMISSION;VEV_5400;SEASHELLS;19;22
108500;;SUBMISSION;VEV_5300;SEASHELLS;53;22
108500;;SUBMISSION;VEV_5400;SEASHELLS;20;22
108600;;SUBMISSION;VEV_5300;SEASHELLS;53;5
108600;;SUBMISSION;VEV_5300;SEASHELLS;52;12
108600;;SUBMISSION;VEV_5400;SEASHELLS;20;5
108600;;SUBMISSION;VEV_5400;SEASHELLS;19;12
108700;;SUBMISSION;VEV_5300;SEASHELLS;53;9
108700;;SUBMISSION;VEV_5300;SEASHELLS;52;3
108700;;SUBMISSION;VEV_5400;SEASHELLS;20;9
108700;;SUBMISSION;VEV_5400;SEASHELLS;19;18
108800;;SUBMISSION;VEV_5400;SEASHELLS;20;13
108800;;SUBMISSION;VEV_5500;SEASHELLS;9;18
108900;;SUBMISSION;VEV_5500;SEASHELLS;9;26
109000;;SUBMISSION;VELVETFRUIT_EXTRACT;SEASHELLS;5264;23
109000;;SUBMISSION;VELVETFRUIT_EXTRACT;SEASHELLS;5264;7
109000;;SUBMISSION;VEV_5500;SEASHELLS;9;29
109100;;SUBMISSION;VEV_5500;SEASHELLS;9;25
109200;;SUBMISSION;VEV_5500;SEASHELLS;9;6
109200;;SUBMISSION;VEV_5500;SEASHELLS;8;12
109300;;SUBMISSION;VEV_5500;SEASHELLS;9;18
109400;;SUBMISSION;VEV_5500;SEASHELLS;9;27
109500;;SUBMISSION;VEV_5500;SEASHELLS;9;24
109600;;SUBMISSION;VEV_5500;SEASHELLS;9;26
109700;;SUBMISSION;VEV_5500;SEASHELLS;9;16
109800;;SUBMISSION;VEV_5500;SEASHELLS;9;20
109900;;SUBMISSION;VEV_5500;SEASHELLS;9;22
110000;;SUBMISSION;VEV_5500;SEASHELLS;9;26
119400;;SUBMISSION;HYDROGEL_PACK;SEASHELLS;9961;3
125600;;SUBMISSION;VELVETFRUIT_EXTRACT;SEASHELLS;5264;3
129100;;SUBMISSION;VEV_4000;SEASHELLS;1270;3
129500;;SUBMISSION;HYDROGEL_PACK;SEASHELLS;9966;6
129800;SUBMISSION;;HYDROGEL_PACK;SEASHELLS;9952;4
130800;SUBMISSION;;HYDROGEL_PACK;SEASHELLS;9947;5
132600;;SUBMISSION;VELVETFRUIT_EXTRACT;SEASHELLS;5262;10
133100;SUBMISSION;;VEV_4000;SEASHELLS;1258;3
135200;;SUBMISSION;VELVETFRUIT_EXTRACT;SEASHELLS;5263;8
137000;SUBMISSION;;VEV_4000;SEASHELLS;1257;3
137300;SUBMISSION;;VEV_4000;SEASHELLS;1256;3
137600;;SUBMISSION;VEV_4000;SEASHELLS;1264;3
138100;;SUBMISSION;HYDROGEL_PACK;SEASHELLS;9958;2
139700;;SUBMISSION;VELVETFRUIT_EXTRACT;SEASHELLS;5256;8
140000;;SUBMISSION;VELVETFRUIT_EXTRACT;SEASHELLS;5260;5
140100;;SUBMISSION;VELVETFRUIT_EXTRACT;SEASHELLS;5259;4
141000;;SUBMISSION;VELVETFRUIT_EXTRACT;SEASHELLS;5259;4
142000;;SUBMISSION;VELVETFRUIT_EXTRACT;SEASHELLS;5261;6
145600;;SUBMISSION;HYDROGEL_PACK;SEASHELLS;9961;5
146500;;SUBMISSION;HYDROGEL_PACK;SEASHELLS;9962;6
147300;;SUBMISSION;VEV_4000;SEASHELLS;1257;3
147900;SUBMISSION;;VEV_4000;SEASHELLS;1261;1
148000;;SUBMISSION;HYDROGEL_PACK;SEASHELLS;9971;3
148000;;SUBMISSION;VEV_4000;SEASHELLS;1257;1
148800;;SUBMISSION;VELVETFRUIT_EXTRACT;SEASHELLS;5262;21
150700;;SUBMISSION;VELVETFRUIT_EXTRACT;SEASHELLS;5267;7
151100;SUBMISSION;;HYDROGEL_PACK;SEASHELLS;9946;4
151200;SUBMISSION;;HYDROGEL_PACK;SEASHELLS;9945;6
152700;SUBMISSION;;HYDROGEL_PACK;SEASHELLS;9945;5
154100;SUBMISSION;;VEV_4000;SEASHELLS;1247;3
155900;;SUBMISSION;HYDROGEL_PACK;SEASHELLS;9965;4
156000;SUBMISSION;;VELVETFRUIT_EXTRACT;SEASHELLS;5250;15
156200;SUBMISSION;;VELVETFRUIT_EXTRACT;SEASHELLS;5250;15
156200;SUBMISSION;;VEV_4000;SEASHELLS;1242;1
156300;SUBMISSION;;VELVETFRUIT_EXTRACT;SEASHELLS;5250;56
156400;SUBMISSION;;HYDROGEL_PACK;SEASHELLS;9950;5
156400;SUBMISSION;;VELVETFRUIT_EXTRACT;SEASHELLS;5249;19
156400;SUBMISSION;;VELVETFRUIT_EXTRACT;SEASHELLS;5250;34
156600;SUBMISSION;;VELVETFRUIT_EXTRACT;SEASHELLS;5250;13
163300;;SUBMISSION;VELVETFRUIT_EXTRACT;SEASHELLS;5253;10
164000;SUBMISSION;;VELVETFRUIT_EXTRACT;SEASHELLS;5252;5
164300;;SUBMISSION;HYDROGEL_PACK;SEASHELLS;9972;5
165500;SUBMISSION;;VELVETFRUIT_EXTRACT;SEASHELLS;5251;4
167600;SUBMISSION;;VELVETFRUIT_EXTRACT;SEASHELLS;5250;1
167600;SUBMISSION;;VEV_4000;SEASHELLS;1247;2
168500;;SUBMISSION;VEV_4000;SEASHELLS;1256;2
168700;;SUBMISSION;VEV_4000;SEASHELLS;1255;1
170900;;SUBMISSION;VEV_4000;SEASHELLS;1255;3
171400;;SUBMISSION;HYDROGEL_PACK;SEASHELLS;9991;6
172400;SUBMISSION;;VEV_4000;SEASHELLS;1243;1
174200;;SUBMISSION;HYDROGEL_PACK;SEASHELLS;9987;5
174400;;SUBMISSION;HYDROGEL_PACK;SEASHELLS;9990;6
184200;;SUBMISSION;VEV_4000;SEASHELLS;1246;3
185600;;SUBMISSION;HYDROGEL_PACK;SEASHELLS;10023;12
185600;;SUBMISSION;HYDROGEL_PACK;SEASHELLS;10020;23
185700;;SUBMISSION;HYDROGEL_PACK;SEASHELLS;10023;14
185700;;SUBMISSION;HYDROGEL_PACK;SEASHELLS;10021;29
185800;;SUBMISSION;HYDROGEL_PACK;SEASHELLS;10024;13
185800;;SUBMISSION;HYDROGEL_PACK;SEASHELLS;10022;24
185800;;SUBMISSION;HYDROGEL_PACK;SEASHELLS;10039;4
185900;;SUBMISSION;HYDROGEL_PACK;SEASHELLS;10024;12
185900;;SUBMISSION;HYDROGEL_PACK;SEASHELLS;10021;23
186000;;SUBMISSION;HYDROGEL_PACK;SEASHELLS;10023;15
186000;;SUBMISSION;HYDROGEL_PACK;SEASHELLS;10020;27
187300;SUBMISSION;;VEV_5200;SEASHELLS;87;27
187400;SUBMISSION;;VEV_5200;SEASHELLS;87;27
187500;SUBMISSION;;VEV_5100;SEASHELLS;154;9
187500;SUBMISSION;;VEV_5100;SEASHELLS;155;18
187500;SUBMISSION;;VEV_5200;SEASHELLS;87;27
187600;SUBMISSION;;VEV_5200;SEASHELLS;87;30
187700;SUBMISSION;;VEV_5100;SEASHELLS;154;19
187700;SUBMISSION;;VEV_5200;SEASHELLS;86;6
187700;SUBMISSION;;VEV_5200;SEASHELLS;87;13
187800;SUBMISSION;;VEV_5100;SEASHELLS;154;22
187800;SUBMISSION;;VEV_5200;SEASHELLS;86;6
187800;SUBMISSION;;VEV_5200;SEASHELLS;87;16
187900;SUBMISSION;;VEV_5100;SEASHELLS;154;6
187900;SUBMISSION;;VEV_5100;SEASHELLS;155;20
188000;SUBMISSION;;VEV_5100;SEASHELLS;154;9
188000;SUBMISSION;;VEV_5100;SEASHELLS;155;15
188100;SUBMISSION;;VEV_5100;SEASHELLS;154;21
188200;;SUBMISSION;HYDROGEL_PACK;SEASHELLS;10022;15
188200;;SUBMISSION;HYDROGEL_PACK;SEASHELLS;10020;27
188300;SUBMISSION;;VEV_5100;SEASHELLS;154;8
188300;SUBMISSION;;VEV_5100;SEASHELLS;155;20
188700;;SUBMISSION;HYDROGEL_PACK;SEASHELLS;10023;10
188700;;SUBMISSION;HYDROGEL_PACK;SEASHELLS;10021;23
189300;;SUBMISSION;HYDROGEL_PACK;SEASHELLS;10025;14
189300;;SUBMISSION;HYDROGEL_PACK;SEASHELLS;10022;29
189400;;SUBMISSION;HYDROGEL_PACK;SEASHELLS;10026;14
189400;;SUBMISSION;HYDROGEL_PACK;SEASHELLS;10023;24
189600;;SUBMISSION;HYDROGEL_PACK;SEASHELLS;10026;10
189600;;SUBMISSION;HYDROGEL_PACK;SEASHELLS;10023;16
194200;;SUBMISSION;VEV_4000;SEASHELLS;1242;2
196700;SUBMISSION;;VEV_4000;SEASHELLS;1230;1
202300;;SUBMISSION;VEV_4000;SEASHELLS;1247;2
207600;;SUBMISSION;VELVETFRUIT_EXTRACT;SEASHELLS;5250;4
213700;;SUBMISSION;VELVETFRUIT_EXTRACT;SEASHELLS;5258;5
215600;;SUBMISSION;VELVETFRUIT_EXTRACT;SEASHELLS;5250;17
217100;;SUBMISSION;VELVETFRUIT_EXTRACT;SEASHELLS;5256;4
221600;SUBMISSION;;VELVETFRUIT_EXTRACT;SEASHELLS;5245;30
222900;SUBMISSION;;VEV_4000;SEASHELLS;1241;3
223300;;SUBMISSION;VEV_4000;SEASHELLS;1252;2
224100;;SUBMISSION;VEV_4000;SEASHELLS;1253;1
225100;;SUBMISSION;VELVETFRUIT_EXTRACT;SEASHELLS;5253;5
229000;SUBMISSION;;VELVETFRUIT_EXTRACT;SEASHELLS;5245;5
237900;;SUBMISSION;VELVETFRUIT_EXTRACT;SEASHELLS;5253;6
238600;;SUBMISSION;VELVETFRUIT_EXTRACT;SEASHELLS;5248;19
239600;;SUBMISSION;VELVETFRUIT_EXTRACT;SEASHELLS;5254;5
240200;;SUBMISSION;VELVETFRUIT_EXTRACT;SEASHELLS;5257;3
242900;;SUBMISSION;VELVETFRUIT_EXTRACT;SEASHELLS;5253;5
245600;;SUBMISSION;VELVETFRUIT_EXTRACT;SEASHELLS;5255;6
249400;;SUBMISSION;VEV_5100;SEASHELLS;178;21
249800;;SUBMISSION;VEV_5100;SEASHELLS;181;3
249800;;SUBMISSION;VEV_5100;SEASHELLS;179;8
249800;;SUBMISSION;VEV_5100;SEASHELLS;178;12
249800;;SUBMISSION;VEV_5200;SEASHELLS;107;3
249800;;SUBMISSION;VEV_5200;SEASHELLS;106;20
249900;;SUBMISSION;VEV_5100;SEASHELLS;179;8
249900;;SUBMISSION;VEV_5100;SEASHELLS;178;15
249900;;SUBMISSION;VEV_5200;SEASHELLS;106;23
250000;;SUBMISSION;VEV_5100;SEASHELLS;178;20
250000;;SUBMISSION;VEV_5200;SEASHELLS;106;7
250000;;SUBMISSION;VEV_5200;SEASHELLS;105;13
250100;;SUBMISSION;VEV_5100;SEASHELLS;178;30
250100;;SUBMISSION;VEV_5200;SEASHELLS;106;11
250100;;SUBMISSION;VEV_5200;SEASHELLS;105;19
250600;SUBMISSION;;VEV_4000;SEASHELLS;1257;2
251600;;SUBMISSION;VEV_4000;SEASHELLS;1270;2
251900;;SUBMISSION;VELVETFRUIT_EXTRACT;SEASHELLS;5262;14
252400;;SUBMISSION;VELVETFRUIT_EXTRACT;SEASHELLS;5266;6
252600;;SUBMISSION;VEV_5100;SEASHELLS;179;26
252600;;SUBMISSION;VEV_5200;SEASHELLS;106;26
252700;;SUBMISSION;VEV_5100;SEASHELLS;178;20
252700;;SUBMISSION;VEV_5200;SEASHELLS;106;7
252700;;SUBMISSION;VEV_5200;SEASHELLS;105;13
253900;;SUBMISSION;VELVETFRUIT_EXTRACT;SEASHELLS;5265;3
255300;SUBMISSION;;HYDROGEL_PACK;SEASHELLS;9974;2
255400;SUBMISSION;;HYDROGEL_PACK;SEASHELLS;9974;3
256100;;SUBMISSION;VEV_5100;SEASHELLS;178;4
256100;;SUBMISSION;VEV_5200;SEASHELLS;106;8
256100;;SUBMISSION;VEV_5200;SEASHELLS;105;2
258400;;SUBMISSION;VELVETFRUIT_EXTRACT;SEASHELLS;5256;8
262200;SUBMISSION;;VELVETFRUIT_EXTRACT;SEASHELLS;5251;4
262300;;SUBMISSION;HYDROGEL_PACK;SEASHELLS;10004;4
262800;;SUBMISSION;HYDROGEL_PACK;SEASHELLS;10007;1
263900;;SUBMISSION;VELVETFRUIT_EXTRACT;SEASHELLS;5256;7
265400;SUBMISSION;;VELVETFRUIT_EXTRACT;SEASHELLS;5250;9
265600;SUBMISSION;;VELVETFRUIT_EXTRACT;SEASHELLS;5249;5
265700;SUBMISSION;;VELVETFRUIT_EXTRACT;SEASHELLS;5247;14
265900;SUBMISSION;;VEV_4000;SEASHELLS;1245;1
267800;SUBMISSION;;VELVETFRUIT_EXTRACT;SEASHELLS;5250;23
267900;SUBMISSION;;VELVETFRUIT_EXTRACT;SEASHELLS;5249;22
267900;SUBMISSION;;VELVETFRUIT_EXTRACT;SEASHELLS;5250;5
268300;;SUBMISSION;VEV_4000;SEASHELLS;1252;1
269300;SUBMISSION;;HYDROGEL_PACK;SEASHELLS;9974;3
271600;SUBMISSION;;VEV_4000;SEASHELLS;1253;1
272600;;SUBMISSION;VELVETFRUIT_EXTRACT;SEASHELLS;5260;7
274600;;SUBMISSION;HYDROGEL_PACK;SEASHELLS;9988;2
274900;;SUBMISSION;VELVETFRUIT_EXTRACT;SEASHELLS;5255;20
275300;;SUBMISSION;VELVETFRUIT_EXTRACT;SEASHELLS;5258;8
275700;;SUBMISSION;HYDROGEL_PACK;SEASHELLS;9995;1
276500;;SUBMISSION;VELVETFRUIT_EXTRACT;SEASHELLS;5254;7
278300;;SUBMISSION;VELVETFRUIT_EXTRACT;SEASHELLS;5257;5
279600;;SUBMISSION;VELVETFRUIT_EXTRACT;SEASHELLS;5259;4
280000;SUBMISSION;;HYDROGEL_PACK;SEASHELLS;9967;7
280600;SUBMISSION;;HYDROGEL_PACK;SEASHELLS;9970;11
280700;SUBMISSION;;HYDROGEL_PACK;SEASHELLS;9972;11
280800;SUBMISSION;;HYDROGEL_PACK;SEASHELLS;9972;14
280900;SUBMISSION;;HYDROGEL_PACK;SEASHELLS;9971;10
281000;SUBMISSION;;HYDROGEL_PACK;SEASHELLS;9968;14
281000;SUBMISSION;;HYDROGEL_PACK;SEASHELLS;9971;27
281100;SUBMISSION;;HYDROGEL_PACK;SEASHELLS;9968;11
281100;SUBMISSION;;HYDROGEL_PACK;SEASHELLS;9971;30
281100;SUBMISSION;;HYDROGEL_PACK;SEASHELLS;9953;3
281200;SUBMISSION;;HYDROGEL_PACK;SEASHELLS;9966;12
281200;SUBMISSION;;HYDROGEL_PACK;SEASHELLS;9969;30
281300;SUBMISSION;;HYDROGEL_PACK;SEASHELLS;9970;10
281400;SUBMISSION;;HYDROGEL_PACK;SEASHELLS;9971;10
281400;SUBMISSION;;VELVETFRUIT_EXTRACT;SEASHELLS;5253;15
281400;SUBMISSION;;VELVETFRUIT_EXTRACT;SEASHELLS;5253;15
281500;SUBMISSION;;HYDROGEL_PACK;SEASHELLS;9972;15
281500;;SUBMISSION;VEV_4000;SEASHELLS;1262;1
281600;SUBMISSION;;HYDROGEL_PACK;SEASHELLS;9972;11
282000;;SUBMISSION;VELVETFRUIT_EXTRACT;SEASHELLS;5255;16
283400;;SUBMISSION;VELVETFRUIT_EXTRACT;SEASHELLS;5258;7
285400;SUBMISSION;;HYDROGEL_PACK;SEASHELLS;9966;5
286300;;SUBMISSION;VELVETFRUIT_EXTRACT;SEASHELLS;5265;6
287200;SUBMISSION;;HYDROGEL_PACK;SEASHELLS;9971;15
287600;SUBMISSION;;HYDROGEL_PACK;SEASHELLS;9971;13
287700;SUBMISSION;;HYDROGEL_PACK;SEASHELLS;9970;14
287800;SUBMISSION;;HYDROGEL_PACK;SEASHELLS;9968;13
287800;SUBMISSION;;HYDROGEL_PACK;SEASHELLS;9970;23
287900;SUBMISSION;;HYDROGEL_PACK;SEASHELLS;9970;11
288000;SUBMISSION;;HYDROGEL_PACK;SEASHELLS;9971;13
288100;SUBMISSION;;HYDROGEL_PACK;SEASHELLS;9969;10
288100;SUBMISSION;;HYDROGEL_PACK;SEASHELLS;9971;24
288200;SUBMISSION;;HYDROGEL_PACK;SEASHELLS;9966;13
288200;SUBMISSION;;HYDROGEL_PACK;SEASHELLS;9968;20
289100;;SUBMISSION;VELVETFRUIT_EXTRACT;SEASHELLS;5270;5
289200;;SUBMISSION;VELVETFRUIT_EXTRACT;SEASHELLS;5265;18
289200;;SUBMISSION;VELVETFRUIT_EXTRACT;SEASHELLS;5265;11
291300;;SUBMISSION;VELVETFRUIT_EXTRACT;SEASHELLS;5272;1
291400;;SUBMISSION;VELVETFRUIT_EXTRACT;SEASHELLS;5273;5
291800;;SUBMISSION;VELVETFRUIT_EXTRACT;SEASHELLS;5269;5
292400;;SUBMISSION;VELVETFRUIT_EXTRACT;SEASHELLS;5274;8
294400;;SUBMISSION;VELVETFRUIT_EXTRACT;SEASHELLS;5272;70
294500;;SUBMISSION;VELVETFRUIT_EXTRACT;SEASHELLS;5275;25
294500;;SUBMISSION;VELVETFRUIT_EXTRACT;SEASHELLS;5274;42
294600;;SUBMISSION;VELVETFRUIT_EXTRACT;SEASHELLS;5275;18
294600;;SUBMISSION;VELVETFRUIT_EXTRACT;SEASHELLS;5274;45
294700;;SUBMISSION;VELVETFRUIT_EXTRACT;SEASHELLS;5275;59
294800;;SUBMISSION;VELVETFRUIT_EXTRACT;SEASHELLS;5275;21
294800;;SUBMISSION;VELVETFRUIT_EXTRACT;SEASHELLS;5274;17
297500;SUBMISSION;;VEV_4000;SEASHELLS;1267;1
307100;;SUBMISSION;VEV_4000;SEASHELLS;1274;1
314300;SUBMISSION;;VELVETFRUIT_EXTRACT;SEASHELLS;5257;49
314400;SUBMISSION;;VELVETFRUIT_EXTRACT;SEASHELLS;5256;63
314500;SUBMISSION;;VELVETFRUIT_EXTRACT;SEASHELLS;5256;54
314500;SUBMISSION;;VELVETFRUIT_EXTRACT;SEASHELLS;5252;4
314600;SUBMISSION;;VELVETFRUIT_EXTRACT;SEASHELLS;5255;22
314600;SUBMISSION;;VELVETFRUIT_EXTRACT;SEASHELLS;5256;35
314700;SUBMISSION;;VELVETFRUIT_EXTRACT;SEASHELLS;5254;67
314800;SUBMISSION;;VELVETFRUIT_EXTRACT;SEASHELLS;5253;54
314900;SUBMISSION;;VELVETFRUIT_EXTRACT;SEASHELLS;5254;18
314900;SUBMISSION;;VELVETFRUIT_EXTRACT;SEASHELLS;5255;33
315000;SUBMISSION;;VELVETFRUIT_EXTRACT;SEASHELLS;5253;1
325300;SUBMISSION;;VEV_4000;SEASHELLS;1242;2
326300;;SUBMISSION;VEV_4000;SEASHELLS;1256;1
328000;SUBMISSION;;VEV_4000;SEASHELLS;1248;1
328400;SUBMISSION;;VEV_4000;SEASHELLS;1245;1
331400;SUBMISSION;;VEV_4000;SEASHELLS;1237;1
334900;SUBMISSION;;VEV_4000;SEASHELLS;1242;1
340100;;SUBMISSION;VEV_4000;SEASHELLS;1255;2
350900;;SUBMISSION;VEV_4000;SEASHELLS;1251;3
351000;;SUBMISSION;HYDROGEL_PACK;SEASHELLS;9972;3
353700;SUBMISSION;;HYDROGEL_PACK;SEASHELLS;9959;3
356800;SUBMISSION;;VEV_4000;SEASHELLS;1239;2
358300;SUBMISSION;;VEV_4000;SEASHELLS;1242;3
363100;;SUBMISSION;HYDROGEL_PACK;SEASHELLS;9982;4
364000;;SUBMISSION;VELVETFRUIT_EXTRACT;SEASHELLS;5252;22
364800;;SUBMISSION;HYDROGEL_PACK;SEASHELLS;9977;5
365000;SUBMISSION;;VEV_4000;SEASHELLS;1247;2
365600;SUBMISSION;;VELVETFRUIT_EXTRACT;SEASHELLS;5251;8
367900;SUBMISSION;;VELVETFRUIT_EXTRACT;SEASHELLS;5248;5
368500;;SUBMISSION;HYDROGEL_PACK;SEASHELLS;9982;6
371400;SUBMISSION;;HYDROGEL_PACK;SEASHELLS;9954;2
373400;;SUBMISSION;HYDROGEL_PACK;SEASHELLS;9969;3
373700;SUBMISSION;;HYDROGEL_PACK;SEASHELLS;9955;5
374800;SUBMISSION;;VEV_4000;SEASHELLS;1247;3
375100;SUBMISSION;;HYDROGEL_PACK;SEASHELLS;9948;2
376200;SUBMISSION;;VELVETFRUIT_EXTRACT;SEASHELLS;5249;9
376300;SUBMISSION;;VEV_4000;SEASHELLS;1241;2
380100;SUBMISSION;;HYDROGEL_PACK;SEASHELLS;9957;9
381700;;SUBMISSION;VELVETFRUIT_EXTRACT;SEASHELLS;5254;8
383700;SUBMISSION;;VELVETFRUIT_EXTRACT;SEASHELLS;5247;7
384200;SUBMISSION;;VEV_4000;SEASHELLS;1244;1
384500;SUBMISSION;;VEV_4000;SEASHELLS;1243;3
385900;SUBMISSION;;VELVETFRUIT_EXTRACT;SEASHELLS;5246;1
386800;;SUBMISSION;VEV_4000;SEASHELLS;1252;2
390800;SUBMISSION;;VEV_4000;SEASHELLS;1238;3
399900;SUBMISSION;;VEV_4000;SEASHELLS;1236;1
409700;SUBMISSION;;VEV_5100;SEASHELLS;155;25
409800;SUBMISSION;;VEV_5100;SEASHELLS;155;10
409800;SUBMISSION;;VEV_5100;SEASHELLS;156;16
410400;SUBMISSION;;VEV_5100;SEASHELLS;154;3
410400;SUBMISSION;;VEV_5100;SEASHELLS;157;21
411200;SUBMISSION;;VEV_5100;SEASHELLS;155;27
411300;SUBMISSION;;VEV_5100;SEASHELLS;155;25
411400;SUBMISSION;;VEV_5100;SEASHELLS;154;28
411500;SUBMISSION;;VEV_5100;SEASHELLS;155;21
411700;SUBMISSION;;VEV_5100;SEASHELLS;155;25
411800;SUBMISSION;;VEV_5100;SEASHELLS;154;8
411800;SUBMISSION;;VEV_5100;SEASHELLS;155;22
411900;SUBMISSION;;VEV_5100;SEASHELLS;155;22
412000;SUBMISSION;;VEV_5100;SEASHELLS;155;26
413200;SUBMISSION;;VEV_5100;SEASHELLS;155;11
413200;SUBMISSION;;VEV_5100;SEASHELLS;156;19
413300;SUBMISSION;;VEV_5100;SEASHELLS;155;28
413400;SUBMISSION;;VEV_5100;SEASHELLS;155;26
413700;SUBMISSION;;VEV_5100;SEASHELLS;155;29
414000;;SUBMISSION;HYDROGEL_PACK;SEASHELLS;9961;2
414400;SUBMISSION;;HYDROGEL_PACK;SEASHELLS;9946;2
415300;SUBMISSION;;VEV_5100;SEASHELLS;155;11
415300;SUBMISSION;;VEV_5100;SEASHELLS;156;16
415400;SUBMISSION;;VEV_5100;SEASHELLS;155;8
415400;SUBMISSION;;VEV_5100;SEASHELLS;156;20
415500;SUBMISSION;;VEV_5100;SEASHELLS;155;7
415500;SUBMISSION;;VEV_5100;SEASHELLS;156;21
415600;SUBMISSION;;VEV_5100;SEASHELLS;155;26
415700;SUBMISSION;;VEV_5100;SEASHELLS;153;12
415700;SUBMISSION;;VEV_5100;SEASHELLS;154;18
415700;SUBMISSION;;VEV_5400;SEASHELLS;14;23
415800;SUBMISSION;;VEV_5100;SEASHELLS;154;8
415800;SUBMISSION;;VEV_5100;SEASHELLS;155;21
415900;SUBMISSION;;VEV_5100;SEASHELLS;155;29
416000;SUBMISSION;;VEV_5100;SEASHELLS;155;1
416500;SUBMISSION;;VEV_5400;SEASHELLS;14;18
416600;SUBMISSION;;VEV_5200;SEASHELLS;87;12
416600;SUBMISSION;;VEV_5200;SEASHELLS;88;16
416600;SUBMISSION;;VEV_5400;SEASHELLS;14;16
417500;SUBMISSION;;VEV_5400;SEASHELLS;14;29
417600;SUBMISSION;;VEV_5400;SEASHELLS;14;23
417700;SUBMISSION;;VEV_5200;SEASHELLS;87;6
417700;SUBMISSION;;VEV_5200;SEASHELLS;88;12
417700;SUBMISSION;;VEV_5400;SEASHELLS;14;20
417900;SUBMISSION;;VEV_5400;SEASHELLS;14;28
418200;SUBMISSION;;VEV_5200;SEASHELLS;87;11
418200;SUBMISSION;;VEV_5200;SEASHELLS;88;14
418200;SUBMISSION;;VEV_5400;SEASHELLS;14;18
418700;SUBMISSION;;VEV_5400;SEASHELLS;14;17
418800;SUBMISSION;;VEV_5400;SEASHELLS;14;15
419700;;SUBMISSION;VEV_4000;SEASHELLS;1236;1
419700;SUBMISSION;;VEV_5000;SEASHELLS;239;11
419700;SUBMISSION;;VEV_5000;SEASHELLS;240;19
419700;SUBMISSION;;VEV_5200;SEASHELLS;87;30
419700;SUBMISSION;;VEV_5400;SEASHELLS;14;25
419800;SUBMISSION;;VEV_4000;SEASHELLS;1238;11
419800;SUBMISSION;;VEV_4000;SEASHELLS;1241;18
419800;SUBMISSION;;VEV_4500;SEASHELLS;736;7
419800;SUBMISSION;;VEV_4500;SEASHELLS;738;19
419800;SUBMISSION;;VEV_5000;SEASHELLS;237;26
419800;SUBMISSION;;VEV_5200;SEASHELLS;86;26
419800;SUBMISSION;;VEV_5400;SEASHELLS;13;19
419800;SUBMISSION;;VEV_5500;SEASHELLS;6;19
419900;SUBMISSION;;VEV_4000;SEASHELLS;1239;12
419900;SUBMISSION;;VEV_4000;SEASHELLS;1241;18
419900;SUBMISSION;;VEV_4500;SEASHELLS;736;12
419900;SUBMISSION;;VEV_4500;SEASHELLS;738;18
419900;SUBMISSION;;VEV_5000;SEASHELLS;237;12
419900;SUBMISSION;;VEV_5000;SEASHELLS;238;18
419900;SUBMISSION;;VEV_5200;SEASHELLS;86;30
419900;SUBMISSION;;VEV_5400;SEASHELLS;13;23
419900;SUBMISSION;;VEV_5500;SEASHELLS;6;23
420000;SUBMISSION;;VEV_4000;SEASHELLS;1238;10
420000;SUBMISSION;;VEV_4000;SEASHELLS;1241;20
420000;SUBMISSION;;VEV_4500;SEASHELLS;736;12
420000;SUBMISSION;;VEV_4500;SEASHELLS;738;18
420000;SUBMISSION;;VEV_5000;SEASHELLS;237;30
420000;SUBMISSION;;VEV_5200;SEASHELLS;85;12
420000;SUBMISSION;;VEV_5200;SEASHELLS;86;18
420000;SUBMISSION;;VEV_5400;SEASHELLS;13;25
420000;SUBMISSION;;VEV_5500;SEASHELLS;6;25
420100;SUBMISSION;;VEV_4000;SEASHELLS;1237;13
420100;SUBMISSION;;VEV_4000;SEASHELLS;1239;17
420100;SUBMISSION;;VEV_4500;SEASHELLS;734;11
420100;SUBMISSION;;VEV_4500;SEASHELLS;736;12
420100;SUBMISSION;;VEV_5000;SEASHELLS;235;11
420100;SUBMISSION;;VEV_5000;SEASHELLS;236;12
420100;SUBMISSION;;VEV_5200;SEASHELLS;85;23
420100;SUBMISSION;;VEV_5300;SEASHELLS;40;27
420100;SUBMISSION;;VEV_5400;SEASHELLS;13;27
420100;SUBMISSION;;VEV_5500;SEASHELLS;5;27
420200;SUBMISSION;;VEV_4000;SEASHELLS;1238;11
420200;SUBMISSION;;VEV_4000;SEASHELLS;1240;19
420200;SUBMISSION;;VEV_4500;SEASHELLS;735;9
420200;SUBMISSION;;VEV_4500;SEASHELLS;737;17
420200;SUBMISSION;;VEV_5000;SEASHELLS;236;9
420200;SUBMISSION;;VEV_5000;SEASHELLS;237;17
420200;SUBMISSION;;VEV_5200;SEASHELLS;85;26
420200;SUBMISSION;;VEV_5300;SEASHELLS;40;24
420200;SUBMISSION;;VEV_5400;SEASHELLS;13;24
420200;SUBMISSION;;VEV_5500;SEASHELLS;6;24
420300;SUBMISSION;;VEV_4000;SEASHELLS;1238;10
420300;SUBMISSION;;VEV_4000;SEASHELLS;1240;20
420300;SUBMISSION;;VEV_4500;SEASHELLS;735;6
420300;SUBMISSION;;VEV_4500;SEASHELLS;737;22
420300;SUBMISSION;;VEV_5000;SEASHELLS;236;28
420300;SUBMISSION;;VEV_5200;SEASHELLS;85;28
420300;SUBMISSION;;VEV_5300;SEASHELLS;40;26
420300;SUBMISSION;;VEV_5400;SEASHELLS;13;26
420300;SUBMISSION;;VEV_5500;SEASHELLS;6;26
420400;SUBMISSION;;VEV_4000;SEASHELLS;1237;13
420400;SUBMISSION;;VEV_4000;SEASHELLS;1240;16
420400;SUBMISSION;;VEV_4500;SEASHELLS;735;10
420400;SUBMISSION;;VEV_4500;SEASHELLS;737;20
420400;SUBMISSION;;VEV_5000;SEASHELLS;236;30
420400;SUBMISSION;;VEV_5200;SEASHELLS;85;30
420400;SUBMISSION;;VEV_5300;SEASHELLS;40;30
420400;SUBMISSION;;VEV_5400;SEASHELLS;13;30
420400;SUBMISSION;;VEV_5500;SEASHELLS;6;30
420500;SUBMISSION;;VEV_4000;SEASHELLS;1237;15
420500;SUBMISSION;;VEV_4000;SEASHELLS;1240;15
420500;SUBMISSION;;VEV_4500;SEASHELLS;735;7
420500;SUBMISSION;;VEV_4500;SEASHELLS;736;22
420500;SUBMISSION;;VEV_5000;SEASHELLS;236;29
420500;SUBMISSION;;VEV_5200;SEASHELLS;85;29
420500;SUBMISSION;;VEV_5300;SEASHELLS;40;21
420500;SUBMISSION;;VEV_5400;SEASHELLS;13;21
420500;SUBMISSION;;VEV_5500;SEASHELLS;5;6
420500;SUBMISSION;;VEV_5500;SEASHELLS;6;15
420600;SUBMISSION;;VEV_4000;SEASHELLS;1236;11
420600;SUBMISSION;;VEV_4000;SEASHELLS;1239;19
420600;SUBMISSION;;VEV_4500;SEASHELLS;734;6
420600;SUBMISSION;;VEV_4500;SEASHELLS;735;21
420600;SUBMISSION;;VEV_5000;SEASHELLS;235;27
420600;SUBMISSION;;VEV_5200;SEASHELLS;84;27
420600;SUBMISSION;;VEV_5300;SEASHELLS;40;23
420600;SUBMISSION;;VEV_5400;SEASHELLS;13;23
420600;SUBMISSION;;VEV_5500;SEASHELLS;5;23
420700;SUBMISSION;;VEV_4000;SEASHELLS;1236;11
420700;SUBMISSION;;VEV_4000;SEASHELLS;1239;19
420700;SUBMISSION;;VEV_4500;SEASHELLS;734;6
420700;SUBMISSION;;VEV_4500;SEASHELLS;735;12
420700;SUBMISSION;;VEV_5000;SEASHELLS;235;18
420700;SUBMISSION;;VEV_5200;SEASHELLS;84;18
420700;SUBMISSION;;VEV_5300;SEASHELLS;40;25
420700;SUBMISSION;;VEV_5400;SEASHELLS;13;25
420700;SUBMISSION;;VEV_5500;SEASHELLS;5;25
420800;SUBMISSION;;VEV_4000;SEASHELLS;1236;9
420800;SUBMISSION;;VEV_4000;SEASHELLS;1239;21
420800;SUBMISSION;;VEV_4500;SEASHELLS;734;8
420800;SUBMISSION;;VEV_4500;SEASHELLS;736;20
420800;SUBMISSION;;VEV_5000;SEASHELLS;235;28
420800;SUBMISSION;;VEV_5200;SEASHELLS;84;8
420800;SUBMISSION;;VEV_5200;SEASHELLS;85;20
420800;SUBMISSION;;VEV_5300;SEASHELLS;40;30
420800;SUBMISSION;;VEV_5400;SEASHELLS;13;30
420800;SUBMISSION;;VEV_5500;SEASHELLS;5;30
420900;SUBMISSION;;VEV_4000;SEASHELLS;1237;7
420900;SUBMISSION;;VEV_4000;SEASHELLS;1240;17
420900;SUBMISSION;;VEV_4500;SEASHELLS;735;7
420900;SUBMISSION;;VEV_4500;SEASHELLS;736;23
420900;SUBMISSION;;VEV_5000;SEASHELLS;235;7
420900;SUBMISSION;;VEV_5000;SEASHELLS;236;23
420900;SUBMISSION;;VEV_5200;SEASHELLS;85;30
420900;SUBMISSION;;VEV_5300;SEASHELLS;40;25
420900;SUBMISSION;;VEV_5400;SEASHELLS;13;25
420900;SUBMISSION;;VEV_5500;SEASHELLS;5;25
421000;SUBMISSION;;VEV_4000;SEASHELLS;1239;12
421000;SUBMISSION;;VEV_4000;SEASHELLS;1242;18
421000;SUBMISSION;;VEV_4500;SEASHELLS;737;11
421000;SUBMISSION;;VEV_4500;SEASHELLS;738;19
421000;SUBMISSION;;VEV_5000;SEASHELLS;237;11
421000;SUBMISSION;;VEV_5000;SEASHELLS;238;19
421000;SUBMISSION;;VEV_5200;SEASHELLS;86;30
421000;SUBMISSION;;VEV_5500;SEASHELLS;6;28
421100;SUBMISSION;;VEV_4000;SEASHELLS;1239;15
421100;SUBMISSION;;VEV_4000;SEASHELLS;1241;15
421100;SUBMISSION;;VEV_4500;SEASHELLS;736;9
421100;SUBMISSION;;VEV_4500;SEASHELLS;738;21
421100;SUBMISSION;;VEV_5000;SEASHELLS;237;30
421100;SUBMISSION;;VEV_5200;SEASHELLS;86;30
421100;SUBMISSION;;VEV_5400;SEASHELLS;13;27
421100;SUBMISSION;;VEV_5500;SEASHELLS;6;27
421200;SUBMISSION;;VEV_4000;SEASHELLS;1238;10
421200;SUBMISSION;;VEV_4000;SEASHELLS;1240;19
421200;SUBMISSION;;VEV_4500;SEASHELLS;735;6
421200;SUBMISSION;;VEV_4500;SEASHELLS;737;14
421200;SUBMISSION;;VEV_5000;SEASHELLS;236;6
421200;SUBMISSION;;VEV_5000;SEASHELLS;237;14
421200;SUBMISSION;;VEV_5200;SEASHELLS;85;20
421200;SUBMISSION;;VEV_5300;SEASHELLS;40;30
421200;SUBMISSION;;VEV_5400;SEASHELLS;13;30
421200;SUBMISSION;;VEV_5500;SEASHELLS;6;30
421300;SUBMISSION;;VEV_4000;SEASHELLS;1239;15
421300;SUBMISSION;;VEV_4000;SEASHELLS;1242;15
421300;SUBMISSION;;VEV_4500;SEASHELLS;737;11
421300;SUBMISSION;;VEV_4500;SEASHELLS;739;19
421300;SUBMISSION;;VEV_5000;SEASHELLS;238;30
421300;SUBMISSION;;VEV_5200;SEASHELLS;86;30
421300;SUBMISSION;;VEV_5500;SEASHELLS;6;17
421400;SUBMISSION;;VEV_4000;SEASHELLS;1239;8
421400;SUBMISSION;;VEV_4000;SEASHELLS;1241;22
421400;SUBMISSION;;VEV_4500;SEASHELLS;736;11
421400;SUBMISSION;;VEV_4500;SEASHELLS;738;17
421400;SUBMISSION;;VEV_5000;SEASHELLS;237;11
421400;SUBMISSION;;VEV_5000;SEASHELLS;238;17
421400;SUBMISSION;;VEV_5200;SEASHELLS;86;28
421400;SUBMISSION;;VEV_5400;SEASHELLS;13;3
421400;SUBMISSION;;VEV_5500;SEASHELLS;6;20
421500;SUBMISSION;;VEV_4000;SEASHELLS;1238;15
421500;SUBMISSION;;VEV_4000;SEASHELLS;1241;15
421500;SUBMISSION;;VEV_4500;SEASHELLS;736;12
421500;SUBMISSION;;VEV_4500;SEASHELLS;737;16
421500;SUBMISSION;;VEV_5000;SEASHELLS;236;12
421500;SUBMISSION;;VEV_5000;SEASHELLS;237;16
421500;SUBMISSION;;VEV_5200;SEASHELLS;85;12
421500;SUBMISSION;;VEV_5200;SEASHELLS;86;14
421500;SUBMISSION;;VEV_5300;SEASHELLS;40;9
421500;SUBMISSION;;VEV_5300;SEASHELLS;41;19
421500;SUBMISSION;;VEV_5500;SEASHELLS;6;28
421600;SUBMISSION;;VEV_4000;SEASHELLS;1239;12
421600;SUBMISSION;;VEV_4000;SEASHELLS;1241;18
421600;SUBMISSION;;VEV_4500;SEASHELLS;736;9
421600;SUBMISSION;;VEV_4500;SEASHELLS;738;16
421600;SUBMISSION;;VEV_5000;SEASHELLS;237;25
421600;SUBMISSION;;VEV_5500;SEASHELLS;6;23
421700;SUBMISSION;;VEV_4000;SEASHELLS;1239;12
421700;SUBMISSION;;VEV_4000;SEASHELLS;1241;5
421700;SUBMISSION;;VEV_4500;SEASHELLS;736;12
421700;SUBMISSION;;VEV_4500;SEASHELLS;738;12
421700;SUBMISSION;;VEV_5000;SEASHELLS;237;24
421700;SUBMISSION;;VEV_5500;SEASHELLS;6;29
421800;SUBMISSION;;VEV_4500;SEASHELLS;736;11
421800;SUBMISSION;;VEV_4500;SEASHELLS;738;18
421800;SUBMISSION;;VEV_5000;SEASHELLS;237;11
421800;SUBMISSION;;VEV_5000;SEASHELLS;238;9
421800;SUBMISSION;;VEV_5500;SEASHELLS;6;23
421900;SUBMISSION;;VEV_4500;SEASHELLS;737;9
421900;SUBMISSION;;VEV_4500;SEASHELLS;739;12
422500;SUBMISSION;;VEV_5500;SEASHELLS;6;27
422600;SUBMISSION;;VEV_5300;SEASHELLS;40;22
422600;SUBMISSION;;VEV_5500;SEASHELLS;6;22
422700;SUBMISSION;;VEV_5500;SEASHELLS;6;18
422800;SUBMISSION;;VEV_5300;SEASHELLS;40;5
422800;SUBMISSION;;VEV_5300;SEASHELLS;41;14
425400;;SUBMISSION;VEV_4000;SEASHELLS;1241;1
428000;SUBMISSION;;VEV_4000;SEASHELLS;1232;1
430100;SUBMISSION;;VEV_5300;SEASHELLS;40;19
430200;SUBMISSION;;VEV_5300;SEASHELLS;40;27
430300;SUBMISSION;;VEV_5300;SEASHELLS;40;28
430600;SUBMISSION;;VEV_5300;SEASHELLS;40;23
430700;SUBMISSION;;VEV_5300;SEASHELLS;40;19
430800;SUBMISSION;;VEV_5300;SEASHELLS;40;19
430900;SUBMISSION;;VEV_5300;SEASHELLS;40;20
435300;SUBMISSION;;VEV_5300;SEASHELLS;40;21
444000;SUBMISSION;;VEV_4000;SEASHELLS;1235;3
445900;;SUBMISSION;VELVETFRUIT_EXTRACT;SEASHELLS;5248;4
448100;;SUBMISSION;VELVETFRUIT_EXTRACT;SEASHELLS;5253;3
448700;SUBMISSION;;VEV_4000;SEASHELLS;1243;2
453600;;SUBMISSION;VELVETFRUIT_EXTRACT;SEASHELLS;5251;4
455400;;SUBMISSION;VEV_4000;SEASHELLS;1252;1
456900;SUBMISSION;;VELVETFRUIT_EXTRACT;SEASHELLS;5240;10
458400;;SUBMISSION;VELVETFRUIT_EXTRACT;SEASHELLS;5247;3
459900;;SUBMISSION;VELVETFRUIT_EXTRACT;SEASHELLS;5251;8
459900;SUBMISSION;;VEV_4000;SEASHELLS;1244;1
460400;SUBMISSION;;VEV_5400;SEASHELLS;16;1
460700;;SUBMISSION;VELVETFRUIT_EXTRACT;SEASHELLS;5253;6
462300;;SUBMISSION;VELVETFRUIT_EXTRACT;SEASHELLS;5258;8
465300;;SUBMISSION;VELVETFRUIT_EXTRACT;SEASHELLS;5254;8
470400;;SUBMISSION;VELVETFRUIT_EXTRACT;SEASHELLS;5256;4
475400;;SUBMISSION;VELVETFRUIT_EXTRACT;SEASHELLS;5253;7
476200;;SUBMISSION;HYDROGEL_PACK;SEASHELLS;9958;3
477600;SUBMISSION;;HYDROGEL_PACK;SEASHELLS;9942;3
477900;;SUBMISSION;VELVETFRUIT_EXTRACT;SEASHELLS;5257;5
479100;;SUBMISSION;HYDROGEL_PACK;SEASHELLS;9972;5
480100;;SUBMISSION;VELVETFRUIT_EXTRACT;SEASHELLS;5249;10
480700;;SUBMISSION;VEV_4000;SEASHELLS;1254;2
480900;SUBMISSION;;VEV_4000;SEASHELLS;1244;2
481300;;SUBMISSION;VEV_4000;SEASHELLS;1252;3
483200;SUBMISSION;;VELVETFRUIT_EXTRACT;SEASHELLS;5244;20
483200;;SUBMISSION;VEV_4000;SEASHELLS;1247;3
483300;SUBMISSION;;VELVETFRUIT_EXTRACT;SEASHELLS;5243;40
491100;SUBMISSION;;VEV_4000;SEASHELLS;1238;3
494500;;SUBMISSION;HYDROGEL_PACK;SEASHELLS;9974;4
494700;SUBMISSION;;VEV_4000;SEASHELLS;1233;2
496300;SUBMISSION;;VEV_4000;SEASHELLS;1235;1
505300;;SUBMISSION;VELVETFRUIT_EXTRACT;SEASHELLS;5255;3
507200;;SUBMISSION;HYDROGEL_PACK;SEASHELLS;10011;4
509700;;SUBMISSION;VELVETFRUIT_EXTRACT;SEASHELLS;5259;22
509700;;SUBMISSION;VELVETFRUIT_EXTRACT;SEASHELLS;5259;8
512700;;SUBMISSION;VEV_5100;SEASHELLS;178;30
512700;;SUBMISSION;VEV_5200;SEASHELLS;106;30
513200;;SUBMISSION;HYDROGEL_PACK;SEASHELLS;10009;5
514600;;SUBMISSION;VEV_5100;SEASHELLS;178;30
514600;;SUBMISSION;VEV_5200;SEASHELLS;106;30
514700;;SUBMISSION;VEV_5000;SEASHELLS;269;12
514700;;SUBMISSION;VEV_5000;SEASHELLS;268;18
514700;;SUBMISSION;VEV_5100;SEASHELLS;178;30
514700;;SUBMISSION;VEV_5200;SEASHELLS;106;30
514800;;SUBMISSION;VEV_4000;SEASHELLS;1258;8
514800;;SUBMISSION;VEV_4000;SEASHELLS;1256;22
514800;;SUBMISSION;VEV_4500;SEASHELLS;761;8
514800;;SUBMISSION;VEV_4500;SEASHELLS;759;13
514800;;SUBMISSION;VEV_5000;SEASHELLS;269;8
514800;;SUBMISSION;VEV_5000;SEASHELLS;268;13
514800;;SUBMISSION;VEV_5100;SEASHELLS;179;21
514800;;SUBMISSION;VEV_5200;SEASHELLS;106;21
515000;;SUBMISSION;VEV_5000;SEASHELLS;269;7
515000;;SUBMISSION;VEV_5000;SEASHELLS;268;23
515000;;SUBMISSION;VEV_5100;SEASHELLS;179;7
515000;;SUBMISSION;VEV_5100;SEASHELLS;178;23
515300;;SUBMISSION;VEV_5100;SEASHELLS;178;29
515400;;SUBMISSION;VEV_5100;SEASHELLS;178;26
515500;;SUBMISSION;VEV_5100;SEASHELLS;178;21
516000;;SUBMISSION;VEV_5100;SEASHELLS;178;10
516000;;SUBMISSION;VEV_5100;SEASHELLS;177;16
517900;SUBMISSION;;VEV_4000;SEASHELLS;1254;1
518800;;SUBMISSION;VEV_4000;SEASHELLS;1266;1
519100;SUBMISSION;;VEV_4000;SEASHELLS;1251;2
519400;;SUBMISSION;HYDROGEL_PACK;SEASHELLS;10016;2
520400;;SUBMISSION;HYDROGEL_PACK;SEASHELLS;10018;2
521100;SUBMISSION;;VEV_4000;SEASHELLS;1253;2
521800;;SUBMISSION;VELVETFRUIT_EXTRACT;SEASHELLS;5264;3
523300;;SUBMISSION;VELVETFRUIT_EXTRACT;SEASHELLS;5261;3
524500;;SUBMISSION;VELVETFRUIT_EXTRACT;SEASHELLS;5258;7
525500;SUBMISSION;;VEV_4000;SEASHELLS;1252;1
526600;;SUBMISSION;HYDROGEL_PACK;SEASHELLS;10020;4
527700;;SUBMISSION;HYDROGEL_PACK;SEASHELLS;10020;6
527700;;SUBMISSION;VELVETFRUIT_EXTRACT;SEASHELLS;5254;6
528600;;SUBMISSION;VELVETFRUIT_EXTRACT;SEASHELLS;5253;4
529400;;SUBMISSION;VELVETFRUIT_EXTRACT;SEASHELLS;5255;4
529500;;SUBMISSION;HYDROGEL_PACK;SEASHELLS;10026;9
529500;;SUBMISSION;HYDROGEL_PACK;SEASHELLS;10019;12
529500;;SUBMISSION;HYDROGEL_PACK;SEASHELLS;10016;24
532000;;SUBMISSION;HYDROGEL_PACK;SEASHELLS;10026;4
532000;;SUBMISSION;HYDROGEL_PACK;SEASHELLS;10018;12
532000;;SUBMISSION;HYDROGEL_PACK;SEASHELLS;10016;30
533100;;SUBMISSION;HYDROGEL_PACK;SEASHELLS;10028;2
533300;SUBMISSION;;VELVETFRUIT_EXTRACT;SEASHELLS;5247;8
533400;;SUBMISSION;HYDROGEL_PACK;SEASHELLS;10029;5
534100;SUBMISSION;;VELVETFRUIT_EXTRACT;SEASHELLS;5245;3
534300;SUBMISSION;;VELVETFRUIT_EXTRACT;SEASHELLS;5246;7
534800;;SUBMISSION;HYDROGEL_PACK;SEASHELLS;10017;3
534800;SUBMISSION;;VELVETFRUIT_EXTRACT;SEASHELLS;5246;16
534800;SUBMISSION;;VELVETFRUIT_EXTRACT;SEASHELLS;5247;26
538000;;SUBMISSION;HYDROGEL_PACK;SEASHELLS;10023;2
538900;;SUBMISSION;HYDROGEL_PACK;SEASHELLS;10021;6
542600;;SUBMISSION;HYDROGEL_PACK;SEASHELLS;10011;6
544500;;SUBMISSION;VEV_4000;SEASHELLS;1241;2
546200;SUBMISSION;;VEV_5100;SEASHELLS;154;28
546700;SUBMISSION;;VEV_5100;SEASHELLS;154;30
546800;SUBMISSION;;VEV_5100;SEASHELLS;153;8
546800;SUBMISSION;;VEV_5100;SEASHELLS;154;14
546900;SUBMISSION;;VEV_5100;SEASHELLS;153;30
546900;SUBMISSION;;VEV_5200;SEASHELLS;86;12
546900;SUBMISSION;;VEV_5200;SEASHELLS;87;18
547000;SUBMISSION;;VEV_5100;SEASHELLS;151;10
547000;SUBMISSION;;VEV_5100;SEASHELLS;152;20
547000;SUBMISSION;;VEV_5200;SEASHELLS;85;10
547000;SUBMISSION;;VEV_5200;SEASHELLS;86;20
547100;SUBMISSION;;VEV_5100;SEASHELLS;152;24
547100;SUBMISSION;;VEV_5200;SEASHELLS;86;24
547200;SUBMISSION;;VEV_5100;SEASHELLS;153;11
547200;SUBMISSION;;VEV_5100;SEASHELLS;154;19
547300;SUBMISSION;;VEV_5100;SEASHELLS;154;25
547400;SUBMISSION;;VEV_5100;SEASHELLS;154;24
547600;SUBMISSION;;VEV_4000;SEASHELLS;1233;4
547600;SUBMISSION;;VEV_4000;SEASHELLS;1243;10
547600;SUBMISSION;;VEV_4000;SEASHELLS;1246;8
547600;SUBMISSION;;VEV_5200;SEASHELLS;85;4
547600;SUBMISSION;;VEV_5200;SEASHELLS;87;23
548400;SUBMISSION;;VEV_4500;SEASHELLS;732;5
548400;SUBMISSION;;VEV_4500;SEASHELLS;740;9
548400;SUBMISSION;;VEV_4500;SEASHELLS;742;7
548900;SUBMISSION;;VEV_5000;SEASHELLS;238;11
548900;SUBMISSION;;VEV_5000;SEASHELLS;239;19
550300;;SUBMISSION;VEV_4000;SEASHELLS;1237;1
550900;SUBMISSION;;VEV_4000;SEASHELLS;1226;2
552600;;SUBMISSION;VEV_4000;SEASHELLS;1239;3
553100;SUBMISSION;;VEV_4000;SEASHELLS;1229;2
553100;SUBMISSION;;VEV_5000;SEASHELLS;235;4
553100;SUBMISSION;;VEV_5000;SEASHELLS;238;12
553100;SUBMISSION;;VEV_5000;SEASHELLS;239;14
553200;SUBMISSION;;VEV_5000;SEASHELLS;237;10
553200;SUBMISSION;;VEV_5000;SEASHELLS;238;11
553300;;SUBMISSION;HYDROGEL_PACK;SEASHELLS;10031;6
553600;SUBMISSION;;VEV_5300;SEASHELLS;40;24
553800;SUBMISSION;;VEV_5300;SEASHELLS;40;27
555900;SUBMISSION;;VEV_5300;SEASHELLS;40;23
556000;SUBMISSION;;VEV_5300;SEASHELLS;40;10
556900;SUBMISSION;;VEV_4000;SEASHELLS;1224;3
567700;;SUBMISSION;VEV_4000;SEASHELLS;1241;1
568800;;SUBMISSION;VEV_4000;SEASHELLS;1245;2
569900;SUBMISSION;;VEV_4000;SEASHELLS;1232;1
576700;;SUBMISSION;VEV_4000;SEASHELLS;1240;2
578600;;SUBMISSION;HYDROGEL_PACK;SEASHELLS;10013;3
589100;SUBMISSION;;VEV_4000;SEASHELLS;1239;3
596300;;SUBMISSION;HYDROGEL_PACK;SEASHELLS;10026;2
598100;;SUBMISSION;HYDROGEL_PACK;SEASHELLS;10023;11
598100;;SUBMISSION;HYDROGEL_PACK;SEASHELLS;10020;24
598200;;SUBMISSION;HYDROGEL_PACK;SEASHELLS;10024;12
598200;;SUBMISSION;HYDROGEL_PACK;SEASHELLS;10021;26
598300;;SUBMISSION;HYDROGEL_PACK;SEASHELLS;10023;15
598300;;SUBMISSION;HYDROGEL_PACK;SEASHELLS;10020;25
598400;;SUBMISSION;HYDROGEL_PACK;SEASHELLS;10024;13
598400;;SUBMISSION;HYDROGEL_PACK;SEASHELLS;10022;28
598500;;SUBMISSION;HYDROGEL_PACK;SEASHELLS;10026;14
598500;;SUBMISSION;HYDROGEL_PACK;SEASHELLS;10024;22
598600;;SUBMISSION;HYDROGEL_PACK;SEASHELLS;10027;11
598600;;SUBMISSION;HYDROGEL_PACK;SEASHELLS;10025;24
598800;;SUBMISSION;HYDROGEL_PACK;SEASHELLS;10026;14
598800;;SUBMISSION;HYDROGEL_PACK;SEASHELLS;10023;3
599600;SUBMISSION;;VEV_4000;SEASHELLS;1231;1
600100;SUBMISSION;;VEV_4000;SEASHELLS;1228;2
608100;;SUBMISSION;VEV_4000;SEASHELLS;1225;2
621700;;SUBMISSION;VEV_4000;SEASHELLS;1240;3
622800;SUBMISSION;;VEV_4000;SEASHELLS;1232;1
624700;;SUBMISSION;VELVETFRUIT_EXTRACT;SEASHELLS;5241;5
626000;SUBMISSION;;VELVETFRUIT_EXTRACT;SEASHELLS;5234;5
631500;;SUBMISSION;VEV_4000;SEASHELLS;1225;3
631600;SUBMISSION;;VEV_4000;SEASHELLS;1231;2
642100;SUBMISSION;;VEV_5200;SEASHELLS;74;2
645000;;SUBMISSION;VEV_4000;SEASHELLS;1214;3
645100;SUBMISSION;;VEV_4000;SEASHELLS;1218;3
647200;SUBMISSION;;VEV_4000;SEASHELLS;1201;3
653200;SUBMISSION;;HYDROGEL_PACK;SEASHELLS;9976;6
653300;SUBMISSION;;HYDROGEL_PACK;SEASHELLS;9975;5
661300;;SUBMISSION;HYDROGEL_PACK;SEASHELLS;10010;6
666100;;SUBMISSION;HYDROGEL_PACK;SEASHELLS;10027;3
669200;;SUBMISSION;HYDROGEL_PACK;SEASHELLS;10026;2
671200;SUBMISSION;;VEV_4000;SEASHELLS;1214;2
685200;;SUBMISSION;VELVETFRUIT_EXTRACT;SEASHELLS;5230;6
688400;;SUBMISSION;VELVETFRUIT_EXTRACT;SEASHELLS;5235;6
688600;;SUBMISSION;VELVETFRUIT_EXTRACT;SEASHELLS;5236;5
693600;;SUBMISSION;VELVETFRUIT_EXTRACT;SEASHELLS;5234;5
696500;;SUBMISSION;VELVETFRUIT_EXTRACT;SEASHELLS;5236;24
702500;;SUBMISSION;VELVETFRUIT_EXTRACT;SEASHELLS;5247;4
702700;;SUBMISSION;VELVETFRUIT_EXTRACT;SEASHELLS;5248;8
703100;;SUBMISSION;VELVETFRUIT_EXTRACT;SEASHELLS;5248;7
704700;;SUBMISSION;VELVETFRUIT_EXTRACT;SEASHELLS;5256;8
710500;SUBMISSION;;VEV_5300;SEASHELLS;49;4
711800;;SUBMISSION;VEV_5100;SEASHELLS;175;12
711800;;SUBMISSION;VEV_5100;SEASHELLS;174;15
711900;;SUBMISSION;VEV_4000;SEASHELLS;1254;13
711900;;SUBMISSION;VEV_4000;SEASHELLS;1252;17
711900;;SUBMISSION;VEV_4500;SEASHELLS;757;8
711900;;SUBMISSION;VEV_4500;SEASHELLS;755;19
711900;;SUBMISSION;VEV_5000;SEASHELLS;265;27
711900;;SUBMISSION;VEV_5100;SEASHELLS;176;8
711900;;SUBMISSION;VEV_5100;SEASHELLS;175;19
712000;;SUBMISSION;VEV_4000;SEASHELLS;1254;7
712000;;SUBMISSION;VEV_4000;SEASHELLS;1251;23
712000;;SUBMISSION;VEV_5100;SEASHELLS;175;12
712000;;SUBMISSION;VEV_5100;SEASHELLS;174;18
712600;;SUBMISSION;VEV_5100;SEASHELLS;174;30
712700;;SUBMISSION;VEV_5100;SEASHELLS;174;30
712900;;SUBMISSION;VEV_4000;SEASHELLS;1254;8
712900;;SUBMISSION;VEV_4000;SEASHELLS;1251;22
712900;;SUBMISSION;VEV_5100;SEASHELLS;175;9
712900;;SUBMISSION;VEV_5100;SEASHELLS;174;19
713000;;SUBMISSION;VEV_4000;SEASHELLS;1256;13
713000;;SUBMISSION;VEV_4000;SEASHELLS;1253;17
713000;;SUBMISSION;VEV_4500;SEASHELLS;758;11
713000;;SUBMISSION;VEV_4500;SEASHELLS;756;19
713000;;SUBMISSION;VEV_5000;SEASHELLS;267;11
713000;;SUBMISSION;VEV_5000;SEASHELLS;266;19
713000;;SUBMISSION;VEV_5100;SEASHELLS;177;11
713000;;SUBMISSION;VEV_5100;SEASHELLS;176;19
713000;;SUBMISSION;VEV_5200;SEASHELLS;104;11
713000;;SUBMISSION;VEV_5200;SEASHELLS;103;19
713000;;SUBMISSION;VEV_5300;SEASHELLS;53;10
713000;;SUBMISSION;VEV_5300;SEASHELLS;52;16
713100;;SUBMISSION;VEV_4000;SEASHELLS;1256;12
713100;;SUBMISSION;VEV_4000;SEASHELLS;1253;18
713100;;SUBMISSION;VEV_4500;SEASHELLS;758;9
713100;;SUBMISSION;VEV_4500;SEASHELLS;756;18
713100;;SUBMISSION;VEV_5000;SEASHELLS;266;27
713100;;SUBMISSION;VEV_5100;SEASHELLS;177;9
713100;;SUBMISSION;VEV_5100;SEASHELLS;176;18
713100;;SUBMISSION;VEV_5200;SEASHELLS;103;27
713100;;SUBMISSION;VEV_5300;SEASHELLS;53;10
713100;;SUBMISSION;VEV_5300;SEASHELLS;52;17
713200;;SUBMISSION;VEV_4000;SEASHELLS;1258;10
713200;;SUBMISSION;VEV_4000;SEASHELLS;1256;20
713200;;SUBMISSION;VEV_4500;SEASHELLS;761;9
713200;;SUBMISSION;VEV_4500;SEASHELLS;759;21
713200;;SUBMISSION;VEV_5000;SEASHELLS;269;9
713200;;SUBMISSION;VEV_5000;SEASHELLS;268;21
713200;;SUBMISSION;VEV_5100;SEASHELLS;179;9
713200;;SUBMISSION;VEV_5100;SEASHELLS;178;21
713200;;SUBMISSION;VEV_5200;SEASHELLS;105;30
713200;;SUBMISSION;VEV_5300;SEASHELLS;54;5
713200;;SUBMISSION;VEV_5300;SEASHELLS;53;16
713300;;SUBMISSION;VEV_4000;SEASHELLS;1259;12
713300;;SUBMISSION;VEV_4000;SEASHELLS;1257;18
713300;;SUBMISSION;VEV_4500;SEASHELLS;762;8
713300;;SUBMISSION;VEV_4500;SEASHELLS;760;18
713300;;SUBMISSION;VEV_5000;SEASHELLS;270;8
713300;;SUBMISSION;VEV_5000;SEASHELLS;269;18
713300;;SUBMISSION;VEV_5100;SEASHELLS;180;8
713300;;SUBMISSION;VEV_5100;SEASHELLS;179;18
713300;;SUBMISSION;VEV_5200;SEASHELLS;106;26
713300;;SUBMISSION;VEV_5300;SEASHELLS;54;16
713400;;SUBMISSION;VELVETFRUIT_EXTRACT;SEASHELLS;5268;17
713400;;SUBMISSION;VELVETFRUIT_EXTRACT;SEASHELLS;5268;13
713400;;SUBMISSION;VEV_4000;SEASHELLS;1260;13
713400;;SUBMISSION;VEV_4000;SEASHELLS;1257;17
713400;;SUBMISSION;VEV_4500;SEASHELLS;762;10
713400;;SUBMISSION;VEV_4500;SEASHELLS;760;18
713400;;SUBMISSION;VEV_5000;SEASHELLS;270;28
713400;;SUBMISSION;VEV_5100;SEASHELLS;180;28
713400;;SUBMISSION;VEV_5200;SEASHELLS;106;28
713400;;SUBMISSION;VEV_5300;SEASHELLS;54;21
713500;;SUBMISSION;VEV_4000;SEASHELLS;1260;10
713500;;SUBMISSION;VEV_4000;SEASHELLS;1258;16
713500;;SUBMISSION;VEV_4500;SEASHELLS;763;12
713500;;SUBMISSION;VEV_4500;SEASHELLS;761;15
713500;;SUBMISSION;VEV_5000;SEASHELLS;271;12
713500;;SUBMISSION;VEV_5000;SEASHELLS;270;15
713500;;SUBMISSION;VEV_5100;SEASHELLS;181;12
713500;;SUBMISSION;VEV_5100;SEASHELLS;180;15
713500;;SUBMISSION;VEV_5200;SEASHELLS;107;12
713500;;SUBMISSION;VEV_5200;SEASHELLS;106;15
713500;;SUBMISSION;VEV_5300;SEASHELLS;55;9
713500;;SUBMISSION;VEV_5300;SEASHELLS;54;15
713600;;SUBMISSION;VELVETFRUIT_EXTRACT;SEASHELLS;5271;15
713600;;SUBMISSION;VEV_4000;SEASHELLS;1263;14
713600;;SUBMISSION;VEV_4000;SEASHELLS;1260;15
713600;;SUBMISSION;VEV_4500;SEASHELLS;765;7
713600;;SUBMISSION;VEV_4500;SEASHELLS;763;12
713600;;SUBMISSION;VEV_5000;SEASHELLS;273;7
713600;;SUBMISSION;VEV_5000;SEASHELLS;272;12
713600;;SUBMISSION;VEV_5100;SEASHELLS;183;7
713600;;SUBMISSION;VEV_5100;SEASHELLS;182;12
713600;;SUBMISSION;VEV_5200;SEASHELLS;108;19
713600;;SUBMISSION;VEV_5300;SEASHELLS;56;10
713600;;SUBMISSION;VEV_5300;SEASHELLS;55;12
713700;;SUBMISSION;VEV_4000;SEASHELLS;1262;13
713700;;SUBMISSION;VEV_4000;SEASHELLS;1260;17
713700;;SUBMISSION;VEV_4500;SEASHELLS;765;11
713700;;SUBMISSION;VEV_4500;SEASHELLS;763;14
713700;;SUBMISSION;VEV_5000;SEASHELLS;273;11
713700;;SUBMISSION;VEV_5000;SEASHELLS;272;14
713700;;SUBMISSION;VEV_5100;SEASHELLS;182;25
713700;;SUBMISSION;VEV_5200;SEASHELLS;108;11
713700;;SUBMISSION;VEV_5200;SEASHELLS;107;14
713700;;SUBMISSION;VEV_5300;SEASHELLS;55;18
713800;;SUBMISSION;VEV_4000;SEASHELLS;1262;11
713800;;SUBMISSION;VEV_4000;SEASHELLS;1259;16
713800;;SUBMISSION;VEV_4500;SEASHELLS;764;8
713800;;SUBMISSION;VEV_4500;SEASHELLS;762;22
713800;;SUBMISSION;VEV_5000;SEASHELLS;272;30
713800;;SUBMISSION;VEV_5100;SEASHELLS;182;8
713800;;SUBMISSION;VEV_5100;SEASHELLS;181;22
713800;;SUBMISSION;VEV_5200;SEASHELLS;108;8
713800;;SUBMISSION;VEV_5200;SEASHELLS;107;22
713800;;SUBMISSION;VEV_5300;SEASHELLS;55;22
713900;;SUBMISSION;VELVETFRUIT_EXTRACT;SEASHELLS;5274;6
713900;;SUBMISSION;VEV_4000;SEASHELLS;1262;13
713900;;SUBMISSION;VEV_4000;SEASHELLS;1259;17
713900;;SUBMISSION;VEV_4500;SEASHELLS;764;10
713900;;SUBMISSION;VEV_4500;SEASHELLS;763;20
713900;;SUBMISSION;VEV_5000;SEASHELLS;272;30
713900;;SUBMISSION;VEV_5100;SEASHELLS;182;30
713900;;SUBMISSION;VEV_5200;SEASHELLS;108;10
713900;;SUBMISSION;VEV_5200;SEASHELLS;107;20
713900;;SUBMISSION;VEV_5300;SEASHELLS;55;22
714000;;SUBMISSION;VEV_4000;SEASHELLS;1262;12
714000;;SUBMISSION;VEV_4000;SEASHELLS;1259;17
714000;;SUBMISSION;VEV_4500;SEASHELLS;764;12
714000;;SUBMISSION;VEV_4500;SEASHELLS;763;12
714000;;SUBMISSION;VEV_5000;SEASHELLS;272;24
714000;;SUBMISSION;VEV_5100;SEASHELLS;182;24
714000;;SUBMISSION;VEV_5200;SEASHELLS;108;12
714000;;SUBMISSION;VEV_5200;SEASHELLS;107;12
714000;;SUBMISSION;VEV_5300;SEASHELLS;55;24
714100;;SUBMISSION;VEV_4000;SEASHELLS;1261;15
714100;;SUBMISSION;VEV_4000;SEASHELLS;1259;15
714100;;SUBMISSION;VEV_4500;SEASHELLS;764;11
714100;;SUBMISSION;VEV_4500;SEASHELLS;762;19
714100;;SUBMISSION;VEV_5000;SEASHELLS;272;11
714100;;SUBMISSION;VEV_5000;SEASHELLS;271;19
714100;;SUBMISSION;VEV_5100;SEASHELLS;181;30
714100;;SUBMISSION;VEV_5200;SEASHELLS;107;30
714100;;SUBMISSION;VEV_5300;SEASHELLS;55;28
714200;;SUBMISSION;VEV_4000;SEASHELLS;1261;10
714200;;SUBMISSION;VEV_4000;SEASHELLS;1258;20
714200;;SUBMISSION;VEV_4500;SEASHELLS;763;7
714200;;SUBMISSION;VEV_4500;SEASHELLS;761;19
714200;;SUBMISSION;VEV_5000;SEASHELLS;271;26
714200;;SUBMISSION;VEV_5100;SEASHELLS;181;26
714200;;SUBMISSION;VEV_5200;SEASHELLS;107;26
714200;;SUBMISSION;VEV_5300;SEASHELLS;55;27
714300;;SUBMISSION;VEV_4000;SEASHELLS;1261;10
714300;;SUBMISSION;VEV_4000;SEASHELLS;1258;20
714300;;SUBMISSION;VEV_4500;SEASHELLS;763;7
714300;;SUBMISSION;VEV_4500;SEASHELLS;761;14
714300;;SUBMISSION;VEV_5000;SEASHELLS;271;21
714300;;SUBMISSION;VEV_5100;SEASHELLS;181;21
714300;;SUBMISSION;VEV_5200;SEASHELLS;107;21
714300;;SUBMISSION;VEV_5300;SEASHELLS;55;21
714400;;SUBMISSION;VEV_4000;SEASHELLS;1261;12
714400;;SUBMISSION;VEV_4000;SEASHELLS;1259;18
714400;;SUBMISSION;VEV_4500;SEASHELLS;764;10
714400;;SUBMISSION;VEV_4500;SEASHELLS;762;15
714400;;SUBMISSION;VEV_5000;SEASHELLS;272;10
714400;;SUBMISSION;VEV_5000;SEASHELLS;271;15
714400;;SUBMISSION;VEV_5100;SEASHELLS;181;25
714400;;SUBMISSION;VEV_5200;SEASHELLS;107;25
714400;;SUBMISSION;VEV_5300;SEASHELLS;55;28
714500;;SUBMISSION;VEV_4000;SEASHELLS;1261;7
714500;;SUBMISSION;VEV_4000;SEASHELLS;1258;23
714500;;SUBMISSION;VEV_4500;SEASHELLS;763;8
714500;;SUBMISSION;VEV_4500;SEASHELLS;761;12
714500;;SUBMISSION;VEV_5000;SEASHELLS;271;8
714500;;SUBMISSION;VEV_5000;SEASHELLS;270;12
714500;;SUBMISSION;VEV_5100;SEASHELLS;181;8
714500;;SUBMISSION;VEV_5100;SEASHELLS;180;12
714500;;SUBMISSION;VEV_5200;SEASHELLS;107;8
714500;;SUBMISSION;VEV_5200;SEASHELLS;106;12
714500;;SUBMISSION;VEV_5300;SEASHELLS;55;19
714600;;SUBMISSION;VEV_4000;SEASHELLS;1260;13
714600;;SUBMISSION;VEV_4000;SEASHELLS;1257;17
714600;;SUBMISSION;VEV_4500;SEASHELLS;762;12
714600;;SUBMISSION;VEV_4500;SEASHELLS;760;12
714600;;SUBMISSION;VEV_5000;SEASHELLS;270;24
714600;;SUBMISSION;VEV_5200;SEASHELLS;106;24
714600;;SUBMISSION;VEV_5300;SEASHELLS;54;22
714700;;SUBMISSION;VEV_4000;SEASHELLS;1258;4
714700;;SUBMISSION;VEV_4500;SEASHELLS;761;8
714700;;SUBMISSION;VEV_4500;SEASHELLS;759;22
714700;;SUBMISSION;VEV_5000;SEASHELLS;269;8
714700;;SUBMISSION;VEV_5000;SEASHELLS;268;22
714700;;SUBMISSION;VEV_5200;SEASHELLS;105;30
714700;;SUBMISSION;VEV_5300;SEASHELLS;54;27
714800;;SUBMISSION;VEV_4500;SEASHELLS;761;12
714800;;SUBMISSION;VEV_4500;SEASHELLS;759;13
714800;;SUBMISSION;VEV_5000;SEASHELLS;269;25
714800;;SUBMISSION;VEV_5200;SEASHELLS;105;25
714800;;SUBMISSION;VEV_5300;SEASHELLS;54;21
714900;;SUBMISSION;VEV_4500;SEASHELLS;760;6
714900;;SUBMISSION;VEV_4500;SEASHELLS;759;24
714900;;SUBMISSION;VEV_5000;SEASHELLS;269;6
714900;;SUBMISSION;VEV_5000;SEASHELLS;268;24
714900;;SUBMISSION;VEV_5200;SEASHELLS;105;30
714900;;SUBMISSION;VEV_5300;SEASHELLS;54;5
714900;;SUBMISSION;VEV_5300;SEASHELLS;53;18
715000;;SUBMISSION;VEV_4500;SEASHELLS;761;11
715000;;SUBMISSION;VEV_4500;SEASHELLS;759;19
715000;;SUBMISSION;VEV_5000;SEASHELLS;269;30
715000;;SUBMISSION;VEV_5200;SEASHELLS;105;30
715000;;SUBMISSION;VEV_5300;SEASHELLS;54;29
715100;;SUBMISSION;VEV_4500;SEASHELLS;761;6
715100;;SUBMISSION;VEV_5000;SEASHELLS;269;6
715100;;SUBMISSION;VEV_5200;SEASHELLS;105;30
715100;;SUBMISSION;VEV_5300;SEASHELLS;54;20
715200;;SUBMISSION;VEV_5200;SEASHELLS;106;5
715200;;SUBMISSION;VEV_5300;SEASHELLS;54;17
715300;;SUBMISSION;VEV_5300;SEASHELLS;54;23
715400;;SUBMISSION;VEV_5300;SEASHELLS;55;26
715500;;SUBMISSION;VEV_5300;SEASHELLS;55;20
719600;SUBMISSION;;VEV_4000;SEASHELLS;1259;2
719700;;SUBMISSION;VEV_4000;SEASHELLS;1256;2
721900;SUBMISSION;;VEV_4000;SEASHELLS;1258;3
722300;;SUBMISSION;VELVETFRUIT_EXTRACT;SEASHELLS;5264;6
722700;;SUBMISSION;VEV_4000;SEASHELLS;1255;3
725400;;SUBMISSION;VELVETFRUIT_EXTRACT;SEASHELLS;5266;5
725800;;SUBMISSION;VELVETFRUIT_EXTRACT;SEASHELLS;5264;8
726600;;SUBMISSION;VELVETFRUIT_EXTRACT;SEASHELLS;5263;7
728300;;SUBMISSION;VELVETFRUIT_EXTRACT;SEASHELLS;5260;5
731200;;SUBMISSION;VELVETFRUIT_EXTRACT;SEASHELLS;5275;4
731500;;SUBMISSION;VELVETFRUIT_EXTRACT;SEASHELLS;5273;20
731500;;SUBMISSION;VELVETFRUIT_EXTRACT;SEASHELLS;5272;50
731600;;SUBMISSION;VELVETFRUIT_EXTRACT;SEASHELLS;5275;56
731600;;SUBMISSION;VEV_5400;SEASHELLS;20;26
731600;;SUBMISSION;VEV_5500;SEASHELLS;8;26
731700;;SUBMISSION;VELVETFRUIT_EXTRACT;SEASHELLS;5277;23
731700;;SUBMISSION;VELVETFRUIT_EXTRACT;SEASHELLS;5276;33
731700;;SUBMISSION;VEV_5400;SEASHELLS;20;24
731700;;SUBMISSION;VEV_5500;SEASHELLS;9;8
731700;;SUBMISSION;VEV_5500;SEASHELLS;8;16
731800;;SUBMISSION;VELVETFRUIT_EXTRACT;SEASHELLS;5277;25
731800;;SUBMISSION;VELVETFRUIT_EXTRACT;SEASHELLS;5276;34
731800;;SUBMISSION;VEV_5400;SEASHELLS;20;25
731800;;SUBMISSION;VEV_5500;SEASHELLS;9;25
731900;;SUBMISSION;VEV_5400;SEASHELLS;20;20
731900;;SUBMISSION;VEV_5500;SEASHELLS;9;20
732000;;SUBMISSION;VEV_5400;SEASHELLS;20;17
732000;;SUBMISSION;VEV_5500;SEASHELLS;9;17
732100;;SUBMISSION;VEV_5400;SEASHELLS;20;20
732100;;SUBMISSION;VEV_5500;SEASHELLS;9;20
732200;;SUBMISSION;VEV_5400;SEASHELLS;20;28
732200;;SUBMISSION;VEV_5500;SEASHELLS;9;28
732300;;SUBMISSION;VEV_5400;SEASHELLS;20;16
732300;;SUBMISSION;VEV_5500;SEASHELLS;9;16
732400;;SUBMISSION;VEV_5400;SEASHELLS;20;20
732400;;SUBMISSION;VEV_5500;SEASHELLS;9;20
732500;;SUBMISSION;VEV_5400;SEASHELLS;20;18
732500;;SUBMISSION;VEV_5500;SEASHELLS;9;18
732600;;SUBMISSION;VEV_5400;SEASHELLS;20;19
732600;;SUBMISSION;VEV_5500;SEASHELLS;9;19
732700;;SUBMISSION;VEV_5400;SEASHELLS;20;26
732700;;SUBMISSION;VEV_5500;SEASHELLS;8;26
732800;;SUBMISSION;VEV_5400;SEASHELLS;20;21
732800;;SUBMISSION;VEV_5500;SEASHELLS;8;21
732900;;SUBMISSION;VEV_5400;SEASHELLS;19;22
733000;;SUBMISSION;VEV_5400;SEASHELLS;20;18
733000;;SUBMISSION;VEV_5500;SEASHELLS;8;18
733100;;SUBMISSION;VEV_5400;SEASHELLS;20;24
733100;;SUBMISSION;VEV_5500;SEASHELLS;8;24
733200;;SUBMISSION;VEV_5400;SEASHELLS;20;22
733200;;SUBMISSION;VEV_5500;SEASHELLS;9;22
733300;;SUBMISSION;VEV_5400;SEASHELLS;20;15
733300;;SUBMISSION;VEV_5500;SEASHELLS;9;15
733400;;SUBMISSION;VEV_5400;SEASHELLS;20;21
733400;;SUBMISSION;VEV_5500;SEASHELLS;9;21
733500;;SUBMISSION;VEV_5400;SEASHELLS;20;27
733500;;SUBMISSION;VEV_5500;SEASHELLS;9;27
733600;;SUBMISSION;VEV_5400;SEASHELLS;20;24
733600;;SUBMISSION;VEV_5500;SEASHELLS;9;24
733700;;SUBMISSION;VEV_5400;SEASHELLS;20;26
733700;;SUBMISSION;VEV_5500;SEASHELLS;9;26
733800;;SUBMISSION;VEV_5400;SEASHELLS;20;16
733800;;SUBMISSION;VEV_5500;SEASHELLS;9;16
733900;;SUBMISSION;VEV_5400;SEASHELLS;21;24
733900;;SUBMISSION;VEV_5500;SEASHELLS;9;24
734000;;SUBMISSION;VEV_5400;SEASHELLS;21;9
734000;;SUBMISSION;VEV_5400;SEASHELLS;20;10
734000;;SUBMISSION;VEV_5500;SEASHELLS;9;19
734100;;SUBMISSION;VEV_5400;SEASHELLS;21;25
734100;;SUBMISSION;VEV_5500;SEASHELLS;9;25
734200;;SUBMISSION;VEV_5400;SEASHELLS;21;16
734200;;SUBMISSION;VEV_5500;SEASHELLS;9;16
734300;;SUBMISSION;VEV_5400;SEASHELLS;20;12
734300;;SUBMISSION;VEV_5500;SEASHELLS;9;15
734400;;SUBMISSION;VEV_5500;SEASHELLS;9;18
738100;;SUBMISSION;VEV_4000;SEASHELLS;1277;2
743600;SUBMISSION;;VEV_4000;SEASHELLS;1264;3
743700;;SUBMISSION;VEV_4000;SEASHELLS;1258;1
743800;;SUBMISSION;VEV_4000;SEASHELLS;1274;3
746300;SUBMISSION;;VEV_5400;SEASHELLS;20;1
746400;;SUBMISSION;VEV_5400;SEASHELLS;20;1
747400;SUBMISSION;;VEV_4000;SEASHELLS;1269;3
747700;SUBMISSION;;VEV_4000;SEASHELLS;1266;3
747800;;SUBMISSION;VEV_4000;SEASHELLS;1260;3
753400;SUBMISSION;;VEV_4000;SEASHELLS;1258;3
756300;;SUBMISSION;VEV_4000;SEASHELLS;1271;2
756400;;SUBMISSION;VEV_4000;SEASHELLS;1256;1
762700;SUBMISSION;;VEV_4000;SEASHELLS;1266;2
762800;;SUBMISSION;VEV_4000;SEASHELLS;1261;2
764300;SUBMISSION;;VEV_4000;SEASHELLS;1263;2
764400;;SUBMISSION;VEV_4000;SEASHELLS;1258;2
772000;;SUBMISSION;VEV_4000;SEASHELLS;1268;3
775300;SUBMISSION;;VEV_4000;SEASHELLS;1255;1
783300;SUBMISSION;;VEV_4000;SEASHELLS;1254;3
786900;SUBMISSION;;VEV_4000;SEASHELLS;1255;1
789200;SUBMISSION;;VEV_4000;SEASHELLS;1255;3
790000;;SUBMISSION;VEV_4000;SEASHELLS;1256;5
801000;;SUBMISSION;VEV_4000;SEASHELLS;1254;2
802000;SUBMISSION;;VELVETFRUIT_EXTRACT;SEASHELLS;5246;8
802500;SUBMISSION;;VELVETFRUIT_EXTRACT;SEASHELLS;5244;17
802500;SUBMISSION;;VELVETFRUIT_EXTRACT;SEASHELLS;5245;45
802600;SUBMISSION;;VELVETFRUIT_EXTRACT;SEASHELLS;5243;15
802600;SUBMISSION;;VELVETFRUIT_EXTRACT;SEASHELLS;5244;35
802700;SUBMISSION;;VELVETFRUIT_EXTRACT;SEASHELLS;5242;65
802800;SUBMISSION;;VELVETFRUIT_EXTRACT;SEASHELLS;5243;15
802800;SUBMISSION;;VELVETFRUIT_EXTRACT;SEASHELLS;5244;36
802900;SUBMISSION;;VELVETFRUIT_EXTRACT;SEASHELLS;5241;23
802900;SUBMISSION;;VELVETFRUIT_EXTRACT;SEASHELLS;5242;49
803000;SUBMISSION;;VELVETFRUIT_EXTRACT;SEASHELLS;5241;22
803000;SUBMISSION;;VELVETFRUIT_EXTRACT;SEASHELLS;5242;40
803100;SUBMISSION;;VELVETFRUIT_EXTRACT;SEASHELLS;5241;30
804900;SUBMISSION;;VEV_4000;SEASHELLS;1235;1
805300;SUBMISSION;;HYDROGEL_PACK;SEASHELLS;9999;4
807400;;SUBMISSION;VELVETFRUIT_EXTRACT;SEASHELLS;5252;4
809700;;SUBMISSION;HYDROGEL_PACK;SEASHELLS;10017;2
810100;SUBMISSION;;VELVETFRUIT_EXTRACT;SEASHELLS;5245;4
810600;;SUBMISSION;HYDROGEL_PACK;SEASHELLS;10014;2
811000;SUBMISSION;;VEV_5500;SEASHELLS;5;23
811100;SUBMISSION;;VEV_5500;SEASHELLS;5;16
811200;SUBMISSION;;VEV_5400;SEASHELLS;12;22
811200;SUBMISSION;;VEV_5500;SEASHELLS;5;22
811300;SUBMISSION;;VEV_5400;SEASHELLS;12;20
811300;SUBMISSION;;VEV_5500;SEASHELLS;5;20
811400;SUBMISSION;;VEV_5500;SEASHELLS;5;25
811500;SUBMISSION;;VEV_5400;SEASHELLS;12;27
811500;SUBMISSION;;VEV_5500;SEASHELLS;5;27
811600;SUBMISSION;;VEV_5500;SEASHELLS;5;21
811700;SUBMISSION;;VEV_5500;SEASHELLS;5;20
811800;SUBMISSION;;VEV_5400;SEASHELLS;12;7
811800;SUBMISSION;;VEV_5400;SEASHELLS;13;16
811800;SUBMISSION;;VEV_5500;SEASHELLS;5;23
811900;SUBMISSION;;VEV_5500;SEASHELLS;5;19
812000;SUBMISSION;;VEV_5400;SEASHELLS;12;10
812000;SUBMISSION;;VEV_5400;SEASHELLS;13;20
812000;SUBMISSION;;VEV_5500;SEASHELLS;5;30
812100;SUBMISSION;;VEV_5400;SEASHELLS;12;22
812100;SUBMISSION;;VEV_5500;SEASHELLS;5;22
812200;SUBMISSION;;VEV_5400;SEASHELLS;12;21
812200;SUBMISSION;;VEV_5500;SEASHELLS;5;21
812300;SUBMISSION;;VEV_5400;SEASHELLS;12;26
812300;SUBMISSION;;VEV_5500;SEASHELLS;5;26
812400;SUBMISSION;;VEV_5400;SEASHELLS;12;20
812400;SUBMISSION;;VEV_5500;SEASHELLS;5;20
812500;SUBMISSION;;VEV_5400;SEASHELLS;12;26
812500;SUBMISSION;;VEV_5500;SEASHELLS;5;26
812600;SUBMISSION;;VEV_5200;SEASHELLS;84;4
812600;SUBMISSION;;VEV_5200;SEASHELLS;86;26
812600;SUBMISSION;;VEV_5400;SEASHELLS;12;22
812600;SUBMISSION;;VEV_5500;SEASHELLS;5;22
812700;SUBMISSION;;VEV_5400;SEASHELLS;12;21
812700;SUBMISSION;;VEV_5500;SEASHELLS;5;21
812800;SUBMISSION;;VEV_5200;SEASHELLS;85;18
812800;SUBMISSION;;VEV_5400;SEASHELLS;12;19
812800;SUBMISSION;;VEV_5500;SEASHELLS;5;19
812900;SUBMISSION;;VEV_5400;SEASHELLS;12;26
812900;SUBMISSION;;VEV_5500;SEASHELLS;5;26
813000;SUBMISSION;;VEV_4000;SEASHELLS;1231;3
813000;SUBMISSION;;VEV_4000;SEASHELLS;1242;7
813000;SUBMISSION;;VEV_4000;SEASHELLS;1244;20
813000;SUBMISSION;;VEV_5100;SEASHELLS;149;3
813000;SUBMISSION;;VEV_5100;SEASHELLS;152;21
813000;SUBMISSION;;VEV_5200;SEASHELLS;82;3
813000;SUBMISSION;;VEV_5200;SEASHELLS;84;21
813000;SUBMISSION;;VEV_5300;SEASHELLS;39;3
813000;SUBMISSION;;VEV_5300;SEASHELLS;40;9
813000;SUBMISSION;;VEV_5300;SEASHELLS;41;12
813000;SUBMISSION;;VEV_5400;SEASHELLS;11;3
813000;SUBMISSION;;VEV_5400;SEASHELLS;12;21
813000;SUBMISSION;;VEV_5500;SEASHELLS;5;21
813100;SUBMISSION;;VEV_5200;SEASHELLS;84;27
813100;SUBMISSION;;VEV_5400;SEASHELLS;12;21
813100;SUBMISSION;;VEV_5500;SEASHELLS;5;21
813200;SUBMISSION;;HYDROGEL_PACK;SEASHELLS;9999;4
813200;SUBMISSION;;VEV_5200;SEASHELLS;84;30
813200;SUBMISSION;;VEV_5400;SEASHELLS;12;20
813200;SUBMISSION;;VEV_5500;SEASHELLS;5;20
813300;SUBMISSION;;VEV_5200;SEASHELLS;84;30
813300;SUBMISSION;;VEV_5400;SEASHELLS;12;18
813300;SUBMISSION;;VEV_5500;SEASHELLS;5;18
813400;SUBMISSION;;VEV_5100;SEASHELLS;151;11
813400;SUBMISSION;;VEV_5100;SEASHELLS;152;15
813400;SUBMISSION;;VEV_5200;SEASHELLS;83;11
813400;SUBMISSION;;VEV_5200;SEASHELLS;84;15
813400;SUBMISSION;;VEV_5400;SEASHELLS;12;24
813400;SUBMISSION;;VEV_5500;SEASHELLS;5;24
813500;SUBMISSION;;HYDROGEL_PACK;SEASHELLS;10003;15
813500;SUBMISSION;;VEV_5200;SEASHELLS;84;24
813500;SUBMISSION;;VEV_5400;SEASHELLS;12;21
813500;SUBMISSION;;VEV_5500;SEASHELLS;5;21
813600;SUBMISSION;;HYDROGEL_PACK;SEASHELLS;10001;10
813600;SUBMISSION;;VEV_5200;SEASHELLS;84;30
813600;SUBMISSION;;VEV_5400;SEASHELLS;12;22
813600;SUBMISSION;;VEV_5500;SEASHELLS;5;16
813700;SUBMISSION;;HYDROGEL_PACK;SEASHELLS;10001;15
813700;SUBMISSION;;VEV_5200;SEASHELLS;84;30
813700;SUBMISSION;;VEV_5400;SEASHELLS;12;25
813800;SUBMISSION;;HYDROGEL_PACK;SEASHELLS;10001;10
813800;SUBMISSION;;VEV_5100;SEASHELLS;151;10
813800;SUBMISSION;;VEV_5100;SEASHELLS;152;20
813800;SUBMISSION;;VEV_5200;SEASHELLS;83;10
813800;SUBMISSION;;VEV_5200;SEASHELLS;84;20
813800;SUBMISSION;;VEV_5400;SEASHELLS;12;18
813900;SUBMISSION;;HYDROGEL_PACK;SEASHELLS;9999;10
813900;SUBMISSION;;HYDROGEL_PACK;SEASHELLS;10002;29
813900;SUBMISSION;;VEV_5100;SEASHELLS;150;30
813900;SUBMISSION;;VEV_5200;SEASHELLS;82;11
813900;SUBMISSION;;VEV_5200;SEASHELLS;83;19
813900;SUBMISSION;;VEV_5400;SEASHELLS;11;30
814000;SUBMISSION;;HYDROGEL_PACK;SEASHELLS;9999;12
814000;SUBMISSION;;HYDROGEL_PACK;SEASHELLS;10001;24
814000;SUBMISSION;;VEV_5100;SEASHELLS;149;11
814000;SUBMISSION;;VEV_5100;SEASHELLS;150;12
814000;SUBMISSION;;VEV_5200;SEASHELLS;82;23
814000;SUBMISSION;;VEV_5300;SEASHELLS;39;26
814000;SUBMISSION;;VEV_5400;SEASHELLS;11;26
814100;SUBMISSION;;HYDROGEL_PACK;SEASHELLS;9999;13
814100;SUBMISSION;;HYDROGEL_PACK;SEASHELLS;10001;25
814100;SUBMISSION;;VEV_5100;SEASHELLS;150;30
814100;SUBMISSION;;VEV_5200;SEASHELLS;82;8
814100;SUBMISSION;;VEV_5200;SEASHELLS;83;22
814100;SUBMISSION;;VEV_5400;SEASHELLS;11;16
814200;SUBMISSION;;HYDROGEL_PACK;SEASHELLS;9999;10
814200;SUBMISSION;;HYDROGEL_PACK;SEASHELLS;10002;21
814200;SUBMISSION;;VEV_5100;SEASHELLS;150;23
814200;SUBMISSION;;VEV_5200;SEASHELLS;82;8
814200;SUBMISSION;;VEV_5200;SEASHELLS;83;15
814300;SUBMISSION;;VEV_5100;SEASHELLS;151;11
814300;SUBMISSION;;VEV_5100;SEASHELLS;152;19
814300;SUBMISSION;;VEV_5200;SEASHELLS;83;11
814300;SUBMISSION;;VEV_5200;SEASHELLS;84;19
814400;SUBMISSION;;VEV_5100;SEASHELLS;151;30
814400;SUBMISSION;;VEV_5200;SEASHELLS;83;30
814500;SUBMISSION;;HYDROGEL_PACK;SEASHELLS;9990;3
814500;SUBMISSION;;VEV_5100;SEASHELLS;150;8
814500;SUBMISSION;;VEV_5100;SEASHELLS;151;13
814500;SUBMISSION;;VEV_5200;SEASHELLS;83;21
814600;SUBMISSION;;VEV_5100;SEASHELLS;150;29
814600;SUBMISSION;;VEV_5200;SEASHELLS;82;7
814600;SUBMISSION;;VEV_5200;SEASHELLS;83;22
814700;SUBMISSION;;HYDROGEL_PACK;SEASHELLS;10001;10
814700;SUBMISSION;;VEV_5100;SEASHELLS;151;22
814700;SUBMISSION;;VEV_5200;SEASHELLS;83;22
814800;SUBMISSION;;HYDROGEL_PACK;SEASHELLS;10001;15
814800;SUBMISSION;;VEV_5100;SEASHELLS;149;8
814800;SUBMISSION;;VEV_5100;SEASHELLS;150;22
814800;SUBMISSION;;VEV_5200;SEASHELLS;82;30
814800;SUBMISSION;;VEV_5300;SEASHELLS;39;19
814900;SUBMISSION;;HYDROGEL_PACK;SEASHELLS;10000;10
814900;SUBMISSION;;VEV_5100;SEASHELLS;150;30
814900;SUBMISSION;;VEV_5200;SEASHELLS;82;23
815000;SUBMISSION;;VEV_5000;SEASHELLS;236;6
815000;SUBMISSION;;VEV_5000;SEASHELLS;237;24
815000;SUBMISSION;;VEV_5100;SEASHELLS;149;30
815000;SUBMISSION;;VEV_5300;SEASHELLS;39;27
815100;SUBMISSION;;VEV_5000;SEASHELLS;236;30
815100;SUBMISSION;;VEV_5100;SEASHELLS;149;30
815100;SUBMISSION;;VEV_5300;SEASHELLS;39;28
815200;SUBMISSION;;VEV_5100;SEASHELLS;149;10
815200;SUBMISSION;;VEV_5100;SEASHELLS;150;18
815200;SUBMISSION;;VEV_5300;SEASHELLS;39;20
815300;SUBMISSION;;VEV_5100;SEASHELLS;149;8
815300;SUBMISSION;;VEV_5100;SEASHELLS;150;12
815300;SUBMISSION;;VEV_5300;SEASHELLS;39;23
815400;SUBMISSION;;VEV_5100;SEASHELLS;150;30
815500;SUBMISSION;;VEV_5100;SEASHELLS;150;6
815500;SUBMISSION;;VEV_5100;SEASHELLS;151;12
816200;SUBMISSION;;VEV_5100;SEASHELLS;151;25
816300;SUBMISSION;;VEV_5100;SEASHELLS;150;7
816300;SUBMISSION;;VEV_5100;SEASHELLS;151;16
816400;SUBMISSION;;VEV_5100;SEASHELLS;150;8
816800;SUBMISSION;;HYDROGEL_PACK;SEASHELLS;10000;4
821100;SUBMISSION;;HYDROGEL_PACK;SEASHELLS;9994;4
821300;SUBMISSION;;VEV_4000;SEASHELLS;1238;2
824200;;SUBMISSION;VELVETFRUIT_EXTRACT;SEASHELLS;5250;4
827000;;SUBMISSION;VELVETFRUIT_EXTRACT;SEASHELLS;5246;7
827500;;SUBMISSION;VELVETFRUIT_EXTRACT;SEASHELLS;5246;8
828000;SUBMISSION;;VELVETFRUIT_EXTRACT;SEASHELLS;5243;19
833600;;SUBMISSION;HYDROGEL_PACK;SEASHELLS;10025;13
833600;;SUBMISSION;HYDROGEL_PACK;SEASHELLS;10023;27
833700;;SUBMISSION;HYDROGEL_PACK;SEASHELLS;10027;12
833700;;SUBMISSION;HYDROGEL_PACK;SEASHELLS;10025;30
833800;;SUBMISSION;HYDROGEL_PACK;SEASHELLS;10028;11
833800;;SUBMISSION;HYDROGEL_PACK;SEASHELLS;10025;24
833900;;SUBMISSION;HYDROGEL_PACK;SEASHELLS;10027;14
833900;;SUBMISSION;HYDROGEL_PACK;SEASHELLS;10025;21
834000;;SUBMISSION;HYDROGEL_PACK;SEASHELLS;10026;13
834000;;SUBMISSION;HYDROGEL_PACK;SEASHELLS;10023;22
834100;;SUBMISSION;HYDROGEL_PACK;SEASHELLS;10030;13
834100;;SUBMISSION;HYDROGEL_PACK;SEASHELLS;10028;30
834200;;SUBMISSION;HYDROGEL_PACK;SEASHELLS;10032;13
834200;;SUBMISSION;HYDROGEL_PACK;SEASHELLS;10029;1
838700;;SUBMISSION;VELVETFRUIT_EXTRACT;SEASHELLS;5251;20
838700;;SUBMISSION;VELVETFRUIT_EXTRACT;SEASHELLS;5251;10
839600;;SUBMISSION;VELVETFRUIT_EXTRACT;SEASHELLS;5252;8
845400;;SUBMISSION;VELVETFRUIT_EXTRACT;SEASHELLS;5255;18
845400;;SUBMISSION;VELVETFRUIT_EXTRACT;SEASHELLS;5255;8
848200;;SUBMISSION;VEV_4000;SEASHELLS;1267;2
848900;SUBMISSION;;VEV_5300;SEASHELLS;51;3
848900;SUBMISSION;;VEV_5500;SEASHELLS;7;3
849100;;SUBMISSION;VEV_5100;SEASHELLS;176;24
849200;SUBMISSION;;VEV_4000;SEASHELLS;1261;2
849200;;SUBMISSION;VEV_5100;SEASHELLS;176;28
849300;;SUBMISSION;VELVETFRUIT_EXTRACT;SEASHELLS;5269;8
849300;;SUBMISSION;VEV_4000;SEASHELLS;1257;13
849300;;SUBMISSION;VEV_4000;SEASHELLS;1254;17
849300;;SUBMISSION;VEV_5000;SEASHELLS;267;9
849300;;SUBMISSION;VEV_5000;SEASHELLS;266;16
849300;;SUBMISSION;VEV_5100;SEASHELLS;177;9
849300;;SUBMISSION;VEV_5100;SEASHELLS;176;16
849400;;SUBMISSION;VEV_4000;SEASHELLS;1257;1
849400;;SUBMISSION;VEV_5000;SEASHELLS;268;9
849400;;SUBMISSION;VEV_5000;SEASHELLS;267;14
849400;;SUBMISSION;VEV_5100;SEASHELLS;177;23
849400;;SUBMISSION;VEV_5200;SEASHELLS;104;23
849500;;SUBMISSION;VEV_5000;SEASHELLS;268;11
849500;;SUBMISSION;VEV_5000;SEASHELLS;267;1
849500;;SUBMISSION;VEV_5100;SEASHELLS;177;30
849500;;SUBMISSION;VEV_5200;SEASHELLS;104;30
849600;;SUBMISSION;VEV_5100;SEASHELLS;177;9
849600;;SUBMISSION;VEV_5100;SEASHELLS;176;14
849700;;SUBMISSION;VEV_5100;SEASHELLS;176;6
849700;;SUBMISSION;VEV_5100;SEASHELLS;175;16
850600;;SUBMISSION;VELVETFRUIT_EXTRACT;SEASHELLS;5260;5
852000;;SUBMISSION;VEV_5100;SEASHELLS;177;30
852000;;SUBMISSION;VEV_5200;SEASHELLS;104;30
852100;;SUBMISSION;VEV_5100;SEASHELLS;177;9
852100;;SUBMISSION;VEV_5100;SEASHELLS;176;19
852100;;SUBMISSION;VEV_5200;SEASHELLS;104;9
852100;;SUBMISSION;VEV_5200;SEASHELLS;103;19
852200;;SUBMISSION;VELVETFRUIT_EXTRACT;SEASHELLS;5269;4
852200;;SUBMISSION;VEV_5100;SEASHELLS;177;9
852200;;SUBMISSION;VEV_5100;SEASHELLS;176;12
852300;;SUBMISSION;VEV_5100;SEASHELLS;176;11
852300;;SUBMISSION;VEV_5100;SEASHELLS;175;13
852400;;SUBMISSION;VEV_5100;SEASHELLS;176;27
852600;;SUBMISSION;VEV_5100;SEASHELLS;176;20
852700;;SUBMISSION;VEV_5100;SEASHELLS;177;27
852700;;SUBMISSION;VEV_5200;SEASHELLS;104;27
852800;;SUBMISSION;VEV_5100;SEASHELLS;178;21
852800;;SUBMISSION;VEV_5200;SEASHELLS;105;7
852800;;SUBMISSION;VEV_5200;SEASHELLS;104;14
852900;;SUBMISSION;VEV_5100;SEASHELLS;177;28
852900;;SUBMISSION;VEV_5200;SEASHELLS;104;11
852900;;SUBMISSION;VEV_5200;SEASHELLS;103;17
853000;;SUBMISSION;VEV_5100;SEASHELLS;176;30
853100;;SUBMISSION;VEV_5100;SEASHELLS;177;24
853100;;SUBMISSION;VEV_5200;SEASHELLS;104;24
853200;;SUBMISSION;VEV_5100;SEASHELLS;178;30
853200;;SUBMISSION;VEV_5200;SEASHELLS;105;10
853200;;SUBMISSION;VEV_5200;SEASHELLS;104;20
853300;;SUBMISSION;VEV_5100;SEASHELLS;180;6
853300;;SUBMISSION;VEV_5100;SEASHELLS;179;15
853300;;SUBMISSION;VEV_5200;SEASHELLS;105;21
853400;;SUBMISSION;VEV_5100;SEASHELLS;179;25
853400;;SUBMISSION;VEV_5200;SEASHELLS;105;25
853500;;SUBMISSION;VEV_5100;SEASHELLS;180;29
853500;;SUBMISSION;VEV_5200;SEASHELLS;106;29
853500;;SUBMISSION;VEV_5300;SEASHELLS;53;27
853600;;SUBMISSION;VEV_5100;SEASHELLS;181;8
853600;;SUBMISSION;VEV_5100;SEASHELLS;180;20
853600;;SUBMISSION;VEV_5200;SEASHELLS;106;28
853600;;SUBMISSION;VEV_5300;SEASHELLS;54;24
853700;;SUBMISSION;VEV_5100;SEASHELLS;181;2
853700;;SUBMISSION;VEV_5200;SEASHELLS;107;30
853700;;SUBMISSION;VEV_5300;SEASHELLS;54;29
853800;;SUBMISSION;VEV_5200;SEASHELLS;106;30
853800;;SUBMISSION;VEV_5300;SEASHELLS;54;21
853900;;SUBMISSION;VEV_5200;SEASHELLS;107;6
853900;;SUBMISSION;VEV_5200;SEASHELLS;106;12
853900;;SUBMISSION;VEV_5300;SEASHELLS;54;20
854000;;SUBMISSION;VELVETFRUIT_EXTRACT;SEASHELLS;5272;17
854000;;SUBMISSION;VELVETFRUIT_EXTRACT;SEASHELLS;5271;24
854000;;SUBMISSION;VEV_5200;SEASHELLS;108;30
854000;;SUBMISSION;VEV_5300;SEASHELLS;55;18
854100;;SUBMISSION;VEV_5200;SEASHELLS;108;22
854100;;SUBMISSION;VEV_5300;SEASHELLS;55;19
854200;;SUBMISSION;VEV_5200;SEASHELLS;108;29
854200;;SUBMISSION;VEV_5300;SEASHELLS;55;12
854300;;SUBMISSION;VELVETFRUIT_EXTRACT;SEASHELLS;5272;67
854300;;SUBMISSION;VEV_5200;SEASHELLS;108;25
854400;;SUBMISSION;VELVETFRUIT_EXTRACT;SEASHELLS;5273;49
854400;;SUBMISSION;VEV_5200;SEASHELLS;109;29
854500;;SUBMISSION;VEV_5200;SEASHELLS;108;23
854600;;SUBMISSION;VELVETFRUIT_EXTRACT;SEASHELLS;5273;24
854600;;SUBMISSION;VELVETFRUIT_EXTRACT;SEASHELLS;5272;16
854600;;SUBMISSION;VEV_5200;SEASHELLS;109;6
854600;;SUBMISSION;VEV_5200;SEASHELLS;108;4
854800;;SUBMISSION;VELVETFRUIT_EXTRACT;SEASHELLS;5272;22
855500;SUBMISSION;;VEV_4000;SEASHELLS;1269;3
855600;;SUBMISSION;VEV_4000;SEASHELLS;1263;3
863300;;SUBMISSION;VELVETFRUIT_EXTRACT;SEASHELLS;5253;24
863300;;SUBMISSION;VELVETFRUIT_EXTRACT;SEASHELLS;5253;6
867800;;SUBMISSION;VEV_4000;SEASHELLS;1256;2
868700;SUBMISSION;;VELVETFRUIT_EXTRACT;SEASHELLS;5247;4
869000;SUBMISSION;;VELVETFRUIT_EXTRACT;SEASHELLS;5248;64
869100;SUBMISSION;;VELVETFRUIT_EXTRACT;SEASHELLS;5248;20
869200;SUBMISSION;;VELVETFRUIT_EXTRACT;SEASHELLS;5247;55
869300;SUBMISSION;;VELVETFRUIT_EXTRACT;SEASHELLS;5248;58
869400;SUBMISSION;;VELVETFRUIT_EXTRACT;SEASHELLS;5248;22
869500;SUBMISSION;;VELVETFRUIT_EXTRACT;SEASHELLS;5247;52
869600;SUBMISSION;;VELVETFRUIT_EXTRACT;SEASHELLS;5246;25
869600;SUBMISSION;;VELVETFRUIT_EXTRACT;SEASHELLS;5247;30
870100;SUBMISSION;;VEV_4000;SEASHELLS;1241;3
870200;;SUBMISSION;VEV_4000;SEASHELLS;1252;3
878400;SUBMISSION;;HYDROGEL_PACK;SEASHELLS;10010;12
878900;SUBMISSION;;HYDROGEL_PACK;SEASHELLS;10010;15
879000;SUBMISSION;;HYDROGEL_PACK;SEASHELLS;10009;11
879100;SUBMISSION;;HYDROGEL_PACK;SEASHELLS;10010;14
879200;SUBMISSION;;HYDROGEL_PACK;SEASHELLS;10010;15
879300;SUBMISSION;;HYDROGEL_PACK;SEASHELLS;10010;11
879400;SUBMISSION;;HYDROGEL_PACK;SEASHELLS;10010;12
879500;SUBMISSION;;HYDROGEL_PACK;SEASHELLS;10011;10
879600;SUBMISSION;;HYDROGEL_PACK;SEASHELLS;10009;14
879700;SUBMISSION;;HYDROGEL_PACK;SEASHELLS;10009;11
879800;SUBMISSION;;HYDROGEL_PACK;SEASHELLS;10009;10
879800;SUBMISSION;;HYDROGEL_PACK;SEASHELLS;10011;28
879900;SUBMISSION;;HYDROGEL_PACK;SEASHELLS;10005;10
879900;SUBMISSION;;HYDROGEL_PACK;SEASHELLS;10008;22
880000;SUBMISSION;;HYDROGEL_PACK;SEASHELLS;10002;10
880000;SUBMISSION;;HYDROGEL_PACK;SEASHELLS;10004;28
880100;SUBMISSION;;HYDROGEL_PACK;SEASHELLS;10001;15
880100;SUBMISSION;;HYDROGEL_PACK;SEASHELLS;10003;22
880200;SUBMISSION;;HYDROGEL_PACK;SEASHELLS;9996;11
880200;SUBMISSION;;HYDROGEL_PACK;SEASHELLS;9999;28
880300;SUBMISSION;;HYDROGEL_PACK;SEASHELLS;9997;10
880300;SUBMISSION;;HYDROGEL_PACK;SEASHELLS;10000;28
880400;SUBMISSION;;HYDROGEL_PACK;SEASHELLS;9999;15
880400;SUBMISSION;;HYDROGEL_PACK;SEASHELLS;10001;29
880500;SUBMISSION;;HYDROGEL_PACK;SEASHELLS;10000;9
881400;SUBMISSION;;VEV_4000;SEASHELLS;1234;1
886300;SUBMISSION;;VEV_4000;SEASHELLS;1251;3
886600;;SUBMISSION;VELVETFRUIT_EXTRACT;SEASHELLS;5258;5
888300;;SUBMISSION;VEV_4000;SEASHELLS;1256;2
890200;SUBMISSION;;VELVETFRUIT_EXTRACT;SEASHELLS;5245;5
894300;;SUBMISSION;VELVETFRUIT_EXTRACT;SEASHELLS;5252;17
896900;SUBMISSION;;VELVETFRUIT_EXTRACT;SEASHELLS;5247;11
896900;SUBMISSION;;VELVETFRUIT_EXTRACT;SEASHELLS;5247;6
900800;;SUBMISSION;VEV_4000;SEASHELLS;1256;3
901000;;SUBMISSION;VELVETFRUIT_EXTRACT;SEASHELLS;5254;7
901600;;SUBMISSION;VEV_4000;SEASHELLS;1259;1
903400;;SUBMISSION;VEV_4000;SEASHELLS;1266;1
904000;;SUBMISSION;VELVETFRUIT_EXTRACT;SEASHELLS;5260;6
907000;;SUBMISSION;VELVETFRUIT_EXTRACT;SEASHELLS;5254;4
908700;;SUBMISSION;HYDROGEL_PACK;SEASHELLS;10021;4
909300;;SUBMISSION;HYDROGEL_PACK;SEASHELLS;10023;5
910300;;SUBMISSION;HYDROGEL_PACK;SEASHELLS;10021;13
910400;;SUBMISSION;HYDROGEL_PACK;SEASHELLS;10020;13
910500;;SUBMISSION;HYDROGEL_PACK;SEASHELLS;10021;15
910600;;SUBMISSION;HYDROGEL_PACK;SEASHELLS;10020;12
910800;;SUBMISSION;HYDROGEL_PACK;SEASHELLS;10021;14
910900;;SUBMISSION;HYDROGEL_PACK;SEASHELLS;10025;15
910900;;SUBMISSION;HYDROGEL_PACK;SEASHELLS;10023;24
911000;;SUBMISSION;HYDROGEL_PACK;SEASHELLS;10026;14
911000;;SUBMISSION;HYDROGEL_PACK;SEASHELLS;10024;20
911100;;SUBMISSION;HYDROGEL_PACK;SEASHELLS;10027;13
911100;;SUBMISSION;HYDROGEL_PACK;SEASHELLS;10024;29
911200;;SUBMISSION;HYDROGEL_PACK;SEASHELLS;10027;13
911200;;SUBMISSION;HYDROGEL_PACK;SEASHELLS;10025;25
911300;;SUBMISSION;HYDROGEL_PACK;SEASHELLS;10025;11
911300;;SUBMISSION;HYDROGEL_PACK;SEASHELLS;10023;29
911400;;SUBMISSION;HYDROGEL_PACK;SEASHELLS;10028;13
911400;;SUBMISSION;HYDROGEL_PACK;SEASHELLS;10025;21
911500;;SUBMISSION;HYDROGEL_PACK;SEASHELLS;10032;10
911500;;SUBMISSION;HYDROGEL_PACK;SEASHELLS;10029;28
911600;;SUBMISSION;HYDROGEL_PACK;SEASHELLS;10033;11
911600;;SUBMISSION;HYDROGEL_PACK;SEASHELLS;10030;30
911600;;SUBMISSION;VELVETFRUIT_EXTRACT;SEASHELLS;5263;5
911700;;SUBMISSION;HYDROGEL_PACK;SEASHELLS;10032;10
911700;;SUBMISSION;HYDROGEL_PACK;SEASHELLS;10029;8
914700;;SUBMISSION;VELVETFRUIT_EXTRACT;SEASHELLS;5262;8
915200;SUBMISSION;;VEV_4000;SEASHELLS;1258;2
917300;;SUBMISSION;VELVETFRUIT_EXTRACT;SEASHELLS;5265;6
918500;SUBMISSION;;HYDROGEL_PACK;SEASHELLS;10010;6
921700;;SUBMISSION;VELVETFRUIT_EXTRACT;SEASHELLS;5271;5
921900;;SUBMISSION;VELVETFRUIT_EXTRACT;SEASHELLS;5274;10
921900;;SUBMISSION;VELVETFRUIT_EXTRACT;SEASHELLS;5271;71
923200;;SUBMISSION;VELVETFRUIT_EXTRACT;SEASHELLS;5274;8
923200;;SUBMISSION;VELVETFRUIT_EXTRACT;SEASHELLS;5271;65
924500;SUBMISSION;;HYDROGEL_PACK;SEASHELLS;10005;5
925000;;SUBMISSION;VELVETFRUIT_EXTRACT;SEASHELLS;5272;5
925100;;SUBMISSION;VELVETFRUIT_EXTRACT;SEASHELLS;5273;22
925100;;SUBMISSION;VELVETFRUIT_EXTRACT;SEASHELLS;5272;42
925200;;SUBMISSION;VELVETFRUIT_EXTRACT;SEASHELLS;5273;15
925400;SUBMISSION;;VEV_4000;SEASHELLS;1269;3
925500;;SUBMISSION;VELVETFRUIT_EXTRACT;SEASHELLS;5274;25
925500;;SUBMISSION;VELVETFRUIT_EXTRACT;SEASHELLS;5273;43
925600;;SUBMISSION;VELVETFRUIT_EXTRACT;SEASHELLS;5274;19
925600;;SUBMISSION;VELVETFRUIT_EXTRACT;SEASHELLS;5273;34
926200;SUBMISSION;;HYDROGEL_PACK;SEASHELLS;10008;12
926300;SUBMISSION;;HYDROGEL_PACK;SEASHELLS;10008;11
926400;SUBMISSION;;HYDROGEL_PACK;SEASHELLS;10007;13
926500;SUBMISSION;;HYDROGEL_PACK;SEASHELLS;10007;14
926600;SUBMISSION;;HYDROGEL_PACK;SEASHELLS;10008;12
926800;SUBMISSION;;HYDROGEL_PACK;SEASHELLS;10002;7
927100;SUBMISSION;;HYDROGEL_PACK;SEASHELLS;10007;15
927200;SUBMISSION;;HYDROGEL_PACK;SEASHELLS;10006;15
927300;SUBMISSION;;HYDROGEL_PACK;SEASHELLS;10006;15
927300;SUBMISSION;;HYDROGEL_PACK;SEASHELLS;10008;29
927400;SUBMISSION;;HYDROGEL_PACK;SEASHELLS;10004;12
927400;SUBMISSION;;HYDROGEL_PACK;SEASHELLS;10007;28
927600;SUBMISSION;;HYDROGEL_PACK;SEASHELLS;10004;15
927600;SUBMISSION;;HYDROGEL_PACK;SEASHELLS;10006;26
927700;SUBMISSION;;HYDROGEL_PACK;SEASHELLS;10003;11
927700;SUBMISSION;;HYDROGEL_PACK;SEASHELLS;10006;27
927800;SUBMISSION;;HYDROGEL_PACK;SEASHELLS;10004;14
927800;SUBMISSION;;HYDROGEL_PACK;SEASHELLS;10007;25
927900;SUBMISSION;;HYDROGEL_PACK;SEASHELLS;10005;10
927900;SUBMISSION;;HYDROGEL_PACK;SEASHELLS;10007;20
928000;SUBMISSION;;HYDROGEL_PACK;SEASHELLS;9993;2
928100;SUBMISSION;;HYDROGEL_PACK;SEASHELLS;9997;7
928100;SUBMISSION;;HYDROGEL_PACK;SEASHELLS;10005;15
928100;;SUBMISSION;VEV_5400;SEASHELLS;19;28
928200;SUBMISSION;;HYDROGEL_PACK;SEASHELLS;10005;14
928200;;SUBMISSION;VEV_5400;SEASHELLS;19;29
928300;SUBMISSION;;HYDROGEL_PACK;SEASHELLS;10005;13
928300;;SUBMISSION;VEV_5400;SEASHELLS;19;23
928400;SUBMISSION;;HYDROGEL_PACK;SEASHELLS;10003;7
928500;;SUBMISSION;VEV_5400;SEASHELLS;19;16
928600;;SUBMISSION;VEV_5400;SEASHELLS;19;22
928700;;SUBMISSION;VEV_5400;SEASHELLS;19;19
929100;;SUBMISSION;VEV_4000;SEASHELLS;1284;2
937700;SUBMISSION;;VEV_4000;SEASHELLS;1254;3
942200;SUBMISSION;;VELVETFRUIT_EXTRACT;SEASHELLS;5255;20
942300;SUBMISSION;;VELVETFRUIT_EXTRACT;SEASHELLS;5255;20
942400;SUBMISSION;;VELVETFRUIT_EXTRACT;SEASHELLS;5254;21
942400;SUBMISSION;;VELVETFRUIT_EXTRACT;SEASHELLS;5255;33
942500;SUBMISSION;;VELVETFRUIT_EXTRACT;SEASHELLS;5254;23
942500;SUBMISSION;;VELVETFRUIT_EXTRACT;SEASHELLS;5255;46
942600;SUBMISSION;;VELVETFRUIT_EXTRACT;SEASHELLS;5253;23
942600;SUBMISSION;;VELVETFRUIT_EXTRACT;SEASHELLS;5254;37
942700;SUBMISSION;;VELVETFRUIT_EXTRACT;SEASHELLS;5252;25
942700;SUBMISSION;;VELVETFRUIT_EXTRACT;SEASHELLS;5253;43
942800;SUBMISSION;;VELVETFRUIT_EXTRACT;SEASHELLS;5251;18
942800;SUBMISSION;;VELVETFRUIT_EXTRACT;SEASHELLS;5252;49
942900;SUBMISSION;;VELVETFRUIT_EXTRACT;SEASHELLS;5251;23
942900;SUBMISSION;;VELVETFRUIT_EXTRACT;SEASHELLS;5252;19
946400;;SUBMISSION;HYDROGEL_PACK;SEASHELLS;10021;3
949600;;SUBMISSION;HYDROGEL_PACK;SEASHELLS;10019;8
949700;;SUBMISSION;HYDROGEL_PACK;SEASHELLS;10024;10
949700;;SUBMISSION;HYDROGEL_PACK;SEASHELLS;10022;22
949800;;SUBMISSION;HYDROGEL_PACK;SEASHELLS;10022;12
949800;;SUBMISSION;HYDROGEL_PACK;SEASHELLS;10019;20
949900;;SUBMISSION;HYDROGEL_PACK;SEASHELLS;10021;12
949900;;SUBMISSION;HYDROGEL_PACK;SEASHELLS;10019;26
950000;;SUBMISSION;HYDROGEL_PACK;SEASHELLS;10025;11
950000;;SUBMISSION;HYDROGEL_PACK;SEASHELLS;10023;29
950000;;SUBMISSION;HYDROGEL_PACK;SEASHELLS;10040;2
950200;;SUBMISSION;HYDROGEL_PACK;SEASHELLS;10022;11
950200;;SUBMISSION;HYDROGEL_PACK;SEASHELLS;10019;29
950400;;SUBMISSION;HYDROGEL_PACK;SEASHELLS;10022;5
950700;;SUBMISSION;HYDROGEL_PACK;SEASHELLS;10035;5
951200;;SUBMISSION;HYDROGEL_PACK;SEASHELLS;10023;11
951200;;SUBMISSION;HYDROGEL_PACK;SEASHELLS;10020;23
951300;;SUBMISSION;HYDROGEL_PACK;SEASHELLS;10023;14
951300;;SUBMISSION;HYDROGEL_PACK;SEASHELLS;10020;10
951400;;SUBMISSION;HYDROGEL_PACK;SEASHELLS;10024;10
951400;;SUBMISSION;HYDROGEL_PACK;SEASHELLS;10021;25
951500;;SUBMISSION;HYDROGEL_PACK;SEASHELLS;10024;12
951500;;SUBMISSION;HYDROGEL_PACK;SEASHELLS;10022;16
951500;;SUBMISSION;VELVETFRUIT_EXTRACT;SEASHELLS;5261;6
951700;;SUBMISSION;HYDROGEL_PACK;SEASHELLS;10025;12
951700;;SUBMISSION;HYDROGEL_PACK;SEASHELLS;10023;22
951800;;SUBMISSION;HYDROGEL_PACK;SEASHELLS;10025;11
951800;;SUBMISSION;HYDROGEL_PACK;SEASHELLS;10022;19
952100;;SUBMISSION;HYDROGEL_PACK;SEASHELLS;10026;10
953400;;SUBMISSION;VEV_4000;SEASHELLS;1265;2
954800;;SUBMISSION;VELVETFRUIT_EXTRACT;SEASHELLS;5263;21
957800;SUBMISSION;;HYDROGEL_PACK;SEASHELLS;9998;6
960700;;SUBMISSION;VELVETFRUIT_EXTRACT;SEASHELLS;5262;4
960800;;SUBMISSION;HYDROGEL_PACK;SEASHELLS;10040;2
962900;;SUBMISSION;VEV_4000;SEASHELLS;1274;1
963900;;SUBMISSION;HYDROGEL_PACK;SEASHELLS;10039;4
964400;;SUBMISSION;VELVETFRUIT_EXTRACT;SEASHELLS;5274;11
964400;;SUBMISSION;VELVETFRUIT_EXTRACT;SEASHELLS;5271;52
964700;SUBMISSION;;HYDROGEL_PACK;SEASHELLS;10009;4
964700;;SUBMISSION;VELVETFRUIT_EXTRACT;SEASHELLS;5273;18
964700;;SUBMISSION;VELVETFRUIT_EXTRACT;SEASHELLS;5272;39
964800;;SUBMISSION;VELVETFRUIT_EXTRACT;SEASHELLS;5274;25
964800;;SUBMISSION;VELVETFRUIT_EXTRACT;SEASHELLS;5273;24
964900;;SUBMISSION;VELVETFRUIT_EXTRACT;SEASHELLS;5274;22
964900;;SUBMISSION;VELVETFRUIT_EXTRACT;SEASHELLS;5273;39
965100;;SUBMISSION;VELVETFRUIT_EXTRACT;SEASHELLS;5273;19
966900;;SUBMISSION;HYDROGEL_PACK;SEASHELLS;10018;2
967100;;SUBMISSION;VELVETFRUIT_EXTRACT;SEASHELLS;5273;67
967900;SUBMISSION;;HYDROGEL_PACK;SEASHELLS;10007;10
968200;SUBMISSION;;HYDROGEL_PACK;SEASHELLS;10005;11
968200;SUBMISSION;;HYDROGEL_PACK;SEASHELLS;10007;21
968200;SUBMISSION;;VEV_4000;SEASHELLS;1266;1
968300;SUBMISSION;;HYDROGEL_PACK;SEASHELLS;10008;11
968400;SUBMISSION;;HYDROGEL_PACK;SEASHELLS;10007;13
968500;SUBMISSION;;HYDROGEL_PACK;SEASHELLS;10006;11
968500;SUBMISSION;;HYDROGEL_PACK;SEASHELLS;10008;28
968600;SUBMISSION;;HYDROGEL_PACK;SEASHELLS;10006;10
968600;SUBMISSION;;HYDROGEL_PACK;SEASHELLS;10008;20
968700;SUBMISSION;;HYDROGEL_PACK;SEASHELLS;10008;14
968800;SUBMISSION;;HYDROGEL_PACK;SEASHELLS;10006;13
968800;SUBMISSION;;HYDROGEL_PACK;SEASHELLS;10008;23
968900;SUBMISSION;;HYDROGEL_PACK;SEASHELLS;10004;14
968900;SUBMISSION;;HYDROGEL_PACK;SEASHELLS;10007;28
969000;SUBMISSION;;HYDROGEL_PACK;SEASHELLS;10004;13
969000;SUBMISSION;;HYDROGEL_PACK;SEASHELLS;10007;29
969100;SUBMISSION;;HYDROGEL_PACK;SEASHELLS;10000;15
969100;SUBMISSION;;HYDROGEL_PACK;SEASHELLS;10002;24
969200;SUBMISSION;;HYDROGEL_PACK;SEASHELLS;9999;12
969200;SUBMISSION;;HYDROGEL_PACK;SEASHELLS;10002;22
969300;SUBMISSION;;HYDROGEL_PACK;SEASHELLS;10000;15
969300;SUBMISSION;;HYDROGEL_PACK;SEASHELLS;10002;20
969400;SUBMISSION;;HYDROGEL_PACK;SEASHELLS;9996;11
969400;SUBMISSION;;HYDROGEL_PACK;SEASHELLS;9999;10
972800;SUBMISSION;;VELVETFRUIT_EXTRACT;SEASHELLS;5257;3
973300;;SUBMISSION;VELVETFRUIT_EXTRACT;SEASHELLS;5260;8
975400;SUBMISSION;;VELVETFRUIT_EXTRACT;SEASHELLS;5256;3
977200;;SUBMISSION;VEV_4000;SEASHELLS;1262;1
979700;;SUBMISSION;VEV_4000;SEASHELLS;1265;2
981600;SUBMISSION;;VELVETFRUIT_EXTRACT;SEASHELLS;5257;65
981700;SUBMISSION;;VELVETFRUIT_EXTRACT;SEASHELLS;5255;8
981800;SUBMISSION;;VELVETFRUIT_EXTRACT;SEASHELLS;5257;60
981900;SUBMISSION;;VELVETFRUIT_EXTRACT;SEASHELLS;5256;15
981900;SUBMISSION;;VELVETFRUIT_EXTRACT;SEASHELLS;5257;46
982000;SUBMISSION;;VELVETFRUIT_EXTRACT;SEASHELLS;5257;54
982100;SUBMISSION;;VELVETFRUIT_EXTRACT;SEASHELLS;5257;55
982200;SUBMISSION;;VELVETFRUIT_EXTRACT;SEASHELLS;5254;6
982200;SUBMISSION;;VELVETFRUIT_EXTRACT;SEASHELLS;5257;40
985400;;SUBMISSION;HYDROGEL_PACK;SEASHELLS;10023;4
985800;;SUBMISSION;HYDROGEL_PACK;SEASHELLS;10028;4
986300;;SUBMISSION;HYDROGEL_PACK;SEASHELLS;10022;10
986300;;SUBMISSION;HYDROGEL_PACK;SEASHELLS;10019;30
986400;;SUBMISSION;HYDROGEL_PACK;SEASHELLS;10023;14
986400;;SUBMISSION;HYDROGEL_PACK;SEASHELLS;10020;21
986500;;SUBMISSION;HYDROGEL_PACK;SEASHELLS;10023;15
986500;;SUBMISSION;HYDROGEL_PACK;SEASHELLS;10020;29
986600;;SUBMISSION;HYDROGEL_PACK;SEASHELLS;10024;12
986600;;SUBMISSION;HYDROGEL_PACK;SEASHELLS;10021;21
986700;;SUBMISSION;HYDROGEL_PACK;SEASHELLS;10023;11
986700;;SUBMISSION;HYDROGEL_PACK;SEASHELLS;10020;24
986800;;SUBMISSION;HYDROGEL_PACK;SEASHELLS;10024;10
986800;;SUBMISSION;HYDROGEL_PACK;SEASHELLS;10022;29
986900;;SUBMISSION;HYDROGEL_PACK;SEASHELLS;10023;14
986900;;SUBMISSION;HYDROGEL_PACK;SEASHELLS;10020;16
988100;SUBMISSION;;VEV_5200;SEASHELLS;94;2
992100;;SUBMISSION;HYDROGEL_PACK;SEASHELLS;10024;12
992100;;SUBMISSION;HYDROGEL_PACK;SEASHELLS;10021;21
993200;;SUBMISSION;HYDROGEL_PACK;SEASHELLS;10024;11
993200;;SUBMISSION;HYDROGEL_PACK;SEASHELLS;10021;21
993400;;SUBMISSION;HYDROGEL_PACK;SEASHELLS;10026;11
993400;;SUBMISSION;HYDROGEL_PACK;SEASHELLS;10023;20
993500;;SUBMISSION;HYDROGEL_PACK;SEASHELLS;10025;13
993500;;SUBMISSION;HYDROGEL_PACK;SEASHELLS;10023;20
997100;;SUBMISSION;VEV_5200;SEASHELLS;105;2
997300;SUBMISSION;;VEV_4000;SEASHELLS;1266;2
998500;;SUBMISSION;VEV_4000;SEASHELLS;1275;3
