timestamp;buyer;seller;symbol;currency;price;quantity
0;;SUBMISSION;VELVETFRUIT_EXTRACT;XIREC;5265.0;10
100;;SUBMISSION;VELVETFRUIT_EXTRACT;XIREC;5263.0;20
200;;SUBMISSION;VELVETFRUIT_EXTRACT;XIREC;5263.0;28
300;;SUBMISSION;VELVETFRUIT_EXTRACT;XIREC;5264.0;23
300;;SUBMISSION;VELVETFRUIT_EXTRACT;XIREC;5263.0;6
400;;SUBMISSION;VELVETFRUIT_EXTRACT;XIREC;5262.0;27
500;;SUBMISSION;VELVETFRUIT_EXTRACT;XIREC;5261.0;19
500;;SUBMISSION;VELVETFRUIT_EXTRACT;XIREC;5260.0;2
500;;SUBMISSION;VEV_5000;XIREC;263.0;4
600;;SUBMISSION;VEV_4000;XIREC;1261.0;5
600;;SUBMISSION;VEV_4500;XIREC;761.0;5
600;;SUBMISSION;VEV_5000;XIREC;265.0;5
600;;SUBMISSION;VEV_5000;XIREC;262.0;8
700;;SUBMISSION;VEV_5000;XIREC;262.0;22
700;;SUBMISSION;VEV_5100;XIREC;173.0;2
800;;SUBMISSION;VEV_5000;XIREC;263.0;9
800;;SUBMISSION;VEV_5000;XIREC;262.0;13
800;;SUBMISSION;VEV_5100;XIREC;173.0;2
900;Mark 67;SUBMISSION;VELVETFRUIT_EXTRACT;XIREC;5261.0;8
900;;SUBMISSION;VEV_5000;XIREC;263.0;6
900;;SUBMISSION;VEV_5000;XIREC;262.0;15
1000;;SUBMISSION;VEV_5000;XIREC;263.0;12
1000;;SUBMISSION;VEV_5000;XIREC;262.0;12
1100;;SUBMISSION;VEV_5000;XIREC;264.0;8
1100;;SUBMISSION;VEV_5000;XIREC;263.0;15
1100;;SUBMISSION;VEV_5100;XIREC;174.0;2
1200;;SUBMISSION;VEV_5000;XIREC;262.0;24
1300;SUBMISSION;Mark 38;VEV_4000;XIREC;1252.0;3
1300;;SUBMISSION;VEV_5000;XIREC;262.0;6
1300;;SUBMISSION;VEV_5000;XIREC;261.0;15
1300;;SUBMISSION;VEV_5100;XIREC;172.0;2
1400;;SUBMISSION;VEV_5000;XIREC;264.0;12
1400;;SUBMISSION;VEV_5000;XIREC;263.0;14
1500;;SUBMISSION;VEV_5000;XIREC;265.0;10
1500;;SUBMISSION;VEV_5000;XIREC;264.0;17
1600;;SUBMISSION;VEV_5100;XIREC;174.0;20
1600;;SUBMISSION;VEV_5200;XIREC;101.0;7
1700;;SUBMISSION;VEV_5100;XIREC;176.0;6
1700;;SUBMISSION;VEV_5100;XIREC;175.0;13
1700;;SUBMISSION;VEV_5200;XIREC;102.0;10
1800;;SUBMISSION;VEV_5100;XIREC;175.0;22
1900;;SUBMISSION;VEV_5100;XIREC;176.0;11
2000;;SUBMISSION;VEV_5100;XIREC;177.0;12
2100;;SUBMISSION;VEV_5100;XIREC;178.0;14
2200;;SUBMISSION;VEV_5100;XIREC;177.0;12
2300;;SUBMISSION;VEV_5100;XIREC;178.0;13
2400;;SUBMISSION;VEV_5100;XIREC;179.0;15
2500;;SUBMISSION;VEV_5100;XIREC;181.0;10
2500;;SUBMISSION;VEV_5100;XIREC;180.0;8
2600;;SUBMISSION;VEV_5200;XIREC;106.0;18
2700;;SUBMISSION;VEV_5200;XIREC;106.0;17
2700;Mark 01;Mark 55;VELVETFRUIT_EXTRACT;XIREC;5269.0;8
2800;;SUBMISSION;HYDROGEL_PACK;XIREC;10017.0;1
2800;;SUBMISSION;VEV_5200;XIREC;106.0;8
2800;;SUBMISSION;VEV_5200;XIREC;105.0;9
2900;;SUBMISSION;HYDROGEL_PACK;XIREC;10018.0;2
2900;;SUBMISSION;VEV_5200;XIREC;104.0;13
2900;Mark 55;Mark 14;VELVETFRUIT_EXTRACT;XIREC;5272.0;8
3000;;SUBMISSION;HYDROGEL_PACK;XIREC;10019.0;3
3000;;SUBMISSION;VEV_5200;XIREC;105.0;22
3000;;SUBMISSION;VEV_5300;XIREC;53.0;1
3100;;SUBMISSION;HYDROGEL_PACK;XIREC;10019.0;3
3100;;SUBMISSION;VEV_5200;XIREC;106.0;7
3100;;SUBMISSION;VEV_5300;XIREC;54.0;19
3200;;SUBMISSION;HYDROGEL_PACK;XIREC;10022.0;6
3200;;SUBMISSION;VEV_5200;XIREC;106.0;1
3200;;SUBMISSION;VEV_5300;XIREC;54.0;18
3300;;SUBMISSION;HYDROGEL_PACK;XIREC;10021.0;5
3300;;SUBMISSION;VEV_5300;XIREC;55.0;6
3300;;SUBMISSION;VEV_5300;XIREC;54.0;12
3400;;SUBMISSION;HYDROGEL_PACK;XIREC;10023.0;7
3400;;SUBMISSION;VEV_5200;XIREC;108.0;1
3400;;SUBMISSION;VEV_5200;XIREC;108.0;1
3400;;SUBMISSION;VEV_5300;XIREC;55.0;25
3500;;SUBMISSION;HYDROGEL_PACK;XIREC;10021.0;5
3500;;SUBMISSION;VEV_5300;XIREC;54.0;7
3600;;SUBMISSION;HYDROGEL_PACK;XIREC;10022.0;6
3700;;SUBMISSION;HYDROGEL_PACK;XIREC;10021.0;5
3800;;SUBMISSION;HYDROGEL_PACK;XIREC;10020.0;4
4000;;SUBMISSION;HYDROGEL_PACK;XIREC;10018.0;2
4100;;SUBMISSION;HYDROGEL_PACK;XIREC;10020.0;4
4200;;SUBMISSION;HYDROGEL_PACK;XIREC;10022.0;6
4300;;SUBMISSION;HYDROGEL_PACK;XIREC;10019.0;3
4400;;SUBMISSION;HYDROGEL_PACK;XIREC;10020.0;4
4500;;SUBMISSION;HYDROGEL_PACK;XIREC;10017.0;1
4600;;SUBMISSION;HYDROGEL_PACK;XIREC;10017.0;1
4700;;SUBMISSION;HYDROGEL_PACK;XIREC;10017.0;2
4800;;SUBMISSION;HYDROGEL_PACK;XIREC;10017.0;1
4800;Mark 55;SUBMISSION;VELVETFRUIT_EXTRACT;XIREC;5272.0;3
4900;;SUBMISSION;HYDROGEL_PACK;XIREC;10020.0;4
5000;;SUBMISSION;HYDROGEL_PACK;XIREC;10019.0;4
5100;;SUBMISSION;HYDROGEL_PACK;XIREC;10016.0;1
5700;Mark 01;Mark 55;VELVETFRUIT_EXTRACT;XIREC;5273.0;5
6800;;SUBMISSION;HYDROGEL_PACK;XIREC;10016.0;1
7800;;SUBMISSION;VEV_4000;XIREC;1270.0;2
7800;;SUBMISSION;VEV_4500;XIREC;770.0;2
9000;Mark 38;Mark 14;VEV_4000;XIREC;1278.0;1
9900;Mark 22;Mark 55;VELVETFRUIT_EXTRACT;XIREC;5261.0;5
10000;;SUBMISSION;HYDROGEL_PACK;XIREC;10015.0;1
10100;;SUBMISSION;HYDROGEL_PACK;XIREC;10018.0;5
10200;;SUBMISSION;HYDROGEL_PACK;XIREC;10017.0;4
10200;Mark 14;Mark 38;HYDROGEL_PACK;XIREC;10017.0;6
10300;;SUBMISSION;HYDROGEL_PACK;XIREC;10017.0;4
10400;;SUBMISSION;HYDROGEL_PACK;XIREC;10015.0;1
10700;Mark 55;SUBMISSION;VELVETFRUIT_EXTRACT;XIREC;5264.0;4
11100;;SUBMISSION;HYDROGEL_PACK;XIREC;10015.0;2
11200;;SUBMISSION;HYDROGEL_PACK;XIREC;10014.0;1
11200;Mark 38;Mark 14;HYDROGEL_PACK;XIREC;10030.0;4
12100;Mark 67;SUBMISSION;VELVETFRUIT_EXTRACT;XIREC;5267.0;5
12600;Mark 01;Mark 55;VELVETFRUIT_EXTRACT;XIREC;5264.0;3
13100;Mark 01;Mark 22;VEV_5400;XIREC;16.0;3
13100;Mark 01;Mark 22;VEV_5500;XIREC;6.0;3
13100;Mark 01;Mark 22;VEV_6000;XIREC;0.0;3
13100;Mark 01;Mark 22;VEV_6500;XIREC;0.0;3
13900;Mark 55;Mark 14;VELVETFRUIT_EXTRACT;XIREC;5269.0;4
14500;;SUBMISSION;HYDROGEL_PACK;XIREC;10013.0;6
14600;;SUBMISSION;HYDROGEL_PACK;XIREC;10016.0;7
15200;;SUBMISSION;HYDROGEL_PACK;XIREC;10017.0;1
15400;;SUBMISSION;HYDROGEL_PACK;XIREC;10018.0;2
15500;;SUBMISSION;HYDROGEL_PACK;XIREC;10022.0;1
15700;Mark 38;SUBMISSION;HYDROGEL_PACK;XIREC;10034.0;2
16300;Mark 55;SUBMISSION;VELVETFRUIT_EXTRACT;XIREC;5274.0;5
17400;Mark 14;Mark 55;VELVETFRUIT_EXTRACT;XIREC;5274.0;3
19100;Mark 38;SUBMISSION;HYDROGEL_PACK;XIREC;10019.0;6
19100;;SUBMISSION;VEV_4000;XIREC;1269.0;2
19100;;SUBMISSION;VEV_4500;XIREC;769.0;2
20900;Mark 01;Mark 22;VEV_5300;XIREC;53.0;5
20900;Mark 01;Mark 22;VEV_5400;XIREC;17.0;5
20900;Mark 01;Mark 22;VEV_5500;XIREC;7.0;5
20900;Mark 01;Mark 22;VEV_6000;XIREC;0.0;5
20900;Mark 01;Mark 22;VEV_6500;XIREC;0.0;5
23100;Mark 01;Mark 55;VELVETFRUIT_EXTRACT;XIREC;5264.0;4
23500;Mark 01;Mark 22;VEV_5400;XIREC;16.0;2
23500;Mark 01;Mark 22;VEV_5500;XIREC;6.0;2
23500;Mark 01;Mark 22;VEV_6000;XIREC;0.0;2
23500;Mark 01;Mark 22;VEV_6500;XIREC;0.0;2
24600;;SUBMISSION;VEV_4000;XIREC;1265.0;4
24600;;SUBMISSION;VEV_4500;XIREC;765.0;4
25500;SUBMISSION;;HYDROGEL_PACK;XIREC;9994.0;1
25500;Mark 14;Mark 55;VELVETFRUIT_EXTRACT;XIREC;5264.0;6
25600;SUBMISSION;;HYDROGEL_PACK;XIREC;9994.0;1
25700;SUBMISSION;;HYDROGEL_PACK;XIREC;9992.0;4
25800;SUBMISSION;;HYDROGEL_PACK;XIREC;9992.0;4
25900;SUBMISSION;;HYDROGEL_PACK;XIREC;9994.0;1
26000;SUBMISSION;;HYDROGEL_PACK;XIREC;9994.0;1
26500;Mark 55;Mark 14;VELVETFRUIT_EXTRACT;XIREC;5269.0;6
26700;SUBMISSION;;HYDROGEL_PACK;XIREC;9993.0;3
26800;SUBMISSION;;HYDROGEL_PACK;XIREC;9987.0;5
27500;;SUBMISSION;VEV_5300;XIREC;50.0;1
29200;SUBMISSION;Mark 38;HYDROGEL_PACK;XIREC;9994.0;4
29500;Mark 01;Mark 22;VEV_5400;XIREC;16.0;2
29500;Mark 01;Mark 22;VEV_5500;XIREC;6.0;2
29500;Mark 01;Mark 22;VEV_6000;XIREC;0.0;2
29500;Mark 01;Mark 22;VEV_6500;XIREC;0.0;2
30300;;SUBMISSION;VEV_4000;XIREC;1262.0;4
30300;;SUBMISSION;VEV_4500;XIREC;762.0;4
30900;SUBMISSION;;HYDROGEL_PACK;XIREC;9996.0;1
31000;SUBMISSION;;HYDROGEL_PACK;XIREC;9996.0;1
32500;Mark 55;SUBMISSION;VELVETFRUIT_EXTRACT;XIREC;5265.0;4
33300;Mark 55;SUBMISSION;VELVETFRUIT_EXTRACT;XIREC;5270.0;7
34100;Mark 38;Mark 14;VEV_4000;XIREC;1282.0;1
35200;;SUBMISSION;VEV_4000;XIREC;1266.0;2
35200;;SUBMISSION;VEV_4500;XIREC;766.0;2
35700;Mark 55;SUBMISSION;VELVETFRUIT_EXTRACT;XIREC;5269.0;3
35800;Mark 14;Mark 55;VELVETFRUIT_EXTRACT;XIREC;5264.0;7
35900;SUBMISSION;;HYDROGEL_PACK;XIREC;9996.0;3
36100;SUBMISSION;;HYDROGEL_PACK;XIREC;9997.0;2
36100;Mark 55;Mark 01;VELVETFRUIT_EXTRACT;XIREC;5271.0;4
37100;SUBMISSION;;HYDROGEL_PACK;XIREC;9997.0;2
37200;SUBMISSION;;HYDROGEL_PACK;XIREC;9996.0;4
37300;SUBMISSION;;HYDROGEL_PACK;XIREC;9996.0;4
37400;SUBMISSION;;HYDROGEL_PACK;XIREC;9993.0;9
37500;SUBMISSION;;HYDROGEL_PACK;XIREC;9993.0;9
37600;SUBMISSION;;HYDROGEL_PACK;XIREC;9992.0;11
37700;SUBMISSION;;HYDROGEL_PACK;XIREC;9992.0;11
37800;SUBMISSION;;HYDROGEL_PACK;XIREC;9994.0;1
37900;SUBMISSION;;HYDROGEL_PACK;XIREC;9992.0;11
38000;SUBMISSION;;HYDROGEL_PACK;XIREC;9994.0;7
38100;SUBMISSION;;HYDROGEL_PACK;XIREC;9992.0;11
38200;SUBMISSION;;HYDROGEL_PACK;XIREC;9992.0;11
38300;SUBMISSION;;HYDROGEL_PACK;XIREC;9995.0;5
38400;SUBMISSION;;HYDROGEL_PACK;XIREC;9993.0;9
38400;Mark 14;Mark 55;VELVETFRUIT_EXTRACT;XIREC;5265.0;8
38500;SUBMISSION;;HYDROGEL_PACK;XIREC;9991.0;13
38600;SUBMISSION;;HYDROGEL_PACK;XIREC;9993.0;9
38700;SUBMISSION;;HYDROGEL_PACK;XIREC;9995.0;5
38800;SUBMISSION;;HYDROGEL_PACK;XIREC;9994.0;7
38900;SUBMISSION;;HYDROGEL_PACK;XIREC;9993.0;9
39000;SUBMISSION;;HYDROGEL_PACK;XIREC;9995.0;6
39100;SUBMISSION;;HYDROGEL_PACK;XIREC;9996.0;4
39200;SUBMISSION;;HYDROGEL_PACK;XIREC;9995.0;6
39300;SUBMISSION;;HYDROGEL_PACK;XIREC;9996.0;4
39300;;SUBMISSION;VEV_4000;XIREC;1264.0;3
39500;SUBMISSION;Mark 38;VEV_4000;XIREC;1255.0;2
40300;SUBMISSION;;HYDROGEL_PACK;XIREC;9997.0;2
40400;SUBMISSION;;HYDROGEL_PACK;XIREC;9996.0;4
40500;SUBMISSION;;HYDROGEL_PACK;XIREC;9995.0;6
40600;SUBMISSION;;HYDROGEL_PACK;XIREC;9996.0;4
40700;SUBMISSION;;HYDROGEL_PACK;XIREC;9997.0;2
40800;SUBMISSION;;HYDROGEL_PACK;XIREC;9997.0;2
40900;SUBMISSION;;HYDROGEL_PACK;XIREC;9996.0;4
41000;SUBMISSION;;HYDROGEL_PACK;XIREC;9995.0;6
41100;Mark 38;Mark 14;HYDROGEL_PACK;XIREC;9998.0;6
41700;Mark 55;Mark 01;VELVETFRUIT_EXTRACT;XIREC;5254.0;5
41900;Mark 01;Mark 22;VEV_5400;XIREC;13.0;2
41900;Mark 01;Mark 22;VEV_5500;XIREC;5.0;2
41900;Mark 01;Mark 22;VEV_6000;XIREC;0.0;2
41900;Mark 01;Mark 22;VEV_6500;XIREC;0.0;2
42000;Mark 14;Mark 55;VELVETFRUIT_EXTRACT;XIREC;5247.0;8
42500;SUBMISSION;;HYDROGEL_PACK;XIREC;9996.0;1
42600;SUBMISSION;;HYDROGEL_PACK;XIREC;9994.0;4
42900;SUBMISSION;;HYDROGEL_PACK;XIREC;9993.0;3
42900;Mark 01;Mark 22;VEV_5400;XIREC;14.0;4
42900;Mark 01;Mark 22;VEV_5500;XIREC;5.0;4
42900;Mark 01;Mark 22;VEV_6000;XIREC;0.0;4
42900;Mark 01;Mark 22;VEV_6500;XIREC;0.0;4
43000;Mark 01;Mark 55;VELVETFRUIT_EXTRACT;XIREC;5250.0;8
43900;SUBMISSION;;HYDROGEL_PACK;XIREC;9992.0;2
44000;SUBMISSION;Mark 38;HYDROGEL_PACK;XIREC;9979.0;4
44200;SUBMISSION;;HYDROGEL_PACK;XIREC;9984.0;6
44700;Mark 14;Mark 55;VELVETFRUIT_EXTRACT;XIREC;5255.0;8
44800;SUBMISSION;;HYDROGEL_PACK;XIREC;9983.0;2
44900;Mark 67;Mark 49;VELVETFRUIT_EXTRACT;XIREC;5257.0;14
45100;Mark 38;Mark 14;HYDROGEL_PACK;XIREC;9991.0;3
45100;Mark 14;Mark 22;VEV_5400;XIREC;15.0;5
45100;Mark 01;Mark 22;VEV_5500;XIREC;5.0;5
45100;Mark 01;Mark 22;VEV_6000;XIREC;0.0;5
45100;Mark 01;Mark 22;VEV_6500;XIREC;0.0;5
45200;SUBMISSION;;HYDROGEL_PACK;XIREC;9981.0;3
46800;Mark 14;Mark 55;VELVETFRUIT_EXTRACT;XIREC;5256.0;8
47000;SUBMISSION;;HYDROGEL_PACK;XIREC;9982.0;6
47100;SUBMISSION;;HYDROGEL_PACK;XIREC;9981.0;2
47200;SUBMISSION;;HYDROGEL_PACK;XIREC;9979.0;4
47500;SUBMISSION;;HYDROGEL_PACK;XIREC;9973.0;8
48100;Mark 55;Mark 01;VELVETFRUIT_EXTRACT;XIREC;5261.0;7
48400;Mark 67;Mark 22;VELVETFRUIT_EXTRACT;XIREC;5258.0;5
49400;SUBMISSION;Mark 38;HYDROGEL_PACK;XIREC;9959.0;4
49800;Mark 38;Mark 14;HYDROGEL_PACK;XIREC;9960.0;3
50200;SUBMISSION;Mark 38;VEV_4000;XIREC;1250.0;3
52600;Mark 55;Mark 01;VELVETFRUIT_EXTRACT;XIREC;5263.0;8
52900;Mark 01;Mark 22;VEV_5500;XIREC;6.0;5
52900;Mark 01;Mark 22;VEV_6000;XIREC;0.0;5
52900;Mark 01;Mark 22;VEV_6500;XIREC;0.0;5
53200;Mark 55;SUBMISSION;VELVETFRUIT_EXTRACT;XIREC;5263.0;5
53600;Mark 01;Mark 55;VELVETFRUIT_EXTRACT;XIREC;5257.0;5
58300;Mark 38;Mark 14;HYDROGEL_PACK;XIREC;9963.0;6
59200;Mark 55;Mark 01;VELVETFRUIT_EXTRACT;XIREC;5244.0;8
60700;Mark 38;Mark 14;HYDROGEL_PACK;XIREC;9973.0;5
63800;Mark 38;Mark 14;VEV_4000;XIREC;1262.0;3
64300;Mark 01;Mark 55;VELVETFRUIT_EXTRACT;XIREC;5249.0;3
67600;Mark 55;Mark 01;VELVETFRUIT_EXTRACT;XIREC;5262.0;4
70000;Mark 01;Mark 55;VELVETFRUIT_EXTRACT;XIREC;5255.0;6
70400;Mark 55;Mark 14;VELVETFRUIT_EXTRACT;XIREC;5260.0;5
70900;Mark 38;Mark 14;HYDROGEL_PACK;XIREC;9994.0;2
71500;Mark 22;Mark 55;VELVETFRUIT_EXTRACT;XIREC;5251.0;4
71800;SUBMISSION;Mark 38;HYDROGEL_PACK;XIREC;9976.0;5
72700;Mark 38;Mark 14;HYDROGEL_PACK;XIREC;9988.0;3
73100;Mark 01;Mark 55;VELVETFRUIT_EXTRACT;XIREC;5256.0;7
73200;Mark 01;Mark 55;VELVETFRUIT_EXTRACT;XIREC;5254.0;5
75200;Mark 01;Mark 22;VEV_5300;XIREC;46.0;4
75200;Mark 01;Mark 22;VEV_5400;XIREC;14.0;4
75200;Mark 01;Mark 22;VEV_5500;XIREC;5.0;4
75200;Mark 01;Mark 22;VEV_6000;XIREC;0.0;4
75200;Mark 01;Mark 22;VEV_6500;XIREC;0.0;4
76700;Mark 55;Mark 01;VELVETFRUIT_EXTRACT;XIREC;5258.0;4
78700;SUBMISSION;Mark 38;HYDROGEL_PACK;XIREC;9940.0;3
79300;Mark 14;Mark 22;VEV_5300;XIREC;47.0;5
79300;Mark 01;Mark 22;VEV_5400;XIREC;14.0;5
79300;Mark 01;Mark 22;VEV_5500;XIREC;5.0;5
79300;Mark 01;Mark 22;VEV_6000;XIREC;0.0;5
79300;Mark 01;Mark 22;VEV_6500;XIREC;0.0;5
80800;Mark 38;Mark 14;VEV_4000;XIREC;1274.0;1
81700;;SUBMISSION;VEV_5300;XIREC;50.0;1
81900;;SUBMISSION;VEV_5100;XIREC;177.0;1
81900;;SUBMISSION;VEV_5100;XIREC;177.0;1
81900;;SUBMISSION;VEV_5200;XIREC;103.0;1
82000;;SUBMISSION;VEV_5000;XIREC;269.0;1
82000;;SUBMISSION;VEV_5000;XIREC;269.0;1
82000;;SUBMISSION;VEV_5100;XIREC;178.0;1
82000;;SUBMISSION;VEV_5200;XIREC;104.0;2
82000;;SUBMISSION;VEV_5300;XIREC;51.0;1
82100;Mark 55;SUBMISSION;VELVETFRUIT_EXTRACT;XIREC;5269.0;5
83000;Mark 55;SUBMISSION;VELVETFRUIT_EXTRACT;XIREC;5270.0;5
83000;Mark 55;Mark 01;VELVETFRUIT_EXTRACT;XIREC;5271.0;1
84100;Mark 55;SUBMISSION;VELVETFRUIT_EXTRACT;XIREC;5271.0;4
84100;Mark 55;Mark 01;VELVETFRUIT_EXTRACT;XIREC;5272.0;4
84400;Mark 55;SUBMISSION;VELVETFRUIT_EXTRACT;XIREC;5272.0;2
84400;Mark 55;Mark 14;VELVETFRUIT_EXTRACT;XIREC;5273.0;3
84800;Mark 55;SUBMISSION;VELVETFRUIT_EXTRACT;XIREC;5275.0;2
84800;Mark 55;Mark 14;VELVETFRUIT_EXTRACT;XIREC;5276.0;3
85500;Mark 55;SUBMISSION;VELVETFRUIT_EXTRACT;XIREC;5272.0;1
85500;Mark 38;Mark 14;HYDROGEL_PACK;XIREC;9954.0;2
85500;Mark 55;Mark 01;VELVETFRUIT_EXTRACT;XIREC;5273.0;7
86300;;SUBMISSION;VELVETFRUIT_EXTRACT;XIREC;5267.0;1
90100;Mark 38;Mark 14;HYDROGEL_PACK;XIREC;9931.0;3
91700;Mark 38;Mark 14;HYDROGEL_PACK;XIREC;9929.0;2
91700;Mark 14;Mark 55;VELVETFRUIT_EXTRACT;XIREC;5264.0;8
92600;Mark 55;Mark 01;VELVETFRUIT_EXTRACT;XIREC;5271.0;4
95100;Mark 01;Mark 55;VELVETFRUIT_EXTRACT;XIREC;5262.0;8
97200;Mark 55;Mark 14;VELVETFRUIT_EXTRACT;XIREC;5265.0;7
97400;Mark 01;Mark 55;VELVETFRUIT_EXTRACT;XIREC;5258.0;5
97600;SUBMISSION;Mark 38;HYDROGEL_PACK;XIREC;9938.0;2
98600;SUBMISSION;Mark 38;VEV_4000;XIREC;1256.0;1
101800;Mark 38;Mark 14;HYDROGEL_PACK;XIREC;9984.0;3
102400;Mark 38;Mark 14;HYDROGEL_PACK;XIREC;9984.0;3
102600;Mark 14;Mark 22;VEV_5400;XIREC;16.0;2
102600;Mark 01;Mark 22;VEV_5500;XIREC;6.0;2
102600;Mark 01;Mark 22;VEV_6000;XIREC;0.0;2
102600;Mark 01;Mark 22;VEV_6500;XIREC;0.0;2
103300;SUBMISSION;Mark 38;VEV_4000;XIREC;1255.0;1
103500;Mark 01;Mark 55;VELVETFRUIT_EXTRACT;XIREC;5263.0;8
103700;SUBMISSION;Mark 38;VEV_4000;XIREC;1255.0;3
104500;Mark 38;Mark 14;HYDROGEL_PACK;XIREC;9984.0;2
105500;Mark 01;Mark 22;VEV_5300;XIREC;47.0;5
105500;Mark 01;Mark 22;VEV_5500;XIREC;5.0;5
105500;Mark 01;Mark 22;VEV_6000;XIREC;0.0;5
105500;Mark 01;Mark 22;VEV_6500;XIREC;0.0;5
106300;Mark 55;Mark 14;VELVETFRUIT_EXTRACT;XIREC;5262.0;7
108800;Mark 55;Mark 14;VELVETFRUIT_EXTRACT;XIREC;5263.0;3
109100;SUBMISSION;Mark 38;VEV_4000;XIREC;1255.0;1
109400;Mark 55;Mark 01;VELVETFRUIT_EXTRACT;XIREC;5266.0;6
109600;Mark 38;Mark 14;HYDROGEL_PACK;XIREC;9990.0;6
109800;Mark 55;Mark 14;VELVETFRUIT_EXTRACT;XIREC;5267.0;3
110500;Mark 55;Mark 14;VELVETFRUIT_EXTRACT;XIREC;5262.0;8
111300;Mark 55;Mark 01;VELVETFRUIT_EXTRACT;XIREC;5263.0;7
111900;SUBMISSION;Mark 38;VEV_4000;XIREC;1253.0;2
112600;Mark 67;Mark 49;VELVETFRUIT_EXTRACT;XIREC;5257.0;10
114500;Mark 38;Mark 14;HYDROGEL_PACK;XIREC;9994.0;5
114700;Mark 38;Mark 14;VEV_4000;XIREC;1269.0;2
116800;Mark 38;Mark 14;VEV_4000;XIREC;1268.0;2
118100;Mark 55;Mark 01;VELVETFRUIT_EXTRACT;XIREC;5260.0;3
119400;SUBMISSION;;VELVETFRUIT_EXTRACT;XIREC;5251.0;24
122900;Mark 01;Mark 55;VELVETFRUIT_EXTRACT;XIREC;5258.0;8
123500;;SUBMISSION;VEV_4000;XIREC;1264.0;5
123500;;SUBMISSION;VEV_4500;XIREC;764.0;5
124900;Mark 38;SUBMISSION;HYDROGEL_PACK;XIREC;10021.0;3
126800;Mark 38;SUBMISSION;HYDROGEL_PACK;XIREC;10014.0;2
129300;Mark 22;Mark 49;VELVETFRUIT_EXTRACT;XIREC;5255.0;8
129300;Mark 67;Mark 49;VELVETFRUIT_EXTRACT;XIREC;5255.0;5
129400;Mark 38;SUBMISSION;HYDROGEL_PACK;XIREC;10008.0;4
129600;Mark 14;Mark 55;VELVETFRUIT_EXTRACT;XIREC;5255.0;6
129700;Mark 01;Mark 22;VEV_5300;XIREC;46.0;4
129700;Mark 01;Mark 22;VEV_5400;XIREC;14.0;4
129700;Mark 01;Mark 22;VEV_5500;XIREC;5.0;4
129700;Mark 01;Mark 22;VEV_6000;XIREC;0.0;4
129700;Mark 01;Mark 22;VEV_6500;XIREC;0.0;4
130100;Mark 55;Mark 14;VELVETFRUIT_EXTRACT;XIREC;5256.0;5
130300;Mark 14;Mark 55;VELVETFRUIT_EXTRACT;XIREC;5252.0;6
133000;Mark 55;Mark 01;VELVETFRUIT_EXTRACT;XIREC;5260.0;7
134300;;SUBMISSION;VELVETFRUIT_EXTRACT;XIREC;5254.0;6
134300;Mark 67;Mark 49;VELVETFRUIT_EXTRACT;XIREC;5255.0;9
135500;Mark 55;Mark 01;VELVETFRUIT_EXTRACT;XIREC;5259.0;7
137000;Mark 14;Mark 38;HYDROGEL_PACK;XIREC;10007.0;3
137300;;SUBMISSION;HYDROGEL_PACK;XIREC;10012.0;1
137400;;SUBMISSION;HYDROGEL_PACK;XIREC;10013.0;2
137500;;SUBMISSION;HYDROGEL_PACK;XIREC;10012.0;1
137600;;SUBMISSION;HYDROGEL_PACK;XIREC;10015.0;5
137700;;SUBMISSION;HYDROGEL_PACK;XIREC;10013.0;2
137800;;SUBMISSION;HYDROGEL_PACK;XIREC;10012.0;1
138000;;SUBMISSION;HYDROGEL_PACK;XIREC;10014.0;3
138100;;SUBMISSION;HYDROGEL_PACK;XIREC;10014.0;3
138200;;SUBMISSION;HYDROGEL_PACK;XIREC;10016.0;6
138300;;SUBMISSION;HYDROGEL_PACK;XIREC;10014.0;4
138400;;SUBMISSION;VELVETFRUIT_EXTRACT;XIREC;5255.0;4
138600;;SUBMISSION;HYDROGEL_PACK;XIREC;10013.0;2
138700;;SUBMISSION;HYDROGEL_PACK;XIREC;10013.0;2
138700;Mark 55;SUBMISSION;VELVETFRUIT_EXTRACT;XIREC;5261.0;3
138800;;SUBMISSION;HYDROGEL_PACK;XIREC;10015.0;5
138900;;SUBMISSION;HYDROGEL_PACK;XIREC;10015.0;5
139000;;SUBMISSION;HYDROGEL_PACK;XIREC;10017.0;7
139100;;SUBMISSION;HYDROGEL_PACK;XIREC;10014.0;4
139200;;SUBMISSION;HYDROGEL_PACK;XIREC;10013.0;2
139300;;SUBMISSION;HYDROGEL_PACK;XIREC;10013.0;2
140400;;SUBMISSION;HYDROGEL_PACK;XIREC;10012.0;2
140500;Mark 55;SUBMISSION;VELVETFRUIT_EXTRACT;XIREC;5256.0;3
140500;Mark 55;Mark 22;VELVETFRUIT_EXTRACT;XIREC;5257.0;3
140700;;SUBMISSION;HYDROGEL_PACK;XIREC;10013.0;3
140900;;SUBMISSION;HYDROGEL_PACK;XIREC;10013.0;3
140900;SUBMISSION;Mark 38;VEV_4000;XIREC;1247.0;1
141000;;SUBMISSION;HYDROGEL_PACK;XIREC;10013.0;3
141100;;SUBMISSION;HYDROGEL_PACK;XIREC;10014.0;4
141200;;SUBMISSION;HYDROGEL_PACK;XIREC;10015.0;6
141300;;SUBMISSION;HYDROGEL_PACK;XIREC;10016.0;7
141400;;SUBMISSION;HYDROGEL_PACK;XIREC;10016.0;7
141500;;SUBMISSION;HYDROGEL_PACK;XIREC;10020.0;12
141600;;SUBMISSION;HYDROGEL_PACK;XIREC;10020.0;12
141700;;SUBMISSION;HYDROGEL_PACK;XIREC;10021.0;13
141800;;SUBMISSION;HYDROGEL_PACK;XIREC;10017.0;8
141900;;SUBMISSION;HYDROGEL_PACK;XIREC;10015.0;6
142000;;SUBMISSION;HYDROGEL_PACK;XIREC;10014.0;4
142100;;SUBMISSION;HYDROGEL_PACK;XIREC;10011.0;1
142200;;SUBMISSION;HYDROGEL_PACK;XIREC;10011.0;1
142300;;SUBMISSION;HYDROGEL_PACK;XIREC;10011.0;1
142300;Mark 55;SUBMISSION;VELVETFRUIT_EXTRACT;XIREC;5258.0;2
142300;Mark 55;Mark 14;VELVETFRUIT_EXTRACT;XIREC;5259.0;4
142400;;SUBMISSION;HYDROGEL_PACK;XIREC;10013.0;3
142500;;SUBMISSION;HYDROGEL_PACK;XIREC;10013.0;4
143100;;SUBMISSION;HYDROGEL_PACK;XIREC;10011.0;1
143100;Mark 55;SUBMISSION;VELVETFRUIT_EXTRACT;XIREC;5260.0;2
143100;Mark 55;Mark 01;VELVETFRUIT_EXTRACT;XIREC;5261.0;5
143800;;SUBMISSION;VEV_4000;XIREC;1262.0;3
143800;;SUBMISSION;VEV_4500;XIREC;762.0;3
143800;Mark 14;Mark 38;HYDROGEL_PACK;XIREC;9996.0;5
144300;Mark 55;SUBMISSION;VELVETFRUIT_EXTRACT;XIREC;5265.0;1
144300;;SUBMISSION;VEV_4000;XIREC;1262.0;3
144300;;SUBMISSION;VEV_4500;XIREC;762.0;3
144300;Mark 55;Mark 01;VELVETFRUIT_EXTRACT;XIREC;5266.0;5
144400;SUBMISSION;Mark 38;VEV_4000;XIREC;1254.0;1
145100;Mark 38;Mark 14;HYDROGEL_PACK;XIREC;10012.0;5
145400;SUBMISSION;Mark 38;HYDROGEL_PACK;XIREC;9996.0;2
145800;SUBMISSION;Mark 38;VEV_4000;XIREC;1258.0;1
147200;Mark 01;Mark 55;VELVETFRUIT_EXTRACT;XIREC;5259.0;8
148100;;SUBMISSION;HYDROGEL_PACK;XIREC;10010.0;2
148700;;SUBMISSION;HYDROGEL_PACK;XIREC;10011.0;4
148800;;SUBMISSION;HYDROGEL_PACK;XIREC;10012.0;5
148900;;SUBMISSION;HYDROGEL_PACK;XIREC;10012.0;6
149000;;SUBMISSION;HYDROGEL_PACK;XIREC;10012.0;5
149200;;SUBMISSION;HYDROGEL_PACK;XIREC;10013.0;7
149300;;SUBMISSION;HYDROGEL_PACK;XIREC;10012.0;5
149300;;SUBMISSION;VEV_4000;XIREC;1266.0;5
149300;;SUBMISSION;VEV_4500;XIREC;766.0;5
149400;;SUBMISSION;HYDROGEL_PACK;XIREC;10009.0;1
149500;;SUBMISSION;HYDROGEL_PACK;XIREC;10009.0;1
149600;;SUBMISSION;HYDROGEL_PACK;XIREC;10009.0;1
149700;;SUBMISSION;HYDROGEL_PACK;XIREC;10010.0;2
149800;;SUBMISSION;HYDROGEL_PACK;XIREC;10009.0;1
149900;Mark 14;Mark 38;HYDROGEL_PACK;XIREC;10007.0;3
150200;;SUBMISSION;HYDROGEL_PACK;XIREC;10010.0;3
150300;;SUBMISSION;HYDROGEL_PACK;XIREC;10013.0;7
150400;;SUBMISSION;HYDROGEL_PACK;XIREC;10016.0;12
150400;Mark 38;Mark 14;VEV_4000;XIREC;1278.0;1
150500;;SUBMISSION;HYDROGEL_PACK;XIREC;10012.0;6
150600;;SUBMISSION;HYDROGEL_PACK;XIREC;10012.0;6
150600;Mark 38;Mark 14;HYDROGEL_PACK;XIREC;10028.0;4
150700;;SUBMISSION;HYDROGEL_PACK;XIREC;10011.0;9
150800;;SUBMISSION;HYDROGEL_PACK;XIREC;10010.0;8
150900;;SUBMISSION;HYDROGEL_PACK;XIREC;10014.0;12
150900;;SUBMISSION;HYDROGEL_PACK;XIREC;10012.0;2
151000;;SUBMISSION;HYDROGEL_PACK;XIREC;10016.0;11
151000;;SUBMISSION;HYDROGEL_PACK;XIREC;10013.0;4
151400;Mark 14;Mark 38;HYDROGEL_PACK;XIREC;10014.0;3
151600;Mark 14;Mark 38;HYDROGEL_PACK;XIREC;10014.0;6
153100;Mark 38;Mark 14;VEV_4000;XIREC;1284.0;3
153200;Mark 14;Mark 38;HYDROGEL_PACK;XIREC;10008.0;5
154300;Mark 55;Mark 01;VELVETFRUIT_EXTRACT;XIREC;5275.0;6
155100;Mark 55;SUBMISSION;VELVETFRUIT_EXTRACT;XIREC;5276.0;1
155100;Mark 55;Mark 01;VELVETFRUIT_EXTRACT;XIREC;5277.0;7
155300;Mark 55;SUBMISSION;VELVETFRUIT_EXTRACT;XIREC;5276.0;1
155300;Mark 55;Mark 14;VELVETFRUIT_EXTRACT;XIREC;5277.0;2
155700;Mark 55;SUBMISSION;VELVETFRUIT_EXTRACT;XIREC;5276.0;1
155700;Mark 55;Mark 14;VELVETFRUIT_EXTRACT;XIREC;5277.0;3
155800;Mark 14;Mark 55;VELVETFRUIT_EXTRACT;XIREC;5274.0;7
155900;Mark 38;Mark 14;VEV_4000;XIREC;1285.0;2
156200;Mark 67;Mark 49;VELVETFRUIT_EXTRACT;XIREC;5275.0;14
157000;Mark 38;Mark 14;HYDROGEL_PACK;XIREC;10024.0;4
157400;Mark 67;Mark 49;VELVETFRUIT_EXTRACT;XIREC;5272.0;13
158600;;SUBMISSION;HYDROGEL_PACK;XIREC;10008.0;2
159800;;SUBMISSION;HYDROGEL_PACK;XIREC;10015.0;1
160000;;SUBMISSION;HYDROGEL_PACK;XIREC;10019.0;8
160400;;SUBMISSION;HYDROGEL_PACK;XIREC;10021.0;4
160400;;SUBMISSION;VEV_4000;XIREC;1273.0;3
160400;;SUBMISSION;VEV_4500;XIREC;773.0;3
160500;;SUBMISSION;HYDROGEL_PACK;XIREC;10022.0;2
161100;Mark 38;SUBMISSION;HYDROGEL_PACK;XIREC;10027.0;4
164100;Mark 55;Mark 14;VELVETFRUIT_EXTRACT;XIREC;5282.0;5
164200;Mark 14;Mark 55;VELVETFRUIT_EXTRACT;XIREC;5278.0;7
164600;Mark 14;Mark 38;HYDROGEL_PACK;XIREC;10023.0;6
165700;Mark 67;Mark 22;VELVETFRUIT_EXTRACT;XIREC;5273.0;10
166700;Mark 38;Mark 14;VEV_4000;XIREC;1283.0;3
169000;Mark 38;Mark 14;HYDROGEL_PACK;XIREC;10028.0;2
169000;Mark 01;Mark 22;VEV_5300;XIREC;52.0;3
169000;Mark 01;Mark 22;VEV_5400;XIREC;16.0;3
169000;Mark 01;Mark 22;VEV_5500;XIREC;6.0;3
169000;Mark 01;Mark 22;VEV_6000;XIREC;0.0;3
169000;Mark 01;Mark 22;VEV_6500;XIREC;0.0;3
169200;SUBMISSION;Mark 38;VEV_4000;XIREC;1262.0;3
169200;Mark 38;Mark 14;HYDROGEL_PACK;XIREC;10025.0;5
169300;;SUBMISSION;HYDROGEL_PACK;XIREC;10010.0;1
169400;;SUBMISSION;HYDROGEL_PACK;XIREC;10017.0;7
169900;Mark 14;Mark 55;VELVETFRUIT_EXTRACT;XIREC;5267.0;3
170100;Mark 38;SUBMISSION;HYDROGEL_PACK;XIREC;10019.0;4
170500;Mark 55;Mark 14;VELVETFRUIT_EXTRACT;XIREC;5272.0;7
171500;Mark 14;Mark 55;VELVETFRUIT_EXTRACT;XIREC;5271.0;7
171800;Mark 01;Mark 22;VEV_5400;XIREC;17.0;5
171800;Mark 01;Mark 22;VEV_5500;XIREC;7.0;5
171800;Mark 01;Mark 22;VEV_6000;XIREC;0.0;5
171800;Mark 01;Mark 22;VEV_6500;XIREC;0.0;5
172600;Mark 55;Mark 01;VELVETFRUIT_EXTRACT;XIREC;5276.0;8
174000;Mark 55;Mark 14;VELVETFRUIT_EXTRACT;XIREC;5278.0;6
175000;Mark 55;Mark 01;VELVETFRUIT_EXTRACT;XIREC;5279.0;4
177100;Mark 14;Mark 38;HYDROGEL_PACK;XIREC;10011.0;3
178100;Mark 14;Mark 38;HYDROGEL_PACK;XIREC;10007.0;3
178200;Mark 01;Mark 55;VELVETFRUIT_EXTRACT;XIREC;5272.0;3
179100;Mark 55;Mark 01;VELVETFRUIT_EXTRACT;XIREC;5275.0;8
181600;Mark 14;Mark 38;HYDROGEL_PACK;XIREC;9996.0;5
185500;Mark 55;Mark 14;VELVETFRUIT_EXTRACT;XIREC;5262.0;5
188200;Mark 01;Mark 55;VELVETFRUIT_EXTRACT;XIREC;5255.0;3
188500;SUBMISSION;;HYDROGEL_PACK;XIREC;9999.0;9
188600;SUBMISSION;;HYDROGEL_PACK;XIREC;9994.0;14
188600;SUBMISSION;;HYDROGEL_PACK;XIREC;9997.0;6
188700;SUBMISSION;;HYDROGEL_PACK;XIREC;9992.0;14
188700;SUBMISSION;;HYDROGEL_PACK;XIREC;9995.0;10
188800;SUBMISSION;;HYDROGEL_PACK;XIREC;9990.0;11
188800;SUBMISSION;;HYDROGEL_PACK;XIREC;9992.0;17
188900;SUBMISSION;;HYDROGEL_PACK;XIREC;9988.0;10
188900;SUBMISSION;;HYDROGEL_PACK;XIREC;9991.0;20
189000;SUBMISSION;;HYDROGEL_PACK;XIREC;9990.0;10
189000;SUBMISSION;;HYDROGEL_PACK;XIREC;9993.0;18
189100;SUBMISSION;;HYDROGEL_PACK;XIREC;9989.0;13
189100;SUBMISSION;;HYDROGEL_PACK;XIREC;9992.0;17
189100;Mark 01;Mark 22;VEV_5300;XIREC;47.0;4
189100;Mark 01;Mark 22;VEV_5400;XIREC;14.0;4
189100;Mark 01;Mark 22;VEV_5500;XIREC;6.0;4
189100;Mark 01;Mark 22;VEV_6000;XIREC;0.0;4
189100;Mark 01;Mark 22;VEV_6500;XIREC;0.0;4
189200;SUBMISSION;;HYDROGEL_PACK;XIREC;9991.0;11
189200;SUBMISSION;;HYDROGEL_PACK;XIREC;9994.0;15
189300;SUBMISSION;;HYDROGEL_PACK;XIREC;9991.0;11
189300;SUBMISSION;;HYDROGEL_PACK;XIREC;9994.0;15
189400;SUBMISSION;;HYDROGEL_PACK;XIREC;9990.0;10
189400;SUBMISSION;;HYDROGEL_PACK;XIREC;9992.0;18
189500;SUBMISSION;;HYDROGEL_PACK;XIREC;9988.0;15
189500;SUBMISSION;;HYDROGEL_PACK;XIREC;9990.0;17
189600;SUBMISSION;;HYDROGEL_PACK;XIREC;9987.0;12
189600;SUBMISSION;;HYDROGEL_PACK;XIREC;9989.0;3
189700;SUBMISSION;;HYDROGEL_PACK;XIREC;9976.0;5
189700;SUBMISSION;;HYDROGEL_PACK;XIREC;9984.0;11
189700;Mark 01;Mark 55;VELVETFRUIT_EXTRACT;XIREC;5257.0;6
190900;Mark 38;Mark 14;VEV_4000;XIREC;1270.0;1
192700;SUBMISSION;Mark 38;VEV_4000;XIREC;1254.0;2
193400;Mark 38;Mark 14;HYDROGEL_PACK;XIREC;9993.0;4
194700;Mark 67;Mark 22;VELVETFRUIT_EXTRACT;XIREC;5262.0;10
194900;Mark 01;Mark 55;VELVETFRUIT_EXTRACT;XIREC;5257.0;6
195200;Mark 38;Mark 14;VEV_4000;XIREC;1270.0;2
195500;Mark 55;Mark 14;VELVETFRUIT_EXTRACT;XIREC;5264.0;6
195600;SUBMISSION;Mark 38;HYDROGEL_PACK;XIREC;9973.0;5
196700;Mark 14;Mark 55;VELVETFRUIT_EXTRACT;XIREC;5261.0;6
196800;SUBMISSION;Mark 38;VEV_4000;XIREC;1254.0;2
199400;Mark 67;Mark 49;VELVETFRUIT_EXTRACT;XIREC;5262.0;8
200400;SUBMISSION;Mark 38;VEV_4000;XIREC;1253.0;1
201300;Mark 22;Mark 55;VELVETFRUIT_EXTRACT;XIREC;5259.0;6
201500;SUBMISSION;Mark 38;VEV_4000;XIREC;1249.0;1
202300;SUBMISSION;Mark 38;VEV_4000;XIREC;1250.0;1
203500;Mark 55;Mark 01;VELVETFRUIT_EXTRACT;XIREC;5263.0;4
204400;Mark 01;Mark 22;VEV_5300;XIREC;47.0;5
204400;Mark 01;Mark 22;VEV_5400;XIREC;14.0;5
204400;Mark 01;Mark 22;VEV_5500;XIREC;6.0;5
204400;Mark 01;Mark 22;VEV_6000;XIREC;0.0;5
204400;Mark 01;Mark 22;VEV_6500;XIREC;0.0;5
204800;;SUBMISSION;VEV_4000;XIREC;1262.0;5
204800;;SUBMISSION;VEV_4500;XIREC;762.0;2
205000;Mark 49;Mark 22;VELVETFRUIT_EXTRACT;XIREC;5263.0;5
206000;Mark 55;Mark 01;VELVETFRUIT_EXTRACT;XIREC;5268.0;6
206200;Mark 38;Mark 14;HYDROGEL_PACK;XIREC;9992.0;3
206600;SUBMISSION;Mark 38;HYDROGEL_PACK;XIREC;9977.0;3
206700;SUBMISSION;Mark 38;HYDROGEL_PACK;XIREC;9982.0;5
207000;Mark 67;Mark 49;VELVETFRUIT_EXTRACT;XIREC;5268.0;15
208100;;SUBMISSION;VEV_4000;XIREC;1269.0;2
208100;;SUBMISSION;VEV_4500;XIREC;769.0;2
209400;Mark 01;Mark 55;VELVETFRUIT_EXTRACT;XIREC;5265.0;4
211300;;SUBMISSION;VEV_4000;XIREC;1267.0;3
211300;;SUBMISSION;VEV_4500;XIREC;767.0;3
211400;Mark 01;Mark 55;VELVETFRUIT_EXTRACT;XIREC;5264.0;7
212100;SUBMISSION;Mark 38;VEV_4000;XIREC;1258.0;2
212100;Mark 55;Mark 01;VELVETFRUIT_EXTRACT;XIREC;5271.0;4
212200;;SUBMISSION;VEV_4000;XIREC;1267.0;2
212200;;SUBMISSION;VEV_4500;XIREC;767.0;2
212200;Mark 55;Mark 22;VELVETFRUIT_EXTRACT;XIREC;5267.0;5
212900;Mark 14;Mark 55;VELVETFRUIT_EXTRACT;XIREC;5266.0;5
217200;Mark 14;Mark 55;VELVETFRUIT_EXTRACT;XIREC;5262.0;4
217800;Mark 01;Mark 55;VELVETFRUIT_EXTRACT;XIREC;5260.0;6
219200;SUBMISSION;Mark 38;HYDROGEL_PACK;XIREC;9955.0;4
220600;Mark 14;Mark 55;VELVETFRUIT_EXTRACT;XIREC;5260.0;4
220800;Mark 55;Mark 14;VELVETFRUIT_EXTRACT;XIREC;5265.0;6
221200;Mark 38;Mark 14;HYDROGEL_PACK;XIREC;9963.0;6
224300;Mark 38;Mark 14;HYDROGEL_PACK;XIREC;9942.0;4
225500;Mark 14;Mark 22;VEV_5300;XIREC;50.0;5
225500;Mark 01;Mark 22;VEV_5400;XIREC;16.0;5
225500;Mark 01;Mark 22;VEV_5500;XIREC;6.0;5
225500;Mark 01;Mark 22;VEV_6000;XIREC;0.0;5
225500;Mark 01;Mark 22;VEV_6500;XIREC;0.0;5
229400;Mark 14;Mark 55;VELVETFRUIT_EXTRACT;XIREC;5260.0;7
231600;Mark 14;Mark 55;VELVETFRUIT_EXTRACT;XIREC;5262.0;5
231900;Mark 38;Mark 14;VEV_4000;XIREC;1275.0;2
232000;Mark 55;Mark 01;VELVETFRUIT_EXTRACT;XIREC;5267.0;8
233000;Mark 38;Mark 14;HYDROGEL_PACK;XIREC;9927.0;3
235700;SUBMISSION;Mark 38;HYDROGEL_PACK;XIREC;9907.0;6
237400;Mark 55;Mark 01;VELVETFRUIT_EXTRACT;XIREC;5273.0;6
237600;Mark 67;Mark 49;VELVETFRUIT_EXTRACT;XIREC;5271.0;8
237700;Mark 55;Mark 14;VELVETFRUIT_EXTRACT;XIREC;5273.0;8
238900;SUBMISSION;Mark 38;HYDROGEL_PACK;XIREC;9911.0;4
239300;SUBMISSION;Mark 38;HYDROGEL_PACK;XIREC;9910.0;2
239400;SUBMISSION;Mark 38;HYDROGEL_PACK;XIREC;9911.0;4
239400;Mark 01;Mark 22;VEV_5400;XIREC;15.0;2
239400;Mark 01;Mark 22;VEV_5500;XIREC;6.0;2
239400;Mark 01;Mark 22;VEV_6000;XIREC;0.0;2
239400;Mark 01;Mark 22;VEV_6500;XIREC;0.0;2
239800;Mark 38;Mark 14;HYDROGEL_PACK;XIREC;9925.0;5
242100;Mark 55;Mark 14;VELVETFRUIT_EXTRACT;XIREC;5276.0;8
243500;Mark 55;Mark 14;VELVETFRUIT_EXTRACT;XIREC;5274.0;4
243800;SUBMISSION;Mark 38;HYDROGEL_PACK;XIREC;9920.0;3
243800;Mark 14;Mark 38;HYDROGEL_PACK;XIREC;9919.0;1
244900;Mark 55;Mark 14;VELVETFRUIT_EXTRACT;XIREC;5276.0;4
247300;;SUBMISSION;VEV_4000;XIREC;1276.0;4
247300;;SUBMISSION;VEV_4500;XIREC;776.0;4
248600;;SUBMISSION;VEV_4000;XIREC;1272.0;5
248600;;SUBMISSION;VEV_4500;XIREC;772.0;5
249400;Mark 38;Mark 14;VEV_4000;XIREC;1286.0;3
249800;SUBMISSION;Mark 38;VEV_4000;XIREC;1268.0;2
250700;;SUBMISSION;VEV_4000;XIREC;1275.0;5
250700;;SUBMISSION;VEV_4500;XIREC;775.0;5
253000;Mark 01;Mark 22;VEV_5400;XIREC;16.0;3
253000;Mark 01;Mark 22;VEV_5500;XIREC;6.0;3
253000;Mark 01;Mark 22;VEV_6000;XIREC;0.0;3
253000;Mark 01;Mark 22;VEV_6500;XIREC;0.0;3
253900;;SUBMISSION;VEV_4000;XIREC;1265.0;3
253900;;SUBMISSION;VEV_4500;XIREC;765.0;3
254300;Mark 38;Mark 14;HYDROGEL_PACK;XIREC;9951.0;2
256200;SUBMISSION;Mark 38;HYDROGEL_PACK;XIREC;9928.0;2
256200;Mark 14;Mark 38;HYDROGEL_PACK;XIREC;9927.0;3
258000;Mark 67;Mark 49;VELVETFRUIT_EXTRACT;XIREC;5271.0;15
258900;Mark 38;Mark 14;HYDROGEL_PACK;XIREC;9928.0;2
259500;Mark 01;Mark 55;VELVETFRUIT_EXTRACT;XIREC;5273.0;4
263900;Mark 14;Mark 55;VELVETFRUIT_EXTRACT;XIREC;5281.0;4
264200;Mark 38;Mark 14;HYDROGEL_PACK;XIREC;9927.0;6
264700;SUBMISSION;Mark 38;HYDROGEL_PACK;XIREC;9908.0;1
264700;Mark 14;Mark 38;HYDROGEL_PACK;XIREC;9907.0;1
265100;Mark 01;Mark 55;VELVETFRUIT_EXTRACT;XIREC;5285.0;6
265200;SUBMISSION;Mark 38;HYDROGEL_PACK;XIREC;9910.0;1
265200;Mark 14;Mark 38;HYDROGEL_PACK;XIREC;9909.0;4
265500;;SUBMISSION;VEV_4000;XIREC;1287.0;3
265500;;SUBMISSION;VEV_4500;XIREC;787.0;3
265500;Mark 14;Mark 55;VELVETFRUIT_EXTRACT;XIREC;5285.0;6
265700;;SUBMISSION;VEV_4000;XIREC;1286.0;4
265700;;SUBMISSION;VEV_4500;XIREC;786.0;4
266700;;SUBMISSION;VEV_4000;XIREC;1286.0;2
266700;;SUBMISSION;VEV_4500;XIREC;786.0;2
266800;SUBMISSION;Mark 38;VEV_4000;XIREC;1276.0;1
267000;Mark 55;Mark 14;VELVETFRUIT_EXTRACT;XIREC;5289.0;6
267400;Mark 14;Mark 55;VELVETFRUIT_EXTRACT;XIREC;5283.0;4
267900;Mark 38;Mark 22;HYDROGEL_PACK;XIREC;9926.0;6
268200;Mark 14;Mark 55;VELVETFRUIT_EXTRACT;XIREC;5280.0;7
268600;Mark 01;Mark 55;VELVETFRUIT_EXTRACT;XIREC;5281.0;5
268900;Mark 01;Mark 22;VEV_5400;XIREC;19.0;4
268900;Mark 01;Mark 22;VEV_5500;XIREC;8.0;4
268900;Mark 01;Mark 22;VEV_6000;XIREC;0.0;4
268900;Mark 01;Mark 22;VEV_6500;XIREC;0.0;4
269700;Mark 38;Mark 14;VEV_4000;XIREC;1288.0;1
270500;Mark 38;Mark 14;VEV_4000;XIREC;1291.0;1
271100;Mark 14;Mark 55;VELVETFRUIT_EXTRACT;XIREC;5276.0;3
272000;Mark 01;Mark 22;VEV_5500;XIREC;8.0;3
272000;Mark 01;Mark 22;VEV_6000;XIREC;0.0;3
272000;Mark 01;Mark 22;VEV_6500;XIREC;0.0;3
272700;Mark 01;Mark 55;VELVETFRUIT_EXTRACT;XIREC;5277.0;3
272900;Mark 38;Mark 14;HYDROGEL_PACK;XIREC;9924.0;5
272900;Mark 38;Mark 14;VEV_4000;XIREC;1290.0;3
273400;Mark 38;Mark 14;HYDROGEL_PACK;XIREC;9922.0;3
273500;Mark 38;Mark 14;HYDROGEL_PACK;XIREC;9921.0;6
274100;Mark 22;Mark 55;VELVETFRUIT_EXTRACT;XIREC;5279.0;6
274300;Mark 55;Mark 14;VELVETFRUIT_EXTRACT;XIREC;5280.0;8
274400;SUBMISSION;Mark 38;HYDROGEL_PACK;XIREC;9908.0;1
274400;Mark 14;Mark 38;HYDROGEL_PACK;XIREC;9907.0;2
274600;Mark 14;Mark 55;VELVETFRUIT_EXTRACT;XIREC;5274.0;3
275200;Mark 01;Mark 22;VEV_5400;XIREC;18.0;5
275200;Mark 01;Mark 22;VEV_5500;XIREC;7.0;5
275200;Mark 01;Mark 22;VEV_6000;XIREC;0.0;5
275200;Mark 01;Mark 22;VEV_6500;XIREC;0.0;5
275800;Mark 38;Mark 14;HYDROGEL_PACK;XIREC;9912.0;6
277000;Mark 38;Mark 14;HYDROGEL_PACK;XIREC;9911.0;6
277300;Mark 38;Mark 14;HYDROGEL_PACK;XIREC;9910.0;3
277900;SUBMISSION;Mark 38;VEV_4000;XIREC;1260.0;3
278700;Mark 55;Mark 01;VELVETFRUIT_EXTRACT;XIREC;5274.0;6
278800;Mark 14;Mark 38;HYDROGEL_PACK;XIREC;9890.0;2
278800;Mark 55;Mark 14;VELVETFRUIT_EXTRACT;XIREC;5276.0;4
279300;;SUBMISSION;VEV_4000;XIREC;1272.0;5
279300;;SUBMISSION;VEV_4500;XIREC;772.0;5
279900;Mark 14;Mark 38;HYDROGEL_PACK;XIREC;9890.0;6
280700;Mark 14;Mark 55;VELVETFRUIT_EXTRACT;XIREC;5268.0;6
281100;Mark 38;Mark 14;VEV_4000;XIREC;1278.0;1
282200;Mark 14;Mark 38;HYDROGEL_PACK;XIREC;9891.0;4
282600;Mark 49;Mark 22;VELVETFRUIT_EXTRACT;XIREC;5269.0;10
282600;Mark 55;Mark 01;VELVETFRUIT_EXTRACT;XIREC;5272.0;6
283300;Mark 14;Mark 55;VELVETFRUIT_EXTRACT;XIREC;5270.0;5
283700;Mark 38;Mark 14;HYDROGEL_PACK;XIREC;9922.0;5
284300;Mark 38;Mark 14;HYDROGEL_PACK;XIREC;9923.0;6
285600;Mark 55;Mark 01;VELVETFRUIT_EXTRACT;XIREC;5278.0;4
285800;Mark 67;Mark 22;VELVETFRUIT_EXTRACT;XIREC;5276.0;6
286100;Mark 22;Mark 55;VELVETFRUIT_EXTRACT;XIREC;5278.0;5
286900;SUBMISSION;Mark 38;VEV_4000;XIREC;1267.0;3
287100;Mark 01;Mark 22;VEV_5400;XIREC;18.0;2
287100;Mark 01;Mark 22;VEV_5500;XIREC;7.0;2
287100;Mark 01;Mark 22;VEV_6000;XIREC;0.0;2
287100;Mark 01;Mark 22;VEV_6500;XIREC;0.0;2
287600;Mark 01;Mark 22;VEV_5400;XIREC;18.0;2
287600;Mark 01;Mark 22;VEV_5500;XIREC;7.0;2
287600;Mark 01;Mark 22;VEV_6000;XIREC;0.0;2
287600;Mark 01;Mark 22;VEV_6500;XIREC;0.0;2
288000;Mark 38;Mark 14;HYDROGEL_PACK;XIREC;9936.0;5
288000;Mark 01;Mark 55;VELVETFRUIT_EXTRACT;XIREC;5274.0;8
289300;Mark 14;Mark 22;VEV_5300;XIREC;52.0;2
289300;Mark 01;Mark 22;VEV_5400;XIREC;17.0;2
289300;Mark 01;Mark 22;VEV_5500;XIREC;7.0;2
289300;Mark 01;Mark 22;VEV_6000;XIREC;0.0;2
289300;Mark 01;Mark 22;VEV_6500;XIREC;0.0;2
291000;Mark 14;Mark 38;HYDROGEL_PACK;XIREC;9905.0;3
291800;Mark 14;Mark 55;VELVETFRUIT_EXTRACT;XIREC;5267.0;4
292800;Mark 38;Mark 14;HYDROGEL_PACK;XIREC;9921.0;6
293100;Mark 55;Mark 14;VELVETFRUIT_EXTRACT;XIREC;5274.0;5
293200;;SUBMISSION;VEV_4000;XIREC;1270.0;2
293200;;SUBMISSION;VEV_4500;XIREC;770.0;2
293400;Mark 55;Mark 14;VELVETFRUIT_EXTRACT;XIREC;5273.0;5
293600;SUBMISSION;Mark 38;VEV_4000;XIREC;1261.0;2
293700;Mark 01;Mark 55;VELVETFRUIT_EXTRACT;XIREC;5267.0;8
294600;Mark 01;Mark 22;VEV_5400;XIREC;16.0;2
294600;Mark 14;Mark 22;VEV_5500;XIREC;7.0;2
294600;Mark 01;Mark 22;VEV_6000;XIREC;0.0;2
294600;Mark 01;Mark 22;VEV_6500;XIREC;0.0;2
296800;Mark 01;Mark 55;VELVETFRUIT_EXTRACT;XIREC;5268.0;8
299100;Mark 38;Mark 14;HYDROGEL_PACK;XIREC;9963.0;3
300800;Mark 14;Mark 38;HYDROGEL_PACK;XIREC;9946.0;4
301000;Mark 01;Mark 55;VELVETFRUIT_EXTRACT;XIREC;5267.0;8
301700;SUBMISSION;Mark 38;VEV_4000;XIREC;1257.0;2
303100;SUBMISSION;Mark 38;VEV_4000;XIREC;1257.0;1
303800;Mark 14;Mark 38;HYDROGEL_PACK;XIREC;9935.0;2
304200;;SUBMISSION;VEV_4000;XIREC;1271.0;5
304200;;SUBMISSION;VEV_4500;XIREC;771.0;3
305600;Mark 01;Mark 55;VELVETFRUIT_EXTRACT;XIREC;5267.0;3
305700;Mark 38;Mark 14;HYDROGEL_PACK;XIREC;9951.0;6
306000;Mark 55;Mark 14;VELVETFRUIT_EXTRACT;XIREC;5274.0;5
306100;Mark 38;Mark 14;HYDROGEL_PACK;XIREC;9952.0;5
307600;Mark 38;Mark 14;VEV_4000;XIREC;1281.0;2
307900;Mark 01;Mark 55;VELVETFRUIT_EXTRACT;XIREC;5268.0;8
308400;Mark 01;Mark 55;VELVETFRUIT_EXTRACT;XIREC;5270.0;3
310100;Mark 38;Mark 14;HYDROGEL_PACK;XIREC;9942.0;4
311200;Mark 14;Mark 55;VELVETFRUIT_EXTRACT;XIREC;5265.0;8
311700;Mark 55;Mark 01;VELVETFRUIT_EXTRACT;XIREC;5273.0;6
311800;Mark 38;Mark 14;HYDROGEL_PACK;XIREC;9945.0;2
314800;Mark 38;Mark 14;HYDROGEL_PACK;XIREC;9953.0;3
315400;Mark 38;Mark 14;HYDROGEL_PACK;XIREC;9956.0;4
316700;Mark 01;Mark 22;VEV_5400;XIREC;17.0;3
316700;Mark 01;Mark 22;VEV_5500;XIREC;7.0;3
316700;Mark 01;Mark 22;VEV_6000;XIREC;0.0;3
316700;Mark 01;Mark 22;VEV_6500;XIREC;0.0;3
316800;Mark 67;Mark 22;VELVETFRUIT_EXTRACT;XIREC;5275.0;7
316900;Mark 38;Mark 14;HYDROGEL_PACK;XIREC;9954.0;2
317500;Mark 01;Mark 22;VEV_5400;XIREC;17.0;3
317500;Mark 01;Mark 22;VEV_5500;XIREC;7.0;3
317500;Mark 01;Mark 22;VEV_6000;XIREC;0.0;3
317500;Mark 01;Mark 22;VEV_6500;XIREC;0.0;3
318100;Mark 38;Mark 14;VEV_4000;XIREC;1284.0;1
320800;Mark 01;Mark 22;VEV_5300;XIREC;52.0;5
320800;Mark 01;Mark 22;VEV_5400;XIREC;17.0;5
320800;Mark 01;Mark 22;VEV_5500;XIREC;7.0;5
320800;Mark 01;Mark 22;VEV_6000;XIREC;0.0;5
320800;Mark 01;Mark 22;VEV_6500;XIREC;0.0;5
321600;Mark 01;Mark 22;VEV_5300;XIREC;50.0;4
321600;Mark 01;Mark 22;VEV_5400;XIREC;16.0;4
321600;Mark 01;Mark 22;VEV_5500;XIREC;7.0;4
321600;Mark 01;Mark 22;VEV_6000;XIREC;0.0;4
321600;Mark 01;Mark 22;VEV_6500;XIREC;0.0;4
322300;Mark 38;Mark 14;VEV_4000;XIREC;1282.0;2
323200;Mark 55;Mark 14;VELVETFRUIT_EXTRACT;XIREC;5276.0;5
323500;Mark 67;Mark 49;VELVETFRUIT_EXTRACT;XIREC;5269.0;14
327600;Mark 55;Mark 14;VELVETFRUIT_EXTRACT;XIREC;5266.0;5
328500;Mark 55;Mark 14;VELVETFRUIT_EXTRACT;XIREC;5269.0;7
328700;SUBMISSION;Mark 38;VEV_4000;XIREC;1256.0;3
328700;Mark 55;Mark 14;VELVETFRUIT_EXTRACT;XIREC;5268.0;5
328900;Mark 38;Mark 14;HYDROGEL_PACK;XIREC;9958.0;2
330400;Mark 14;Mark 55;VELVETFRUIT_EXTRACT;XIREC;5261.0;8
332600;Mark 55;Mark 01;VELVETFRUIT_EXTRACT;XIREC;5274.0;8
332800;Mark 14;Mark 38;HYDROGEL_PACK;XIREC;9947.0;3
333200;Mark 67;Mark 22;VELVETFRUIT_EXTRACT;XIREC;5269.0;7
333900;Mark 55;Mark 01;VELVETFRUIT_EXTRACT;XIREC;5273.0;7
335400;Mark 55;Mark 14;VELVETFRUIT_EXTRACT;XIREC;5271.0;6
336800;Mark 01;Mark 55;VELVETFRUIT_EXTRACT;XIREC;5268.0;5
337000;Mark 67;Mark 22;VELVETFRUIT_EXTRACT;XIREC;5271.0;6
337700;;SUBMISSION;VEV_4000;XIREC;1271.0;2
337700;;SUBMISSION;VEV_4500;XIREC;771.0;2
338400;Mark 14;Mark 38;HYDROGEL_PACK;XIREC;9948.0;4
340200;Mark 14;Mark 38;HYDROGEL_PACK;XIREC;9951.0;2
340500;SUBMISSION;Mark 38;VEV_4000;XIREC;1258.0;3
341400;Mark 01;Mark 22;VEV_5400;XIREC;16.0;4
341400;Mark 14;Mark 22;VEV_5500;XIREC;7.0;4
341400;Mark 01;Mark 22;VEV_6000;XIREC;0.0;4
341400;Mark 01;Mark 22;VEV_6500;XIREC;0.0;4
342300;Mark 38;Mark 14;HYDROGEL_PACK;XIREC;9966.0;2
344000;Mark 01;Mark 55;VELVETFRUIT_EXTRACT;XIREC;5269.0;3
344100;Mark 14;Mark 38;HYDROGEL_PACK;XIREC;9942.0;3
344500;Mark 14;Mark 38;HYDROGEL_PACK;XIREC;9942.0;3
344600;Mark 38;Mark 14;HYDROGEL_PACK;XIREC;9958.0;6
344600;Mark 01;Mark 55;VELVETFRUIT_EXTRACT;XIREC;5265.0;7
344900;Mark 01;Mark 55;VELVETFRUIT_EXTRACT;XIREC;5265.0;6
346100;Mark 38;Mark 14;HYDROGEL_PACK;XIREC;9947.0;2
347400;Mark 38;Mark 14;HYDROGEL_PACK;XIREC;9947.0;4
347800;Mark 01;Mark 22;VEV_5400;XIREC;15.0;4
347800;Mark 01;Mark 22;VEV_5500;XIREC;6.0;4
347800;Mark 01;Mark 22;VEV_6000;XIREC;0.0;4
347800;Mark 01;Mark 22;VEV_6500;XIREC;0.0;4
350600;Mark 55;Mark 14;VELVETFRUIT_EXTRACT;XIREC;5266.0;5
350700;Mark 14;Mark 22;VEV_5300;XIREC;47.0;4
350700;Mark 01;Mark 22;VEV_5400;XIREC;15.0;4
350700;Mark 01;Mark 22;VEV_5500;XIREC;6.0;4
350700;Mark 01;Mark 22;VEV_6000;XIREC;0.0;4
350700;Mark 01;Mark 22;VEV_6500;XIREC;0.0;4
351400;Mark 14;Mark 38;HYDROGEL_PACK;XIREC;9937.0;6
352100;Mark 14;Mark 55;VELVETFRUIT_EXTRACT;XIREC;5252.0;4
352300;Mark 55;Mark 14;VELVETFRUIT_EXTRACT;XIREC;5257.0;8
353600;Mark 01;Mark 55;VELVETFRUIT_EXTRACT;XIREC;5254.0;7
353800;Mark 14;Mark 55;VELVETFRUIT_EXTRACT;XIREC;5257.0;7
356500;Mark 55;Mark 14;VELVETFRUIT_EXTRACT;XIREC;5263.0;6
358300;Mark 14;Mark 55;VELVETFRUIT_EXTRACT;XIREC;5261.0;7
358400;Mark 55;Mark 01;VELVETFRUIT_EXTRACT;XIREC;5266.0;5
358500;Mark 01;Mark 22;VEV_5300;XIREC;47.0;2
358500;Mark 01;Mark 22;VEV_5400;XIREC;15.0;2
358500;Mark 01;Mark 22;VEV_5500;XIREC;6.0;2
358500;Mark 01;Mark 22;VEV_6000;XIREC;0.0;2
358500;Mark 01;Mark 22;VEV_6500;XIREC;0.0;2
359500;Mark 14;Mark 38;HYDROGEL_PACK;XIREC;9972.0;5
360000;Mark 55;Mark 01;VELVETFRUIT_EXTRACT;XIREC;5267.0;7
361300;Mark 55;Mark 01;VELVETFRUIT_EXTRACT;XIREC;5267.0;3
361600;Mark 01;Mark 55;VELVETFRUIT_EXTRACT;XIREC;5260.0;5
362500;Mark 01;Mark 55;VELVETFRUIT_EXTRACT;XIREC;5260.0;5
362600;Mark 01;Mark 22;VEV_5300;XIREC;47.0;5
362600;Mark 01;Mark 22;VEV_5500;XIREC;6.0;5
362600;Mark 01;Mark 22;VEV_6000;XIREC;0.0;5
362600;Mark 01;Mark 22;VEV_6500;XIREC;0.0;5
363300;Mark 38;Mark 14;VEV_4000;XIREC;1272.0;1
365300;Mark 14;Mark 38;HYDROGEL_PACK;XIREC;9984.0;2
365400;Mark 14;Mark 55;VELVETFRUIT_EXTRACT;XIREC;5257.0;7
365600;Mark 01;Mark 22;VEV_5300;XIREC;45.0;4
365600;Mark 01;Mark 22;VEV_5400;XIREC;14.0;4
365600;Mark 01;Mark 22;VEV_5500;XIREC;5.0;4
365600;Mark 01;Mark 22;VEV_6000;XIREC;0.0;4
365600;Mark 01;Mark 22;VEV_6500;XIREC;0.0;4
366500;Mark 38;Mark 14;HYDROGEL_PACK;XIREC;10001.0;2
368100;Mark 14;Mark 55;VELVETFRUIT_EXTRACT;XIREC;5256.0;6
368200;Mark 38;Mark 14;VEV_4000;XIREC;1270.0;2
370600;Mark 38;Mark 14;VEV_4000;XIREC;1261.0;3
370700;SUBMISSION;Mark 38;VEV_4000;XIREC;1242.0;2
371300;SUBMISSION;;VELVETFRUIT_EXTRACT;XIREC;5250.0;14
372300;Mark 01;Mark 55;VELVETFRUIT_EXTRACT;XIREC;5250.0;6
372300;Mark 38;Mark 14;VEV_4000;XIREC;1264.0;2
373100;Mark 55;Mark 14;VELVETFRUIT_EXTRACT;XIREC;5256.0;6
373800;Mark 01;Mark 22;VEV_5500;XIREC;5.0;4
373800;Mark 01;Mark 22;VEV_6000;XIREC;0.0;4
373800;Mark 01;Mark 22;VEV_6500;XIREC;0.0;4
376300;Mark 01;Mark 22;VEV_5400;XIREC;13.0;5
376300;Mark 01;Mark 22;VEV_5500;XIREC;5.0;5
376300;Mark 01;Mark 22;VEV_6000;XIREC;0.0;5
376300;Mark 01;Mark 22;VEV_6500;XIREC;0.0;5
376700;Mark 14;Mark 55;VELVETFRUIT_EXTRACT;XIREC;5250.0;7
378400;Mark 67;Mark 22;VELVETFRUIT_EXTRACT;XIREC;5249.0;10
382200;Mark 55;Mark 14;VELVETFRUIT_EXTRACT;XIREC;5253.0;5
383100;Mark 55;SUBMISSION;VELVETFRUIT_EXTRACT;XIREC;5253.0;2
383100;Mark 55;Mark 14;VELVETFRUIT_EXTRACT;XIREC;5254.0;4
384800;Mark 22;Mark 38;HYDROGEL_PACK;XIREC;9978.0;4
385100;SUBMISSION;;VELVETFRUIT_EXTRACT;XIREC;5245.0;9
385100;SUBMISSION;Mark 49;VELVETFRUIT_EXTRACT;XIREC;5245.0;9
385500;Mark 14;Mark 38;HYDROGEL_PACK;XIREC;9972.0;5
386900;SUBMISSION;;VELVETFRUIT_EXTRACT;XIREC;5244.0;2
387000;SUBMISSION;;VELVETFRUIT_EXTRACT;XIREC;5243.0;4
387100;SUBMISSION;;VELVETFRUIT_EXTRACT;XIREC;5242.0;6
387200;SUBMISSION;;VELVETFRUIT_EXTRACT;XIREC;5244.0;2
387300;SUBMISSION;;VELVETFRUIT_EXTRACT;XIREC;5243.0;4
387400;SUBMISSION;;VELVETFRUIT_EXTRACT;XIREC;5242.0;6
387500;SUBMISSION;;VELVETFRUIT_EXTRACT;XIREC;5243.0;3
387500;Mark 38;Mark 14;HYDROGEL_PACK;XIREC;9991.0;3
387600;SUBMISSION;;VELVETFRUIT_EXTRACT;XIREC;5243.0;3
387700;SUBMISSION;;VELVETFRUIT_EXTRACT;XIREC;5243.0;3
387800;SUBMISSION;;VELVETFRUIT_EXTRACT;XIREC;5243.0;3
387900;SUBMISSION;;VELVETFRUIT_EXTRACT;XIREC;5243.0;3
388000;SUBMISSION;;VELVETFRUIT_EXTRACT;XIREC;5241.0;8
388100;SUBMISSION;;VELVETFRUIT_EXTRACT;XIREC;5242.0;6
388200;SUBMISSION;;VELVETFRUIT_EXTRACT;XIREC;5242.0;6
388300;SUBMISSION;;VELVETFRUIT_EXTRACT;XIREC;5242.0;7
388400;SUBMISSION;;VELVETFRUIT_EXTRACT;XIREC;5242.0;6
388500;SUBMISSION;;VELVETFRUIT_EXTRACT;XIREC;5242.0;7
388600;SUBMISSION;;VELVETFRUIT_EXTRACT;XIREC;5242.0;7
388700;SUBMISSION;;VELVETFRUIT_EXTRACT;XIREC;5241.0;8
388800;SUBMISSION;;VELVETFRUIT_EXTRACT;XIREC;5238.0;7
388800;SUBMISSION;;VELVETFRUIT_EXTRACT;XIREC;5241.0;5
388900;SUBMISSION;;VELVETFRUIT_EXTRACT;XIREC;5242.0;7
389000;SUBMISSION;;VELVETFRUIT_EXTRACT;XIREC;5242.0;7
389000;Mark 01;Mark 22;VEV_5300;XIREC;38.0;2
389000;Mark 01;Mark 22;VEV_5400;XIREC;11.0;2
389000;Mark 01;Mark 22;VEV_5500;XIREC;4.0;2
389000;Mark 01;Mark 22;VEV_6000;XIREC;0.0;2
389000;Mark 01;Mark 22;VEV_6500;XIREC;0.0;2
389100;SUBMISSION;;VELVETFRUIT_EXTRACT;XIREC;5242.0;6
389200;SUBMISSION;;VELVETFRUIT_EXTRACT;XIREC;5242.0;6
389300;SUBMISSION;;VELVETFRUIT_EXTRACT;XIREC;5241.0;8
389400;SUBMISSION;;VELVETFRUIT_EXTRACT;XIREC;5239.0;14
389500;SUBMISSION;;VELVETFRUIT_EXTRACT;XIREC;5241.0;8
389600;SUBMISSION;;VELVETFRUIT_EXTRACT;XIREC;5241.0;6
389600;SUBMISSION;Mark 55;VELVETFRUIT_EXTRACT;XIREC;5239.0;7
389600;Mark 38;Mark 14;VEV_4000;XIREC;1249.0;3
389700;SUBMISSION;;VELVETFRUIT_EXTRACT;XIREC;5242.0;6
389800;SUBMISSION;;VELVETFRUIT_EXTRACT;XIREC;5242.0;6
389900;SUBMISSION;;VELVETFRUIT_EXTRACT;XIREC;5242.0;6
390000;SUBMISSION;;VELVETFRUIT_EXTRACT;XIREC;5242.0;6
390100;SUBMISSION;;VELVETFRUIT_EXTRACT;XIREC;5242.0;6
390200;SUBMISSION;;VELVETFRUIT_EXTRACT;XIREC;5242.0;6
390200;SUBMISSION;Mark 38;VEV_4000;XIREC;1230.0;1
390300;SUBMISSION;;VELVETFRUIT_EXTRACT;XIREC;5242.0;6
390300;Mark 01;Mark 22;VEV_5300;XIREC;38.0;3
390300;Mark 01;Mark 22;VEV_5400;XIREC;11.0;3
390300;Mark 01;Mark 22;VEV_5500;XIREC;4.0;3
390300;Mark 01;Mark 22;VEV_6000;XIREC;0.0;3
390300;Mark 01;Mark 22;VEV_6500;XIREC;0.0;3
390400;SUBMISSION;;VELVETFRUIT_EXTRACT;XIREC;5242.0;6
390500;SUBMISSION;;VELVETFRUIT_EXTRACT;XIREC;5244.0;2
390600;SUBMISSION;;VELVETFRUIT_EXTRACT;XIREC;5244.0;1
391000;SUBMISSION;;VELVETFRUIT_EXTRACT;XIREC;5244.0;2
391200;SUBMISSION;;VELVETFRUIT_EXTRACT;XIREC;5244.0;1
391600;Mark 14;Mark 38;HYDROGEL_PACK;XIREC;9970.0;2
391700;Mark 38;Mark 14;HYDROGEL_PACK;XIREC;9988.0;2
392400;Mark 38;Mark 14;HYDROGEL_PACK;XIREC;9990.0;5
393700;SUBMISSION;;VELVETFRUIT_EXTRACT;XIREC;5244.0;2
394100;Mark 38;Mark 14;HYDROGEL_PACK;XIREC;9975.0;6
394300;Mark 38;Mark 14;HYDROGEL_PACK;XIREC;9970.0;5
396600;SUBMISSION;;VELVETFRUIT_EXTRACT;XIREC;5245.0;1
396700;SUBMISSION;;VELVETFRUIT_EXTRACT;XIREC;5244.0;3
396800;SUBMISSION;;VELVETFRUIT_EXTRACT;XIREC;5244.0;3
396900;SUBMISSION;;VELVETFRUIT_EXTRACT;XIREC;5243.0;6
397000;SUBMISSION;;VELVETFRUIT_EXTRACT;XIREC;5242.0;9
397100;SUBMISSION;;VELVETFRUIT_EXTRACT;XIREC;5241.0;9
397200;SUBMISSION;;VELVETFRUIT_EXTRACT;XIREC;5239.0;19
397300;SUBMISSION;;VELVETFRUIT_EXTRACT;XIREC;5239.0;8
397300;SUBMISSION;Mark 38;VEV_4000;XIREC;1227.0;2
397300;SUBMISSION;;VEV_5000;XIREC;243.0;6
397400;SUBMISSION;;VELVETFRUIT_EXTRACT;XIREC;5237.0;14
397400;SUBMISSION;;VEV_5000;XIREC;241.0;10
397500;SUBMISSION;;VEV_5000;XIREC;242.0;23
397600;SUBMISSION;;VELVETFRUIT_EXTRACT;XIREC;5234.0;10
397600;SUBMISSION;;VEV_5000;XIREC;239.0;10
397600;SUBMISSION;;VEV_5000;XIREC;240.0;11
397700;SUBMISSION;;VEV_5000;XIREC;240.0;8
397700;SUBMISSION;;VEV_5100;XIREC;150.0;20
397800;SUBMISSION;;VEV_5000;XIREC;240.0;12
397800;SUBMISSION;;VEV_5000;XIREC;241.0;10
397900;SUBMISSION;;VEV_5000;XIREC;242.0;11
397900;SUBMISSION;;VEV_5100;XIREC;151.0;11
398000;SUBMISSION;;VEV_5000;XIREC;242.0;22
398100;SUBMISSION;;VEV_5000;XIREC;242.0;22
398200;SUBMISSION;;VEV_4000;XIREC;1233.0;2
398200;SUBMISSION;;VEV_4500;XIREC;733.0;2
398200;SUBMISSION;;VEV_5000;XIREC;238.0;2
398200;SUBMISSION;;VEV_5000;XIREC;241.0;9
398200;SUBMISSION;;VEV_5000;XIREC;242.0;8
398200;Mark 01;Mark 22;VEV_5400;XIREC;10.0;2
398200;Mark 01;Mark 22;VEV_5500;XIREC;4.0;2
398200;Mark 01;Mark 22;VEV_6000;XIREC;0.0;2
398200;Mark 01;Mark 22;VEV_6500;XIREC;0.0;2
398300;SUBMISSION;;VEV_5000;XIREC;241.0;11
398300;SUBMISSION;;VEV_5000;XIREC;242.0;10
398500;SUBMISSION;;VEV_5000;XIREC;242.0;21
398600;SUBMISSION;;VEV_5000;XIREC;241.0;24
398700;SUBMISSION;;VEV_5000;XIREC;239.0;6
398700;SUBMISSION;;VEV_5000;XIREC;240.0;21
398700;SUBMISSION;;VEV_5100;XIREC;149.0;2
398800;SUBMISSION;;VEV_5000;XIREC;238.0;12
398800;SUBMISSION;;VEV_5100;XIREC;148.0;12
398900;SUBMISSION;;VEV_5000;XIREC;240.0;26
399000;SUBMISSION;;VEV_5000;XIREC;241.0;23
399100;SUBMISSION;;VEV_5000;XIREC;240.0;7
399100;SUBMISSION;;VEV_5100;XIREC;150.0;7
399200;SUBMISSION;;VEV_5000;XIREC;242.0;20
399300;SUBMISSION;;VEV_5000;XIREC;242.0;6
399300;SUBMISSION;;VEV_5100;XIREC;151.0;6
399300;SUBMISSION;;VEV_5100;XIREC;152.0;8
399400;SUBMISSION;;VEV_5000;XIREC;242.0;12
399400;SUBMISSION;;VEV_5000;XIREC;243.0;6
399500;SUBMISSION;;VEV_5000;XIREC;244.0;14
399600;SUBMISSION;;VEV_5000;XIREC;244.0;8
399600;SUBMISSION;;VEV_5000;XIREC;245.0;4
399700;SUBMISSION;;VEV_5000;XIREC;245.0;12
399800;SUBMISSION;;VEV_5000;XIREC;244.0;11
399800;SUBMISSION;;VEV_5100;XIREC;153.0;3
399900;SUBMISSION;;VEV_5000;XIREC;245.0;12
400000;SUBMISSION;;VEV_5000;XIREC;245.0;6
400000;SUBMISSION;;VEV_5000;XIREC;245.0;4
400100;SUBMISSION;;VEV_5100;XIREC;153.0;12
400200;SUBMISSION;;VEV_5000;XIREC;242.0;2
400200;SUBMISSION;;VEV_5000;XIREC;242.0;2
400200;SUBMISSION;;VEV_5100;XIREC;152.0;14
400300;SUBMISSION;;VEV_5100;XIREC;151.0;10
400300;SUBMISSION;;VEV_5100;XIREC;152.0;9
400400;SUBMISSION;;VEV_5000;XIREC;241.0;1
400400;SUBMISSION;;VEV_5000;XIREC;241.0;1
400400;SUBMISSION;;VEV_5100;XIREC;151.0;20
400500;SUBMISSION;;VEV_5100;XIREC;150.0;22
400600;SUBMISSION;;VEV_5100;XIREC;151.0;19
400700;SUBMISSION;;VEV_5100;XIREC;150.0;10
400700;SUBMISSION;;VEV_5100;XIREC;151.0;11
400800;SUBMISSION;;VEV_5100;XIREC;151.0;21
400900;SUBMISSION;;VEV_5100;XIREC;150.0;24
401000;SUBMISSION;Mark 55;VELVETFRUIT_EXTRACT;XIREC;5231.0;8
401000;SUBMISSION;;VEV_5100;XIREC;149.0;8
401000;SUBMISSION;;VEV_5100;XIREC;150.0;16
401100;SUBMISSION;;VEV_5000;XIREC;238.0;3
401100;SUBMISSION;;VEV_5100;XIREC;148.0;11
401200;SUBMISSION;;VEV_5100;XIREC;148.0;28
401200;Mark 14;Mark 38;HYDROGEL_PACK;XIREC;9966.0;5
401300;SUBMISSION;;VEV_5000;XIREC;238.0;1
401300;SUBMISSION;;VEV_5100;XIREC;148.0;26
401500;Mark 55;Mark 01;VELVETFRUIT_EXTRACT;XIREC;5233.0;7
401600;SUBMISSION;;VEV_5000;XIREC;236.0;2
401600;SUBMISSION;;VEV_5100;XIREC;146.0;1
406100;SUBMISSION;Mark 55;VELVETFRUIT_EXTRACT;XIREC;5232.0;4
406300;SUBMISSION;Mark 38;VEV_4000;XIREC;1221.0;2
407000;SUBMISSION;Mark 55;VELVETFRUIT_EXTRACT;XIREC;5226.0;4
408000;Mark 38;Mark 14;HYDROGEL_PACK;XIREC;9991.0;3
409400;Mark 38;Mark 14;HYDROGEL_PACK;XIREC;9988.0;3
410100;Mark 38;Mark 14;HYDROGEL_PACK;XIREC;9988.0;6
410200;SUBMISSION;;VEV_4000;XIREC;1228.0;5
410200;SUBMISSION;;VEV_4500;XIREC;728.0;5
410200;Mark 01;Mark 22;VEV_5400;XIREC;9.0;5
410200;Mark 01;Mark 22;VEV_5500;XIREC;3.0;5
410200;Mark 01;Mark 22;VEV_6000;XIREC;0.0;5
410200;Mark 01;Mark 22;VEV_6500;XIREC;0.0;5
413100;Mark 38;Mark 14;HYDROGEL_PACK;XIREC;9977.0;2
413500;Mark 38;Mark 14;HYDROGEL_PACK;XIREC;9974.0;5
414900;SUBMISSION;;VEV_4000;XIREC;1226.0;3
414900;SUBMISSION;;VEV_4500;XIREC;726.0;3
414900;Mark 14;Mark 22;VEV_5200;XIREC;76.0;3
414900;Mark 01;Mark 22;VEV_5300;XIREC;34.0;3
414900;Mark 01;Mark 22;VEV_5400;XIREC;9.0;3
414900;Mark 01;Mark 22;VEV_5500;XIREC;3.0;3
414900;Mark 01;Mark 22;VEV_6000;XIREC;0.0;3
414900;Mark 01;Mark 22;VEV_6500;XIREC;0.0;3
415400;Mark 38;Mark 14;HYDROGEL_PACK;XIREC;9976.0;6
415500;SUBMISSION;;VEV_4000;XIREC;1228.0;4
415500;SUBMISSION;;VEV_4500;XIREC;728.0;4
415500;Mark 01;Mark 22;VEV_5400;XIREC;9.0;4
415500;Mark 01;Mark 22;VEV_5500;XIREC;3.0;4
415500;Mark 01;Mark 22;VEV_6000;XIREC;0.0;4
415500;Mark 01;Mark 22;VEV_6500;XIREC;0.0;4
416600;Mark 38;Mark 14;HYDROGEL_PACK;XIREC;9981.0;4
419300;SUBMISSION;Mark 38;VEV_4000;XIREC;1222.0;1
420200;Mark 38;Mark 14;HYDROGEL_PACK;XIREC;9975.0;4
421100;Mark 14;Mark 38;HYDROGEL_PACK;XIREC;9961.0;5
421400;Mark 55;Mark 14;VELVETFRUIT_EXTRACT;XIREC;5233.0;6
422200;Mark 14;Mark 38;HYDROGEL_PACK;XIREC;9963.0;2
423800;SUBMISSION;;VEV_4000;XIREC;1232.0;5
423800;SUBMISSION;;VEV_4500;XIREC;732.0;5
423800;Mark 38;Mark 14;HYDROGEL_PACK;XIREC;9969.0;3
423800;Mark 14;Mark 22;VEV_5200;XIREC;79.0;5
423800;Mark 01;Mark 22;VEV_5300;XIREC;36.0;5
423800;Mark 01;Mark 22;VEV_5400;XIREC;10.0;5
423800;Mark 14;Mark 22;VEV_5500;XIREC;4.0;5
423800;Mark 01;Mark 22;VEV_6000;XIREC;0.0;5
423800;Mark 01;Mark 22;VEV_6500;XIREC;0.0;5
424400;Mark 38;Mark 14;VEV_4000;XIREC;1244.0;2
424600;Mark 67;Mark 22;VELVETFRUIT_EXTRACT;XIREC;5232.0;6
425300;Mark 55;Mark 14;VELVETFRUIT_EXTRACT;XIREC;5238.0;3
427400;Mark 55;Mark 14;VELVETFRUIT_EXTRACT;XIREC;5241.0;5
428400;Mark 38;Mark 14;VEV_4000;XIREC;1248.0;1
429500;Mark 38;Mark 14;HYDROGEL_PACK;XIREC;9968.0;3
430200;Mark 38;Mark 14;HYDROGEL_PACK;XIREC;9974.0;4
430700;Mark 38;Mark 14;HYDROGEL_PACK;XIREC;9976.0;4
432100;SUBMISSION;Mark 55;VELVETFRUIT_EXTRACT;XIREC;5234.0;8
433000;SUBMISSION;Mark 55;VELVETFRUIT_EXTRACT;XIREC;5239.0;4
433100;;SUBMISSION;VEV_5100;XIREC;151.0;7
433100;Mark 14;Mark 22;VEV_5200;XIREC;83.0;2
433100;Mark 01;Mark 22;VEV_5300;XIREC;38.0;2
433100;Mark 01;Mark 22;VEV_5400;XIREC;11.0;2
433100;Mark 01;Mark 22;VEV_5500;XIREC;4.0;2
433100;Mark 01;Mark 22;VEV_6000;XIREC;0.0;2
433100;Mark 01;Mark 22;VEV_6500;XIREC;0.0;2
433900;Mark 38;Mark 14;HYDROGEL_PACK;XIREC;9970.0;4
434000;SUBMISSION;;VEV_5100;XIREC;153.0;2
434900;SUBMISSION;;VELVETFRUIT_EXTRACT;XIREC;5237.0;7
436100;Mark 55;Mark 01;VELVETFRUIT_EXTRACT;XIREC;5242.0;5
436200;Mark 14;Mark 38;HYDROGEL_PACK;XIREC;9968.0;2
438300;SUBMISSION;Mark 38;VEV_4000;XIREC;1231.0;3
438500;Mark 55;Mark 14;VELVETFRUIT_EXTRACT;XIREC;5241.0;6
438900;Mark 38;Mark 14;VEV_4000;XIREC;1249.0;3
441300;SUBMISSION;Mark 55;VELVETFRUIT_EXTRACT;XIREC;5236.0;5
443400;Mark 38;Mark 14;HYDROGEL_PACK;XIREC;9969.0;4
443600;SUBMISSION;;VEV_4000;XIREC;1237.0;3
443600;;SUBMISSION;VEV_5100;XIREC;150.0;12
443600;Mark 14;Mark 22;VEV_5200;XIREC;82.0;4
443600;Mark 01;Mark 22;VEV_5400;XIREC;11.0;4
443600;Mark 01;Mark 22;VEV_5500;XIREC;4.0;4
443600;Mark 01;Mark 22;VEV_6000;XIREC;0.0;4
443600;Mark 01;Mark 22;VEV_6500;XIREC;0.0;4
443700;SUBMISSION;;VEV_5100;XIREC;154.0;1
443800;SUBMISSION;;VEV_5100;XIREC;154.0;3
444200;Mark 55;Mark 01;VELVETFRUIT_EXTRACT;XIREC;5244.0;6
445300;Mark 38;Mark 14;HYDROGEL_PACK;XIREC;9974.0;2
448600;Mark 55;SUBMISSION;VELVETFRUIT_EXTRACT;XIREC;5251.0;7
448900;Mark 67;Mark 49;VELVETFRUIT_EXTRACT;XIREC;5247.0;9
449000;Mark 14;Mark 38;HYDROGEL_PACK;XIREC;9979.0;6
449500;SUBMISSION;Mark 38;VEV_4000;XIREC;1239.0;2
450900;Mark 38;Mark 14;HYDROGEL_PACK;XIREC;9988.0;6
451300;SUBMISSION;;VEV_5100;XIREC;156.0;3
451400;SUBMISSION;;VEV_5100;XIREC;155.0;1
451400;SUBMISSION;;VEV_5100;XIREC;155.0;1
452000;Mark 14;Mark 38;HYDROGEL_PACK;XIREC;9965.0;3
452800;Mark 38;Mark 14;HYDROGEL_PACK;XIREC;9974.0;4
452900;SUBMISSION;;VEV_5100;XIREC;154.0;1
453000;Mark 55;Mark 14;VELVETFRUIT_EXTRACT;XIREC;5240.0;3
453800;SUBMISSION;Mark 55;VELVETFRUIT_EXTRACT;XIREC;5238.0;5
453800;Mark 14;Mark 55;VELVETFRUIT_EXTRACT;XIREC;5237.0;2
454700;Mark 38;Mark 14;VEV_4000;XIREC;1247.0;1
456200;SUBMISSION;;VEV_4000;XIREC;1237.0;2
456200;SUBMISSION;;VEV_4500;XIREC;737.0;2
456200;;SUBMISSION;VEV_5100;XIREC;150.0;10
456200;Mark 14;Mark 22;VEV_5200;XIREC;82.0;2
456200;Mark 01;Mark 22;VEV_5400;XIREC;11.0;2
456200;Mark 01;Mark 22;VEV_5500;XIREC;4.0;2
456200;Mark 01;Mark 22;VEV_6000;XIREC;0.0;2
456200;Mark 01;Mark 22;VEV_6500;XIREC;0.0;2
456300;SUBMISSION;;VEV_5100;XIREC;155.0;4
456400;SUBMISSION;;VEV_5100;XIREC;154.0;2
456400;SUBMISSION;;VEV_5100;XIREC;154.0;2
457600;Mark 55;Mark 14;VELVETFRUIT_EXTRACT;XIREC;5242.0;3
460100;SUBMISSION;Mark 55;VELVETFRUIT_EXTRACT;XIREC;5236.0;4
460500;SUBMISSION;;VEV_5100;XIREC;152.0;1
461200;SUBMISSION;;VEV_4000;XIREC;1235.0;3
461200;SUBMISSION;;VEV_4500;XIREC;735.0;3
461200;Mark 14;Mark 22;VEV_5300;XIREC;37.0;3
461200;Mark 01;Mark 22;VEV_5400;XIREC;10.0;3
461200;Mark 01;Mark 22;VEV_5500;XIREC;3.0;3
461200;Mark 01;Mark 22;VEV_6000;XIREC;0.0;3
461200;Mark 01;Mark 22;VEV_6500;XIREC;0.0;3
463600;SUBMISSION;;VELVETFRUIT_EXTRACT;XIREC;5238.0;4
463600;Mark 67;Mark 49;VELVETFRUIT_EXTRACT;XIREC;5238.0;11
463800;SUBMISSION;;VEV_5100;XIREC;154.0;2
463800;SUBMISSION;;VEV_5100;XIREC;154.0;2
464700;Mark 67;Mark 22;VELVETFRUIT_EXTRACT;XIREC;5238.0;5
466000;Mark 01;Mark 55;VELVETFRUIT_EXTRACT;XIREC;5234.0;3
466400;Mark 67;Mark 49;VELVETFRUIT_EXTRACT;XIREC;5233.0;14
466600;SUBMISSION;;VEV_5100;XIREC;150.0;4
466600;SUBMISSION;;VEV_5100;XIREC;150.0;2
466600;SUBMISSION;;VEV_5100;XIREC;151.0;2
467700;SUBMISSION;;VEV_5000;XIREC;239.0;1
467700;SUBMISSION;;VEV_5000;XIREC;239.0;1
468600;Mark 55;Mark 01;VELVETFRUIT_EXTRACT;XIREC;5239.0;4
472900;Mark 55;Mark 14;VELVETFRUIT_EXTRACT;XIREC;5238.0;6
473000;Mark 55;Mark 01;VELVETFRUIT_EXTRACT;XIREC;5238.0;4
473800;Mark 55;Mark 14;VELVETFRUIT_EXTRACT;XIREC;5239.0;3
474000;Mark 55;Mark 01;VELVETFRUIT_EXTRACT;XIREC;5238.0;5
477300;SUBMISSION;Mark 55;VELVETFRUIT_EXTRACT;XIREC;5245.0;2
477300;Mark 01;Mark 55;VELVETFRUIT_EXTRACT;XIREC;5244.0;6
478900;Mark 38;Mark 14;HYDROGEL_PACK;XIREC;9997.0;3
480500;Mark 14;Mark 55;VELVETFRUIT_EXTRACT;XIREC;5240.0;3
480900;Mark 14;Mark 38;HYDROGEL_PACK;XIREC;9994.0;2
481400;Mark 14;Mark 38;HYDROGEL_PACK;XIREC;9996.0;2
481600;;SUBMISSION;HYDROGEL_PACK;XIREC;10001.0;11
482100;;SUBMISSION;VELVETFRUIT_EXTRACT;XIREC;5248.0;54
482400;Mark 38;Mark 14;HYDROGEL_PACK;XIREC;10013.0;3
483400;;SUBMISSION;VEV_5100;XIREC;157.0;8
483400;Mark 55;Mark 01;VELVETFRUIT_EXTRACT;XIREC;5249.0;3
483400;Mark 14;Mark 22;VEV_5300;XIREC;40.0;5
483400;Mark 01;Mark 22;VEV_5400;XIREC;12.0;5
483400;Mark 01;Mark 22;VEV_5500;XIREC;4.0;5
483400;Mark 01;Mark 22;VEV_6000;XIREC;0.0;5
483400;Mark 01;Mark 22;VEV_6500;XIREC;0.0;5
486000;SUBMISSION;Mark 55;VELVETFRUIT_EXTRACT;XIREC;5238.0;5
486200;Mark 55;Mark 01;VELVETFRUIT_EXTRACT;XIREC;5242.0;8
486700;SUBMISSION;Mark 55;VELVETFRUIT_EXTRACT;XIREC;5237.0;8
488200;SUBMISSION;Mark 38;HYDROGEL_PACK;XIREC;9995.0;2
488600;Mark 38;Mark 14;VEV_4000;XIREC;1247.0;2
488700;SUBMISSION;Mark 38;HYDROGEL_PACK;XIREC;9986.0;3
488700;Mark 14;Mark 38;HYDROGEL_PACK;XIREC;9985.0;2
490600;Mark 38;Mark 14;VEV_4000;XIREC;1251.0;2
492000;SUBMISSION;Mark 55;VELVETFRUIT_EXTRACT;XIREC;5242.0;5
492500;;SUBMISSION;HYDROGEL_PACK;XIREC;10001.0;14
492600;SUBMISSION;;VEV_5100;XIREC;156.0;1
492600;SUBMISSION;;VEV_5100;XIREC;156.0;1
493000;SUBMISSION;;VELVETFRUIT_EXTRACT;XIREC;5240.0;11
493000;Mark 67;Mark 49;VELVETFRUIT_EXTRACT;XIREC;5240.0;12
493400;SUBMISSION;;VEV_5100;XIREC;157.0;2
493500;Mark 01;Mark 55;VELVETFRUIT_EXTRACT;XIREC;5239.0;6
493800;Mark 38;Mark 14;HYDROGEL_PACK;XIREC;10020.0;6
494300;Mark 55;Mark 01;VELVETFRUIT_EXTRACT;XIREC;5244.0;6
495100;Mark 55;Mark 01;VELVETFRUIT_EXTRACT;XIREC;5247.0;8
495700;SUBMISSION;Mark 38;HYDROGEL_PACK;XIREC;9986.0;3
495700;;SUBMISSION;VEV_5100;XIREC;154.0;7
495700;Mark 01;Mark 22;VEV_5400;XIREC;11.0;5
495700;Mark 01;Mark 22;VEV_5500;XIREC;4.0;5
495700;Mark 01;Mark 22;VEV_6000;XIREC;0.0;5
495700;Mark 01;Mark 22;VEV_6500;XIREC;0.0;5
498100;SUBMISSION;Mark 55;VELVETFRUIT_EXTRACT;XIREC;5243.0;7
498100;Mark 01;Mark 55;VELVETFRUIT_EXTRACT;XIREC;5242.0;1
498500;SUBMISSION;Mark 38;HYDROGEL_PACK;XIREC;9978.0;4
499900;Mark 38;Mark 14;VEV_4000;XIREC;1256.0;3
500000;Mark 55;Mark 14;VELVETFRUIT_EXTRACT;XIREC;5248.0;3
500600;SUBMISSION;Mark 38;HYDROGEL_PACK;XIREC;9977.0;4
500600;Mark 14;Mark 38;HYDROGEL_PACK;XIREC;9976.0;1
501300;Mark 55;Mark 01;VELVETFRUIT_EXTRACT;XIREC;5247.0;7
501600;SUBMISSION;Mark 38;HYDROGEL_PACK;XIREC;9977.0;3
501600;Mark 14;Mark 38;HYDROGEL_PACK;XIREC;9976.0;1
501900;SUBMISSION;;VEV_4000;XIREC;1241.0;3
501900;Mark 01;Mark 22;VEV_5300;XIREC;38.0;3
501900;Mark 01;Mark 22;VEV_5400;XIREC;11.0;3
501900;Mark 01;Mark 22;VEV_5500;XIREC;4.0;3
501900;Mark 01;Mark 22;VEV_6000;XIREC;0.0;3
501900;Mark 01;Mark 22;VEV_6500;XIREC;0.0;3
503500;SUBMISSION;;VEV_5100;XIREC;153.0;1
503500;SUBMISSION;;VEV_5100;XIREC;153.0;1
503600;SUBMISSION;Mark 38;HYDROGEL_PACK;XIREC;9976.0;2
504400;SUBMISSION;;VEV_5100;XIREC;152.0;1
504500;SUBMISSION;;VEV_5100;XIREC;151.0;1
505100;SUBMISSION;Mark 55;VELVETFRUIT_EXTRACT;XIREC;5233.0;7
505100;SUBMISSION;;VEV_5100;XIREC;151.0;2
507400;SUBMISSION;;VELVETFRUIT_EXTRACT;XIREC;5235.0;6
508800;SUBMISSION;;VEV_4000;XIREC;1235.0;5
508800;SUBMISSION;;VEV_4500;XIREC;735.0;5
508800;;SUBMISSION;VEV_5100;XIREC;148.0;8
508800;Mark 01;Mark 22;VEV_5400;XIREC;10.0;5
508800;Mark 01;Mark 22;VEV_5500;XIREC;3.0;5
508800;Mark 01;Mark 22;VEV_6000;XIREC;0.0;5
508800;Mark 01;Mark 22;VEV_6500;XIREC;0.0;5
508900;SUBMISSION;;VEV_5100;XIREC;151.0;4
508900;SUBMISSION;;VEV_5100;XIREC;151.0;3
508900;SUBMISSION;;VEV_5100;XIREC;152.0;1
511000;SUBMISSION;Mark 38;HYDROGEL_PACK;XIREC;9990.0;1
511000;Mark 14;Mark 38;HYDROGEL_PACK;XIREC;9989.0;5
512800;Mark 14;Mark 38;HYDROGEL_PACK;XIREC;9982.0;4
513600;Mark 55;Mark 14;VELVETFRUIT_EXTRACT;XIREC;5244.0;5
516500;Mark 14;Mark 38;HYDROGEL_PACK;XIREC;9977.0;5
519600;;SUBMISSION;VEV_5100;XIREC;158.0;6
519600;Mark 14;Mark 22;VEV_5200;XIREC;87.0;5
519600;Mark 01;Mark 22;VEV_5300;XIREC;40.0;5
519600;Mark 01;Mark 22;VEV_5400;XIREC;12.0;5
519600;Mark 01;Mark 22;VEV_5500;XIREC;4.0;5
519600;Mark 01;Mark 22;VEV_6000;XIREC;0.0;5
519600;Mark 01;Mark 22;VEV_6500;XIREC;0.0;5
519800;SUBMISSION;Mark 55;VELVETFRUIT_EXTRACT;XIREC;5244.0;3
519800;Mark 38;Mark 14;HYDROGEL_PACK;XIREC;9982.0;6
519800;Mark 01;Mark 55;VELVETFRUIT_EXTRACT;XIREC;5243.0;2
521000;Mark 38;SUBMISSION;VEV_4000;XIREC;1256.0;1
521700;Mark 67;Mark 22;VELVETFRUIT_EXTRACT;XIREC;5244.0;8
524600;SUBMISSION;Mark 38;HYDROGEL_PACK;XIREC;9970.0;1
524600;Mark 14;Mark 38;HYDROGEL_PACK;XIREC;9969.0;4
526300;Mark 14;Mark 38;HYDROGEL_PACK;XIREC;9966.0;3
527200;Mark 14;Mark 55;VELVETFRUIT_EXTRACT;XIREC;5244.0;7
527300;Mark 55;Mark 14;VELVETFRUIT_EXTRACT;XIREC;5248.0;5
529800;Mark 55;Mark 14;VELVETFRUIT_EXTRACT;XIREC;5249.0;3
530600;Mark 67;Mark 22;VELVETFRUIT_EXTRACT;XIREC;5246.0;5
530900;Mark 14;Mark 38;HYDROGEL_PACK;XIREC;9988.0;3
533300;Mark 55;Mark 22;VELVETFRUIT_EXTRACT;XIREC;5243.0;3
534400;SUBMISSION;;VEV_5100;XIREC;155.0;1
534700;Mark 14;Mark 38;HYDROGEL_PACK;XIREC;9958.0;3
534900;Mark 38;Mark 14;HYDROGEL_PACK;XIREC;9976.0;3
535100;SUBMISSION;Mark 38;HYDROGEL_PACK;XIREC;9962.0;1
535100;Mark 14;Mark 38;HYDROGEL_PACK;XIREC;9961.0;1
536500;Mark 38;SUBMISSION;VEV_4000;XIREC;1251.0;2
538700;Mark 55;Mark 14;VELVETFRUIT_EXTRACT;XIREC;5247.0;5
540500;Mark 38;Mark 14;HYDROGEL_PACK;XIREC;9982.0;2
540600;Mark 38;Mark 14;HYDROGEL_PACK;XIREC;9980.0;2
541400;Mark 55;Mark 14;VELVETFRUIT_EXTRACT;XIREC;5243.0;8
542300;SUBMISSION;;VEV_5100;XIREC;154.0;2
542300;SUBMISSION;;VEV_5100;XIREC;154.0;2
543800;Mark 38;Mark 14;HYDROGEL_PACK;XIREC;9975.0;6
543900;Mark 14;Mark 38;VEV_4000;XIREC;1231.0;1
544400;Mark 38;Mark 14;HYDROGEL_PACK;XIREC;9976.0;6
544700;Mark 55;Mark 01;VELVETFRUIT_EXTRACT;XIREC;5243.0;8
545400;Mark 55;Mark 14;VELVETFRUIT_EXTRACT;XIREC;5240.0;7
545900;SUBMISSION;;VEV_5100;XIREC;152.0;1
545900;Mark 55;Mark 14;VELVETFRUIT_EXTRACT;XIREC;5238.0;5
547000;SUBMISSION;Mark 38;HYDROGEL_PACK;XIREC;9970.0;1
547000;Mark 14;Mark 38;HYDROGEL_PACK;XIREC;9969.0;5
547100;SUBMISSION;;VELVETFRUIT_EXTRACT;XIREC;5237.0;3
547100;Mark 67;Mark 49;VELVETFRUIT_EXTRACT;XIREC;5237.0;13
547200;SUBMISSION;;VEV_5100;XIREC;154.0;1
547600;SUBMISSION;;VEV_5100;XIREC;154.0;1
548000;Mark 01;Mark 55;VELVETFRUIT_EXTRACT;XIREC;5235.0;5
548500;Mark 14;Mark 38;HYDROGEL_PACK;XIREC;9963.0;6
548600;SUBMISSION;;VEV_4000;XIREC;1237.0;2
548600;SUBMISSION;;VEV_4500;XIREC;737.0;2
548600;;SUBMISSION;VEV_5100;XIREC;150.0;10
548600;Mark 01;Mark 22;VEV_5300;XIREC;36.0;2
548600;Mark 01;Mark 22;VEV_6000;XIREC;0.0;2
548600;Mark 01;Mark 22;VEV_6500;XIREC;0.0;2
548700;SUBMISSION;;VEV_5100;XIREC;154.0;5
548900;SUBMISSION;;VEV_5100;XIREC;153.0;2
548900;Mark 55;Mark 01;VELVETFRUIT_EXTRACT;XIREC;5240.0;7
550100;SUBMISSION;;VEV_5100;XIREC;150.0;2
550200;SUBMISSION;;VEV_5100;XIREC;149.0;1
551500;SUBMISSION;Mark 55;VELVETFRUIT_EXTRACT;XIREC;5239.0;2
551500;Mark 01;Mark 55;VELVETFRUIT_EXTRACT;XIREC;5238.0;4
553400;Mark 38;Mark 14;HYDROGEL_PACK;XIREC;9968.0;2
554600;SUBMISSION;;VEV_4000;XIREC;1242.0;5
554600;SUBMISSION;;VEV_4500;XIREC;742.0;5
554600;Mark 14;Mark 55;VELVETFRUIT_EXTRACT;XIREC;5240.0;7
554600;Mark 14;Mark 22;VEV_5300;XIREC;38.0;5
554600;Mark 01;Mark 22;VEV_5400;XIREC;11.0;5
554600;Mark 01;Mark 22;VEV_5500;XIREC;4.0;5
554600;Mark 01;Mark 22;VEV_6000;XIREC;0.0;5
554600;Mark 01;Mark 22;VEV_6500;XIREC;0.0;5
555000;Mark 55;Mark 01;VELVETFRUIT_EXTRACT;XIREC;5246.0;3
555700;SUBMISSION;Mark 55;VELVETFRUIT_EXTRACT;XIREC;5240.0;2
555700;SUBMISSION;;VEV_4000;XIREC;1241.0;3
555700;SUBMISSION;;VEV_4500;XIREC;741.0;3
555700;;SUBMISSION;VEV_5100;XIREC;153.0;12
555700;Mark 14;Mark 55;VELVETFRUIT_EXTRACT;XIREC;5239.0;5
555700;Mark 01;Mark 22;VEV_5400;XIREC;11.0;3
555700;Mark 01;Mark 22;VEV_5500;XIREC;4.0;3
555700;Mark 01;Mark 22;VEV_6000;XIREC;0.0;3
555700;Mark 01;Mark 22;VEV_6500;XIREC;0.0;3
555800;SUBMISSION;;VEV_5100;XIREC;157.0;10
555900;SUBMISSION;;VEV_5100;XIREC;156.0;1
556000;Mark 38;Mark 14;HYDROGEL_PACK;XIREC;9976.0;5
556100;Mark 38;Mark 14;HYDROGEL_PACK;XIREC;9976.0;5
556700;Mark 14;Mark 55;VELVETFRUIT_EXTRACT;XIREC;5238.0;8
558800;Mark 55;Mark 14;VELVETFRUIT_EXTRACT;XIREC;5241.0;8
558900;Mark 55;Mark 14;VELVETFRUIT_EXTRACT;XIREC;5241.0;7
561000;Mark 38;Mark 14;HYDROGEL_PACK;XIREC;9996.0;4
561100;SUBMISSION;Mark 55;VELVETFRUIT_EXTRACT;XIREC;5235.0;1
561100;Mark 14;Mark 55;VELVETFRUIT_EXTRACT;XIREC;5234.0;5
561300;Mark 14;Mark 55;VELVETFRUIT_EXTRACT;XIREC;5234.0;3
563200;Mark 14;Mark 38;VEV_4000;XIREC;1229.0;3
563700;Mark 38;SUBMISSION;VEV_4000;XIREC;1245.0;1
564900;Mark 14;Mark 55;VELVETFRUIT_EXTRACT;XIREC;5233.0;6
566100;Mark 14;Mark 55;VELVETFRUIT_EXTRACT;XIREC;5233.0;3
566300;Mark 55;Mark 01;VELVETFRUIT_EXTRACT;XIREC;5235.0;5
566700;SUBMISSION;;VEV_4000;XIREC;1231.0;2
566700;SUBMISSION;;VEV_4500;XIREC;731.0;2
566700;;SUBMISSION;VEV_5100;XIREC;144.0;31
566700;Mark 01;Mark 22;VEV_5400;XIREC;9.0;2
566700;Mark 01;Mark 22;VEV_5500;XIREC;3.0;2
566700;Mark 01;Mark 22;VEV_6000;XIREC;0.0;2
566700;Mark 01;Mark 22;VEV_6500;XIREC;0.0;2
566800;SUBMISSION;;VEV_5100;XIREC;148.0;12
566800;SUBMISSION;;VEV_5100;XIREC;149.0;15
566900;SUBMISSION;;VEV_5100;XIREC;148.0;2
566900;SUBMISSION;;VEV_5100;XIREC;148.0;2
567800;SUBMISSION;;VEV_5100;XIREC;146.0;1
568500;Mark 14;Mark 38;HYDROGEL_PACK;XIREC;9971.0;2
568900;SUBMISSION;;VELVETFRUIT_EXTRACT;XIREC;5228.0;1
569800;Mark 01;Mark 55;VELVETFRUIT_EXTRACT;XIREC;5225.0;5
571300;Mark 14;Mark 38;VEV_4000;XIREC;1219.0;3
573500;Mark 01;Mark 55;VELVETFRUIT_EXTRACT;XIREC;5232.0;5
573500;Mark 14;Mark 38;VEV_4000;XIREC;1224.0;2
573700;Mark 55;Mark 01;VELVETFRUIT_EXTRACT;XIREC;5237.0;3
573800;Mark 38;Mark 14;HYDROGEL_PACK;XIREC;9989.0;3
574200;Mark 38;Mark 14;HYDROGEL_PACK;XIREC;9988.0;6
575100;SUBMISSION;;VEV_4000;XIREC;1231.0;4
575100;SUBMISSION;;VEV_4500;XIREC;731.0;4
575100;Mark 01;Mark 22;VEV_5400;XIREC;9.0;4
575100;Mark 01;Mark 22;VEV_5500;XIREC;3.0;4
575100;Mark 01;Mark 22;VEV_6000;XIREC;0.0;4
575100;Mark 01;Mark 22;VEV_6500;XIREC;0.0;4
576500;Mark 14;Mark 55;VELVETFRUIT_EXTRACT;XIREC;5225.0;7
576700;Mark 38;Mark 14;HYDROGEL_PACK;XIREC;10000.0;5
577700;Mark 14;Mark 55;VELVETFRUIT_EXTRACT;XIREC;5223.0;8
577800;SUBMISSION;;VEV_5000;XIREC;232.0;1
578300;Mark 38;Mark 14;HYDROGEL_PACK;XIREC;9992.0;6
578300;Mark 14;Mark 55;VELVETFRUIT_EXTRACT;XIREC;5223.0;8
578800;SUBMISSION;;VEV_5000;XIREC;228.0;3
579000;SUBMISSION;;VEV_5000;XIREC;226.0;1
579100;SUBMISSION;;VEV_5000;XIREC;225.0;1
579100;SUBMISSION;;VEV_5000;XIREC;225.0;1
579100;SUBMISSION;;VEV_5100;XIREC;136.0;4
581600;Mark 38;Mark 14;HYDROGEL_PACK;XIREC;10000.0;2
582600;Mark 14;Mark 38;HYDROGEL_PACK;XIREC;9980.0;4
584500;;SUBMISSION;HYDROGEL_PACK;XIREC;10001.0;13
585200;Mark 14;Mark 38;HYDROGEL_PACK;XIREC;10005.0;6
587100;SUBMISSION;;VEV_4000;XIREC;1212.0;4
587100;SUBMISSION;;VEV_4500;XIREC;712.0;4
587100;;SUBMISSION;VEV_5100;XIREC;129.0;29
587100;Mark 14;Mark 22;VEV_5300;XIREC;28.0;4
587100;Mark 01;Mark 22;VEV_5400;XIREC;7.0;4
587100;Mark 01;Mark 22;VEV_5500;XIREC;2.0;4
587100;Mark 01;Mark 22;VEV_6000;XIREC;0.0;4
587100;Mark 01;Mark 22;VEV_6500;XIREC;0.0;4
587200;Mark 55;Mark 14;VELVETFRUIT_EXTRACT;XIREC;5214.0;6
587500;Mark 14;Mark 38;VEV_4000;XIREC;1202.0;1
587700;Mark 38;Mark 14;HYDROGEL_PACK;XIREC;10013.0;4
588400;Mark 38;SUBMISSION;HYDROGEL_PACK;XIREC;10014.0;6
588400;Mark 55;Mark 14;VELVETFRUIT_EXTRACT;XIREC;5217.0;5
588500;SUBMISSION;;VEV_4000;XIREC;1214.0;4
588500;SUBMISSION;;VEV_4500;XIREC;714.0;4
588500;SUBMISSION;;VEV_5100;XIREC;132.0;4
588500;;SUBMISSION;VEV_5100;XIREC;131.0;23
588500;Mark 01;Mark 22;VEV_5300;XIREC;28.0;4
588500;Mark 01;Mark 22;VEV_5400;XIREC;7.0;4
588500;Mark 01;Mark 22;VEV_5500;XIREC;2.0;4
588500;Mark 01;Mark 22;VEV_6000;XIREC;0.0;4
588500;Mark 01;Mark 22;VEV_6500;XIREC;0.0;4
588800;Mark 38;SUBMISSION;HYDROGEL_PACK;XIREC;10015.0;2
589300;SUBMISSION;Mark 38;HYDROGEL_PACK;XIREC;10001.0;3
589400;Mark 01;Mark 55;VELVETFRUIT_EXTRACT;XIREC;5212.0;3
590700;Mark 38;SUBMISSION;VEV_4000;XIREC;1224.0;1
592000;Mark 55;Mark 01;VELVETFRUIT_EXTRACT;XIREC;5223.0;6
592200;Mark 38;SUBMISSION;HYDROGEL_PACK;XIREC;10019.0;4
592500;SUBMISSION;;VEV_5100;XIREC;140.0;11
592700;SUBMISSION;;VEV_5100;XIREC;138.0;8
593000;SUBMISSION;;VEV_4000;XIREC;1219.0;5
593000;SUBMISSION;;VEV_4500;XIREC;719.0;5
593000;SUBMISSION;;VEV_5100;XIREC;136.0;3
593000;;SUBMISSION;VEV_5100;XIREC;135.0;6
593000;Mark 01;Mark 22;VEV_5400;XIREC;8.0;5
593000;Mark 01;Mark 22;VEV_5500;XIREC;3.0;5
593000;Mark 01;Mark 22;VEV_6000;XIREC;0.0;5
593000;Mark 01;Mark 22;VEV_6500;XIREC;0.0;5
593100;SUBMISSION;;VEV_5100;XIREC;138.0;10
593200;SUBMISSION;;VEV_5100;XIREC;138.0;11
593300;;SUBMISSION;HYDROGEL_PACK;XIREC;10011.0;7
593400;;SUBMISSION;HYDROGEL_PACK;XIREC;10017.0;11
593400;;SUBMISSION;HYDROGEL_PACK;XIREC;10015.0;6
593500;;SUBMISSION;HYDROGEL_PACK;XIREC;10014.0;12
593600;;SUBMISSION;HYDROGEL_PACK;XIREC;10014.0;12
593700;;SUBMISSION;HYDROGEL_PACK;XIREC;10012.0;9
593800;;SUBMISSION;HYDROGEL_PACK;XIREC;10012.0;9
593900;;SUBMISSION;HYDROGEL_PACK;XIREC;10008.0;3
593900;SUBMISSION;;VEV_5100;XIREC;138.0;6
594000;;SUBMISSION;HYDROGEL_PACK;XIREC;10009.0;4
594100;;SUBMISSION;HYDROGEL_PACK;XIREC;10009.0;4
594200;;SUBMISSION;HYDROGEL_PACK;XIREC;10011.0;7
594300;;SUBMISSION;HYDROGEL_PACK;XIREC;10008.0;2
594800;;SUBMISSION;HYDROGEL_PACK;XIREC;10008.0;2
596100;Mark 14;Mark 38;HYDROGEL_PACK;XIREC;10002.0;3
596600;Mark 38;Mark 14;HYDROGEL_PACK;XIREC;10012.0;6
597500;Mark 38;SUBMISSION;HYDROGEL_PACK;XIREC;10014.0;4
598300;;SUBMISSION;HYDROGEL_PACK;XIREC;10007.0;2
598800;;SUBMISSION;HYDROGEL_PACK;XIREC;10006.0;1
599000;;SUBMISSION;HYDROGEL_PACK;XIREC;10006.0;1
599100;;SUBMISSION;HYDROGEL_PACK;XIREC;10007.0;2
599200;;SUBMISSION;HYDROGEL_PACK;XIREC;10007.0;2
600300;Mark 38;SUBMISSION;VEV_4000;XIREC;1253.0;2
600900;;SUBMISSION;HYDROGEL_PACK;XIREC;10006.0;1
601000;;SUBMISSION;HYDROGEL_PACK;XIREC;10006.0;1
601100;;SUBMISSION;HYDROGEL_PACK;XIREC;10009.0;7
601200;;SUBMISSION;HYDROGEL_PACK;XIREC;10011.0;11
601300;;SUBMISSION;HYDROGEL_PACK;XIREC;10011.0;11
601400;;SUBMISSION;HYDROGEL_PACK;XIREC;10014.0;14
601400;;SUBMISSION;HYDROGEL_PACK;XIREC;10011.0;3
601500;;SUBMISSION;HYDROGEL_PACK;XIREC;10012.0;11
601500;;SUBMISSION;HYDROGEL_PACK;XIREC;10010.0;2
601600;;SUBMISSION;HYDROGEL_PACK;XIREC;10013.0;15
601600;Mark 14;Mark 38;HYDROGEL_PACK;XIREC;10013.0;6
601700;;SUBMISSION;HYDROGEL_PACK;XIREC;10016.0;11
601700;;SUBMISSION;HYDROGEL_PACK;XIREC;10014.0;9
601800;;SUBMISSION;HYDROGEL_PACK;XIREC;10014.0;14
601800;;SUBMISSION;HYDROGEL_PACK;XIREC;10011.0;2
601900;;SUBMISSION;HYDROGEL_PACK;XIREC;10012.0;12
601900;;SUBMISSION;HYDROGEL_PACK;XIREC;10009.0;1
602000;;SUBMISSION;HYDROGEL_PACK;XIREC;10012.0;13
602100;;SUBMISSION;HYDROGEL_PACK;XIREC;10012.0;11
602100;;SUBMISSION;HYDROGEL_PACK;XIREC;10009.0;2
602200;;SUBMISSION;HYDROGEL_PACK;XIREC;10015.0;13
602200;;SUBMISSION;HYDROGEL_PACK;XIREC;10012.0;5
602300;;SUBMISSION;HYDROGEL_PACK;XIREC;10016.0;12
602300;;SUBMISSION;HYDROGEL_PACK;XIREC;10014.0;8
602400;;SUBMISSION;HYDROGEL_PACK;XIREC;10017.0;13
602400;;SUBMISSION;HYDROGEL_PACK;XIREC;10014.0;2
602500;;SUBMISSION;HYDROGEL_PACK;XIREC;10019.0;4
602700;;SUBMISSION;HYDROGEL_PACK;XIREC;10020.0;2
603200;;SUBMISSION;HYDROGEL_PACK;XIREC;10023.0;6
603800;;SUBMISSION;HYDROGEL_PACK;XIREC;10024.0;1
604100;Mark 01;Mark 22;VEV_5300;XIREC;38.0;2
604100;Mark 01;Mark 22;VEV_5400;XIREC;11.0;2
604100;Mark 01;Mark 22;VEV_5500;XIREC;4.0;2
604100;Mark 01;Mark 22;VEV_6000;XIREC;0.0;2
604100;Mark 01;Mark 22;VEV_6500;XIREC;0.0;2
604300;;SUBMISSION;HYDROGEL_PACK;XIREC;10026.0;3
604400;;SUBMISSION;HYDROGEL_PACK;XIREC;10027.0;1
604400;Mark 38;Mark 14;HYDROGEL_PACK;XIREC;10043.0;3
604500;;SUBMISSION;HYDROGEL_PACK;XIREC;10027.0;5
604500;Mark 55;Mark 14;VELVETFRUIT_EXTRACT;XIREC;5245.0;7
604600;;SUBMISSION;HYDROGEL_PACK;XIREC;10028.0;1
604700;;SUBMISSION;HYDROGEL_PACK;XIREC;10029.0;2
605100;Mark 14;Mark 38;VEV_4000;XIREC;1233.0;3
606100;;SUBMISSION;VELVETFRUIT_EXTRACT;XIREC;5248.0;19
606100;;SUBMISSION;VELVETFRUIT_EXTRACT;XIREC;5247.0;37
607400;Mark 38;SUBMISSION;VEV_4000;XIREC;1258.0;2
608800;Mark 55;SUBMISSION;VELVETFRUIT_EXTRACT;XIREC;5254.0;3
608900;Mark 14;Mark 38;HYDROGEL_PACK;XIREC;10031.0;2
610900;Mark 14;Mark 38;HYDROGEL_PACK;XIREC;10029.0;5
610900;Mark 14;Mark 38;VEV_4000;XIREC;1239.0;3
611300;Mark 67;Mark 22;VELVETFRUIT_EXTRACT;XIREC;5244.0;6
612300;Mark 14;Mark 55;VELVETFRUIT_EXTRACT;XIREC;5241.0;8
614100;Mark 67;Mark 22;VELVETFRUIT_EXTRACT;XIREC;5244.0;10
616700;Mark 55;Mark 14;VELVETFRUIT_EXTRACT;XIREC;5237.0;4
617200;Mark 55;Mark 01;VELVETFRUIT_EXTRACT;XIREC;5237.0;6
620000;Mark 14;Mark 38;HYDROGEL_PACK;XIREC;10010.0;5
620800;Mark 55;Mark 14;VELVETFRUIT_EXTRACT;XIREC;5234.0;4
622600;SUBMISSION;;VEV_4000;XIREC;1234.0;4
622600;SUBMISSION;;VEV_4500;XIREC;734.0;1
622600;;SUBMISSION;VEV_5100;XIREC;147.0;8
622600;Mark 01;Mark 22;VEV_5400;XIREC;10.0;4
622600;Mark 01;Mark 22;VEV_5500;XIREC;3.0;4
622600;Mark 01;Mark 22;VEV_6000;XIREC;0.0;4
622600;Mark 01;Mark 22;VEV_6500;XIREC;0.0;4
624000;Mark 14;Mark 38;VEV_4000;XIREC;1226.0;2
624200;Mark 14;Mark 38;VEV_4000;XIREC;1226.0;2
625900;Mark 38;SUBMISSION;VEV_4000;XIREC;1252.0;2
626300;Mark 55;Mark 14;VELVETFRUIT_EXTRACT;XIREC;5248.0;5
627100;Mark 38;SUBMISSION;VEV_4000;XIREC;1253.0;3
627400;Mark 55;Mark 14;VELVETFRUIT_EXTRACT;XIREC;5246.0;7
629200;SUBMISSION;Mark 55;VELVETFRUIT_EXTRACT;XIREC;5244.0;5
630700;Mark 14;Mark 38;HYDROGEL_PACK;XIREC;10010.0;3
630800;SUBMISSION;;VELVETFRUIT_EXTRACT;XIREC;5242.0;12
631400;Mark 14;Mark 38;HYDROGEL_PACK;XIREC;10002.0;3
633100;Mark 38;Mark 14;HYDROGEL_PACK;XIREC;10017.0;6
634300;Mark 38;SUBMISSION;HYDROGEL_PACK;XIREC;10008.0;4
634400;Mark 55;Mark 01;VELVETFRUIT_EXTRACT;XIREC;5245.0;5
635100;Mark 14;Mark 38;VEV_4000;XIREC;1235.0;3
636200;SUBMISSION;;VELVETFRUIT_EXTRACT;XIREC;5246.0;10
637900;Mark 38;SUBMISSION;VEV_4000;XIREC;1255.0;3
638600;SUBMISSION;;VELVETFRUIT_EXTRACT;XIREC;5246.0;7
640000;SUBMISSION;Mark 38;HYDROGEL_PACK;XIREC;10001.0;2
641500;Mark 55;Mark 14;VELVETFRUIT_EXTRACT;XIREC;5248.0;5
642400;;SUBMISSION;VEV_5100;XIREC;155.0;6
642400;Mark 01;Mark 22;VEV_5400;XIREC;11.0;2
642400;Mark 01;Mark 22;VEV_5500;XIREC;4.0;2
642400;Mark 01;Mark 22;VEV_6000;XIREC;0.0;2
642400;Mark 01;Mark 22;VEV_6500;XIREC;0.0;2
643000;SUBMISSION;Mark 55;VELVETFRUIT_EXTRACT;XIREC;5240.0;6
643300;Mark 38;SUBMISSION;VEV_4000;XIREC;1251.0;1
644500;Mark 01;Mark 22;VEV_5400;XIREC;11.0;4
644500;Mark 01;Mark 22;VEV_5500;XIREC;4.0;4
644500;Mark 01;Mark 22;VEV_6000;XIREC;0.0;4
644500;Mark 01;Mark 22;VEV_6500;XIREC;0.0;4
645000;Mark 14;Mark 38;HYDROGEL_PACK;XIREC;10016.0;4
648700;Mark 14;Mark 38;VEV_4000;XIREC;1235.0;3
650000;Mark 14;Mark 38;HYDROGEL_PACK;XIREC;10029.0;4
650200;Mark 55;Mark 01;VELVETFRUIT_EXTRACT;XIREC;5246.0;6
650600;Mark 67;Mark 49;VELVETFRUIT_EXTRACT;XIREC;5244.0;8
651000;SUBMISSION;;VEV_5100;XIREC;157.0;4
651000;SUBMISSION;;VEV_5100;XIREC;157.0;4
651300;Mark 55;Mark 01;VELVETFRUIT_EXTRACT;XIREC;5247.0;8
653800;Mark 55;SUBMISSION;VELVETFRUIT_EXTRACT;XIREC;5251.0;5
655500;Mark 14;Mark 38;HYDROGEL_PACK;XIREC;10024.0;3
656600;Mark 67;SUBMISSION;VELVETFRUIT_EXTRACT;XIREC;5252.0;8
658100;Mark 38;SUBMISSION;VEV_4000;XIREC;1262.0;3
658300;Mark 14;Mark 55;VELVETFRUIT_EXTRACT;XIREC;5249.0;3
659100;;SUBMISSION;VELVETFRUIT_EXTRACT;XIREC;5253.0;4
659200;;SUBMISSION;VELVETFRUIT_EXTRACT;XIREC;5253.0;4
659300;;SUBMISSION;VELVETFRUIT_EXTRACT;XIREC;5254.0;8
659400;;SUBMISSION;VELVETFRUIT_EXTRACT;XIREC;5253.0;6
659500;;SUBMISSION;VELVETFRUIT_EXTRACT;XIREC;5254.0;8
659500;Mark 38;Mark 14;HYDROGEL_PACK;XIREC;10046.0;5
659600;;SUBMISSION;VELVETFRUIT_EXTRACT;XIREC;5255.0;11
659700;;SUBMISSION;VELVETFRUIT_EXTRACT;XIREC;5255.0;11
659800;;SUBMISSION;VELVETFRUIT_EXTRACT;XIREC;5256.0;9
659800;Mark 01;Mark 55;VELVETFRUIT_EXTRACT;XIREC;5256.0;6
659900;;SUBMISSION;VELVETFRUIT_EXTRACT;XIREC;5255.0;11
660000;;SUBMISSION;VELVETFRUIT_EXTRACT;XIREC;5255.0;11
660100;;SUBMISSION;VELVETFRUIT_EXTRACT;XIREC;5254.0;8
660200;;SUBMISSION;VELVETFRUIT_EXTRACT;XIREC;5255.0;11
660300;;SUBMISSION;VELVETFRUIT_EXTRACT;XIREC;5255.0;11
660400;;SUBMISSION;VELVETFRUIT_EXTRACT;XIREC;5255.0;11
660500;;SUBMISSION;VELVETFRUIT_EXTRACT;XIREC;5255.0;13
660600;;SUBMISSION;VELVETFRUIT_EXTRACT;XIREC;5255.0;11
660700;;SUBMISSION;VELVETFRUIT_EXTRACT;XIREC;5253.0;4
660800;;SUBMISSION;VELVETFRUIT_EXTRACT;XIREC;5253.0;4
660900;;SUBMISSION;VELVETFRUIT_EXTRACT;XIREC;5252.0;1
661900;Mark 14;Mark 38;HYDROGEL_PACK;XIREC;10024.0;6
662600;Mark 55;Mark 01;VELVETFRUIT_EXTRACT;XIREC;5251.0;6
663000;Mark 14;Mark 38;HYDROGEL_PACK;XIREC;10025.0;2
664800;;SUBMISSION;VELVETFRUIT_EXTRACT;XIREC;5253.0;12
664900;;SUBMISSION;VELVETFRUIT_EXTRACT;XIREC;5254.0;18
665000;;SUBMISSION;VELVETFRUIT_EXTRACT;XIREC;5255.0;20
665100;;SUBMISSION;VELVETFRUIT_EXTRACT;XIREC;5255.0;20
665200;;SUBMISSION;VELVETFRUIT_EXTRACT;XIREC;5256.0;18
665300;;SUBMISSION;VELVETFRUIT_EXTRACT;XIREC;5256.0;23
665300;;SUBMISSION;VELVETFRUIT_EXTRACT;XIREC;5255.0;1
665400;;SUBMISSION;VELVETFRUIT_EXTRACT;XIREC;5254.0;16
665500;;SUBMISSION;VEV_5000;XIREC;256.0;10
665600;;SUBMISSION;VELVETFRUIT_EXTRACT;XIREC;5254.0;4
665600;;SUBMISSION;VEV_5000;XIREC;256.0;12
665700;;SUBMISSION;VEV_5000;XIREC;256.0;16
665800;;SUBMISSION;VEV_5000;XIREC;257.0;6
665800;;SUBMISSION;VEV_5000;XIREC;256.0;10
665900;;SUBMISSION;VELVETFRUIT_EXTRACT;XIREC;5254.0;3
665900;;SUBMISSION;VEV_5000;XIREC;257.0;7
665900;;SUBMISSION;VEV_5000;XIREC;256.0;8
666000;;SUBMISSION;VEV_5000;XIREC;257.0;6
666000;;SUBMISSION;VEV_5000;XIREC;256.0;12
666100;;SUBMISSION;VEV_5000;XIREC;257.0;11
666100;;SUBMISSION;VEV_5000;XIREC;256.0;5
666200;;SUBMISSION;VEV_5000;XIREC;255.0;8
666300;;SUBMISSION;VEV_5000;XIREC;255.0;8
666400;;SUBMISSION;VEV_5000;XIREC;255.0;10
666500;;SUBMISSION;VEV_5000;XIREC;255.0;9
666500;;SUBMISSION;VEV_5000;XIREC;254.0;1
666500;Mark 14;Mark 22;VEV_5200;XIREC;91.0;2
666500;Mark 01;Mark 22;VEV_5300;XIREC;42.0;2
666500;Mark 01;Mark 22;VEV_5400;XIREC;12.0;2
666500;Mark 01;Mark 22;VEV_5500;XIREC;4.0;2
666500;Mark 01;Mark 22;VEV_6000;XIREC;0.0;2
666500;Mark 01;Mark 22;VEV_6500;XIREC;0.0;2
666600;;SUBMISSION;VEV_5000;XIREC;254.0;8
666700;;SUBMISSION;VEV_5000;XIREC;254.0;8
666800;;SUBMISSION;VEV_5000;XIREC;257.0;10
666800;;SUBMISSION;VEV_5000;XIREC;256.0;6
666900;;SUBMISSION;VEV_5000;XIREC;256.0;16
667000;;SUBMISSION;VEV_5000;XIREC;255.0;7
667000;;SUBMISSION;VEV_5000;XIREC;254.0;3
667100;;SUBMISSION;VEV_5000;XIREC;256.0;7
667100;;SUBMISSION;VEV_5000;XIREC;255.0;7
667200;;SUBMISSION;VEV_5000;XIREC;256.0;10
667200;;SUBMISSION;VEV_5000;XIREC;255.0;6
667300;;SUBMISSION;VEV_5000;XIREC;255.0;12
667400;;SUBMISSION;VEV_5000;XIREC;257.0;11
667400;;SUBMISSION;VEV_5000;XIREC;256.0;7
667500;;SUBMISSION;VEV_5000;XIREC;257.0;12
667500;;SUBMISSION;VEV_5000;XIREC;256.0;6
667600;;SUBMISSION;VELVETFRUIT_EXTRACT;XIREC;5255.0;3
667600;;SUBMISSION;VEV_5000;XIREC;257.0;17
667700;;SUBMISSION;VEV_5000;XIREC;257.0;20
667800;;SUBMISSION;VELVETFRUIT_EXTRACT;XIREC;5257.0;10
667800;Mark 55;SUBMISSION;VELVETFRUIT_EXTRACT;XIREC;5261.0;5
667800;;SUBMISSION;VEV_5000;XIREC;259.0;7
667800;;SUBMISSION;VEV_5000;XIREC;258.0;10
667900;;SUBMISSION;VEV_5000;XIREC;261.0;25
667900;;SUBMISSION;VEV_5100;XIREC;170.0;5
668000;;SUBMISSION;VEV_5000;XIREC;260.0;23
668000;;SUBMISSION;VEV_5100;XIREC;169.0;1
668100;;SUBMISSION;VEV_5000;XIREC;261.0;11
668100;;SUBMISSION;VEV_5000;XIREC;260.0;14
668100;;SUBMISSION;VEV_5100;XIREC;170.0;3
668200;;SUBMISSION;VEV_5000;XIREC;261.0;6
668200;;SUBMISSION;VEV_5000;XIREC;260.0;22
668300;;SUBMISSION;VEV_5000;XIREC;260.0;8
668300;;SUBMISSION;VEV_5000;XIREC;259.0;16
668400;;SUBMISSION;VEV_5100;XIREC;169.0;24
668500;;SUBMISSION;VEV_5100;XIREC;168.0;23
668600;;SUBMISSION;VEV_5100;XIREC;168.0;21
668700;;SUBMISSION;VEV_5100;XIREC;169.0;27
668800;;SUBMISSION;VEV_5100;XIREC;168.0;21
668900;;SUBMISSION;VEV_5100;XIREC;170.0;8
668900;;SUBMISSION;VEV_5100;XIREC;169.0;13
669000;;SUBMISSION;VELVETFRUIT_EXTRACT;XIREC;5261.0;7
669000;;SUBMISSION;VEV_5000;XIREC;263.0;3
669000;;SUBMISSION;VEV_5100;XIREC;172.0;12
669000;;SUBMISSION;VEV_5100;XIREC;171.0;13
669100;;SUBMISSION;VEV_5100;XIREC;171.0;21
669200;;SUBMISSION;VEV_5100;XIREC;171.0;33
669300;;SUBMISSION;VEV_5100;XIREC;170.0;29
669400;;SUBMISSION;VEV_5100;XIREC;170.0;19
669500;;SUBMISSION;VEV_5100;XIREC;171.0;8
669500;;SUBMISSION;VEV_5100;XIREC;170.0;22
669600;;SUBMISSION;VEV_5100;XIREC;171.0;18
669700;;SUBMISSION;VEV_5100;XIREC;173.0;2
669700;;SUBMISSION;VEV_5100;XIREC;173.0;2
669900;Mark 38;SUBMISSION;VEV_4000;XIREC;1274.0;3
672600;Mark 55;SUBMISSION;VELVETFRUIT_EXTRACT;XIREC;5270.0;3
672800;Mark 67;SUBMISSION;VELVETFRUIT_EXTRACT;XIREC;5270.0;10
673000;Mark 01;Mark 55;VELVETFRUIT_EXTRACT;XIREC;5270.0;5
673600;Mark 55;Mark 01;VELVETFRUIT_EXTRACT;XIREC;5275.0;6
673700;;SUBMISSION;VEV_5000;XIREC;270.0;5
673700;;SUBMISSION;VEV_5000;XIREC;270.0;1
673700;;SUBMISSION;VEV_5000;XIREC;269.0;4
673700;;SUBMISSION;VEV_5100;XIREC;178.0;1
673700;;SUBMISSION;VEV_5100;XIREC;178.0;1
673700;;SUBMISSION;VEV_5200;XIREC;101.0;1
673700;;SUBMISSION;VEV_5300;XIREC;48.0;1
674000;Mark 38;Mark 14;HYDROGEL_PACK;XIREC;10015.0;2
674400;Mark 38;SUBMISSION;HYDROGEL_PACK;XIREC;10011.0;4
675300;Mark 38;SUBMISSION;HYDROGEL_PACK;XIREC;10016.0;2
675600;Mark 38;SUBMISSION;HYDROGEL_PACK;XIREC;10017.0;3
675600;Mark 55;SUBMISSION;VELVETFRUIT_EXTRACT;XIREC;5271.0;7
676600;Mark 38;SUBMISSION;VEV_4000;XIREC;1278.0;2
678700;Mark 38;SUBMISSION;HYDROGEL_PACK;XIREC;10012.0;6
679000;Mark 67;SUBMISSION;VELVETFRUIT_EXTRACT;XIREC;5272.0;5
681000;Mark 38;SUBMISSION;HYDROGEL_PACK;XIREC;10009.0;5
681300;;SUBMISSION;VEV_4000;XIREC;1278.0;2
681300;;SUBMISSION;VEV_4500;XIREC;778.0;2
682800;Mark 55;SUBMISSION;VELVETFRUIT_EXTRACT;XIREC;5282.0;6
683900;Mark 55;SUBMISSION;VELVETFRUIT_EXTRACT;XIREC;5282.0;3
684500;Mark 01;Mark 55;VELVETFRUIT_EXTRACT;XIREC;5273.0;7
686100;SUBMISSION;Mark 38;HYDROGEL_PACK;XIREC;9997.0;6
686400;Mark 01;Mark 55;VELVETFRUIT_EXTRACT;XIREC;5274.0;8
686700;Mark 38;SUBMISSION;HYDROGEL_PACK;XIREC;10015.0;5
687700;Mark 01;Mark 55;VELVETFRUIT_EXTRACT;XIREC;5269.0;7
687700;Mark 67;Mark 22;VELVETFRUIT_EXTRACT;XIREC;5271.0;5
688500;Mark 01;Mark 55;VELVETFRUIT_EXTRACT;XIREC;5272.0;3
688600;Mark 01;Mark 22;VEV_5400;XIREC;16.0;2
688600;Mark 01;Mark 22;VEV_5500;XIREC;6.0;2
688600;Mark 01;Mark 22;VEV_6000;XIREC;0.0;2
688600;Mark 01;Mark 22;VEV_6500;XIREC;0.0;2
689700;SUBMISSION;Mark 38;HYDROGEL_PACK;XIREC;9998.0;5
690500;Mark 14;Mark 38;VEV_4000;XIREC;1263.0;1
690600;Mark 55;Mark 14;VELVETFRUIT_EXTRACT;XIREC;5275.0;5
690800;SUBMISSION;Mark 38;HYDROGEL_PACK;XIREC;9991.0;5
691100;Mark 01;Mark 22;VEV_5400;XIREC;15.0;5
691100;Mark 01;Mark 22;VEV_5500;XIREC;6.0;5
691100;Mark 01;Mark 22;VEV_6000;XIREC;0.0;5
691100;Mark 01;Mark 22;VEV_6500;XIREC;0.0;5
691200;Mark 14;Mark 55;VELVETFRUIT_EXTRACT;XIREC;5271.0;7
691600;SUBMISSION;Mark 38;HYDROGEL_PACK;XIREC;9991.0;5
692000;Mark 38;SUBMISSION;VEV_4000;XIREC;1281.0;1
692100;Mark 55;Mark 14;VELVETFRUIT_EXTRACT;XIREC;5272.0;8
692500;Mark 01;Mark 55;VELVETFRUIT_EXTRACT;XIREC;5268.0;6
693900;Mark 55;Mark 14;VELVETFRUIT_EXTRACT;XIREC;5271.0;3
694400;Mark 55;SUBMISSION;VELVETFRUIT_EXTRACT;XIREC;5270.0;3
694500;Mark 38;SUBMISSION;HYDROGEL_PACK;XIREC;10015.0;4
695800;Mark 01;Mark 22;VEV_5500;XIREC;5.0;5
695800;Mark 01;Mark 22;VEV_6000;XIREC;0.0;5
695800;Mark 01;Mark 22;VEV_6500;XIREC;0.0;5
695900;;SUBMISSION;VELVETFRUIT_EXTRACT;XIREC;5265.0;4
696000;Mark 38;SUBMISSION;HYDROGEL_PACK;XIREC;10015.0;2
697000;Mark 38;SUBMISSION;HYDROGEL_PACK;XIREC;10016.0;4
697000;;SUBMISSION;VEV_4000;XIREC;1270.0;3
697000;;SUBMISSION;VEV_4500;XIREC;770.0;3
697400;Mark 38;SUBMISSION;HYDROGEL_PACK;XIREC;10017.0;2
697600;;SUBMISSION;VELVETFRUIT_EXTRACT;XIREC;5271.0;2
697700;;SUBMISSION;VEV_4000;XIREC;1273.0;5
697700;;SUBMISSION;VEV_4500;XIREC;773.0;5
698800;SUBMISSION;Mark 38;HYDROGEL_PACK;XIREC;10000.0;2
699800;Mark 14;Mark 38;VEV_4000;XIREC;1260.0;3
700500;Mark 67;SUBMISSION;VELVETFRUIT_EXTRACT;XIREC;5263.0;2
700500;Mark 67;Mark 22;VELVETFRUIT_EXTRACT;XIREC;5264.0;8
701000;Mark 14;Mark 55;VELVETFRUIT_EXTRACT;XIREC;5263.0;4
701300;;SUBMISSION;VEV_4000;XIREC;1265.0;3
701300;;SUBMISSION;VEV_4500;XIREC;765.0;3
702100;Mark 55;Mark 14;VELVETFRUIT_EXTRACT;XIREC;5265.0;5
702200;Mark 14;Mark 55;VELVETFRUIT_EXTRACT;XIREC;5260.0;3
704600;Mark 55;Mark 01;VELVETFRUIT_EXTRACT;XIREC;5265.0;8
705100;Mark 55;SUBMISSION;VELVETFRUIT_EXTRACT;XIREC;5266.0;1
705100;Mark 55;Mark 01;VELVETFRUIT_EXTRACT;XIREC;5267.0;6
705700;Mark 01;Mark 55;VELVETFRUIT_EXTRACT;XIREC;5261.0;4
705900;Mark 38;SUBMISSION;HYDROGEL_PACK;XIREC;10031.0;6
707900;Mark 14;Mark 38;HYDROGEL_PACK;XIREC;10021.0;6
711200;SUBMISSION;Mark 38;VEV_4000;XIREC;1249.0;1
711200;Mark 14;Mark 38;VEV_4000;XIREC;1248.0;2
711900;Mark 01;Mark 22;VEV_5300;XIREC;43.0;3
711900;Mark 01;Mark 22;VEV_5400;XIREC;13.0;3
711900;Mark 01;Mark 22;VEV_5500;XIREC;5.0;3
711900;Mark 01;Mark 22;VEV_6000;XIREC;0.0;3
711900;Mark 01;Mark 22;VEV_6500;XIREC;0.0;3
713000;Mark 55;Mark 01;VELVETFRUIT_EXTRACT;XIREC;5255.0;8
714100;SUBMISSION;;VELVETFRUIT_EXTRACT;XIREC;5248.0;8
714100;SUBMISSION;;VELVETFRUIT_EXTRACT;XIREC;5251.0;18
715300;SUBMISSION;;VELVETFRUIT_EXTRACT;XIREC;5244.0;8
715300;SUBMISSION;Mark 49;VELVETFRUIT_EXTRACT;XIREC;5244.0;8
715500;Mark 14;Mark 38;HYDROGEL_PACK;XIREC;10036.0;6
716100;SUBMISSION;;VELVETFRUIT_EXTRACT;XIREC;5248.0;14
716900;Mark 14;Mark 38;HYDROGEL_PACK;XIREC;10028.0;3
717300;SUBMISSION;;VELVETFRUIT_EXTRACT;XIREC;5244.0;12
717300;SUBMISSION;Mark 49;VELVETFRUIT_EXTRACT;XIREC;5244.0;12
719000;Mark 14;Mark 38;HYDROGEL_PACK;XIREC;10033.0;5
720500;SUBMISSION;;VELVETFRUIT_EXTRACT;XIREC;5237.0;4
720500;SUBMISSION;;VELVETFRUIT_EXTRACT;XIREC;5237.0;7
720500;SUBMISSION;Mark 49;VELVETFRUIT_EXTRACT;XIREC;5237.0;11
720600;SUBMISSION;;VELVETFRUIT_EXTRACT;XIREC;5241.0;1
720700;SUBMISSION;;VELVETFRUIT_EXTRACT;XIREC;5240.0;2
721100;SUBMISSION;;VELVETFRUIT_EXTRACT;XIREC;5240.0;2
721200;SUBMISSION;Mark 55;VELVETFRUIT_EXTRACT;XIREC;5240.0;3
721900;SUBMISSION;;VELVETFRUIT_EXTRACT;XIREC;5240.0;2
722000;SUBMISSION;;VELVETFRUIT_EXTRACT;XIREC;5240.0;2
722100;SUBMISSION;;VELVETFRUIT_EXTRACT;XIREC;5241.0;1
722200;SUBMISSION;;VELVETFRUIT_EXTRACT;XIREC;5241.0;1
722300;Mark 55;Mark 01;VELVETFRUIT_EXTRACT;XIREC;5242.0;4
722400;SUBMISSION;;VELVETFRUIT_EXTRACT;XIREC;5241.0;1
722500;SUBMISSION;;VELVETFRUIT_EXTRACT;XIREC;5241.0;1
722900;SUBMISSION;;VELVETFRUIT_EXTRACT;XIREC;5241.0;1
723300;SUBMISSION;;VELVETFRUIT_EXTRACT;XIREC;5241.0;1
723400;SUBMISSION;;VELVETFRUIT_EXTRACT;XIREC;5241.0;1
723500;SUBMISSION;;VELVETFRUIT_EXTRACT;XIREC;5240.0;3
723600;SUBMISSION;;VELVETFRUIT_EXTRACT;XIREC;5238.0;5
723700;SUBMISSION;;VELVETFRUIT_EXTRACT;XIREC;5238.0;7
723800;SUBMISSION;;VELVETFRUIT_EXTRACT;XIREC;5238.0;7
723900;SUBMISSION;;VELVETFRUIT_EXTRACT;XIREC;5238.0;7
724000;SUBMISSION;;VELVETFRUIT_EXTRACT;XIREC;5238.0;7
724100;SUBMISSION;;VELVETFRUIT_EXTRACT;XIREC;5237.0;9
724200;SUBMISSION;;VELVETFRUIT_EXTRACT;XIREC;5237.0;9
724300;SUBMISSION;;VELVETFRUIT_EXTRACT;XIREC;5238.0;7
724400;SUBMISSION;;VELVETFRUIT_EXTRACT;XIREC;5234.0;10
724400;SUBMISSION;;VELVETFRUIT_EXTRACT;XIREC;5237.0;1
724500;SUBMISSION;;VELVETFRUIT_EXTRACT;XIREC;5239.0;5
724600;SUBMISSION;;VELVETFRUIT_EXTRACT;XIREC;5238.0;7
724700;SUBMISSION;;VELVETFRUIT_EXTRACT;XIREC;5238.0;7
724800;SUBMISSION;;VELVETFRUIT_EXTRACT;XIREC;5238.0;7
724900;SUBMISSION;;VELVETFRUIT_EXTRACT;XIREC;5238.0;7
725000;SUBMISSION;;VELVETFRUIT_EXTRACT;XIREC;5239.0;5
725100;SUBMISSION;;VELVETFRUIT_EXTRACT;XIREC;5239.0;5
725200;SUBMISSION;;VELVETFRUIT_EXTRACT;XIREC;5238.0;7
725300;SUBMISSION;;VELVETFRUIT_EXTRACT;XIREC;5239.0;5
725400;SUBMISSION;;VELVETFRUIT_EXTRACT;XIREC;5238.0;7
725500;SUBMISSION;;VELVETFRUIT_EXTRACT;XIREC;5237.0;9
725600;SUBMISSION;;VELVETFRUIT_EXTRACT;XIREC;5238.0;7
725700;SUBMISSION;;VELVETFRUIT_EXTRACT;XIREC;5237.0;9
725800;SUBMISSION;;VELVETFRUIT_EXTRACT;XIREC;5237.0;9
725900;SUBMISSION;;VELVETFRUIT_EXTRACT;XIREC;5236.0;11
726000;SUBMISSION;;VELVETFRUIT_EXTRACT;XIREC;5236.0;8
726000;SUBMISSION;;VEV_5000;XIREC;240.0;1
726100;SUBMISSION;;VELVETFRUIT_EXTRACT;XIREC;5236.0;3
726100;SUBMISSION;Mark 55;VELVETFRUIT_EXTRACT;XIREC;5232.0;5
726100;SUBMISSION;;VEV_5000;XIREC;240.0;8
726200;SUBMISSION;;VEV_5000;XIREC;240.0;12
726300;SUBMISSION;;VELVETFRUIT_EXTRACT;XIREC;5234.0;1
726300;SUBMISSION;;VEV_5000;XIREC;238.0;8
726300;SUBMISSION;;VEV_5000;XIREC;239.0;6
726400;SUBMISSION;;VELVETFRUIT_EXTRACT;XIREC;5233.0;1
726400;SUBMISSION;;VEV_5000;XIREC;237.0;11
726400;SUBMISSION;;VEV_5000;XIREC;238.0;4
726500;SUBMISSION;;VEV_5000;XIREC;238.0;16
726600;SUBMISSION;;VELVETFRUIT_EXTRACT;XIREC;5233.0;2
726600;SUBMISSION;;VEV_4000;XIREC;1229.0;2
726600;SUBMISSION;;VEV_4500;XIREC;729.0;2
726600;SUBMISSION;;VEV_5000;XIREC;234.0;2
726600;SUBMISSION;;VEV_5000;XIREC;237.0;9
726600;Mark 01;Mark 22;VEV_5400;XIREC;8.0;2
726600;Mark 01;Mark 22;VEV_5500;XIREC;3.0;2
726600;Mark 01;Mark 22;VEV_6000;XIREC;0.0;2
726600;Mark 01;Mark 22;VEV_6500;XIREC;0.0;2
726700;SUBMISSION;;VELVETFRUIT_EXTRACT;XIREC;5232.0;1
726700;SUBMISSION;;VEV_5000;XIREC;237.0;17
726800;SUBMISSION;;VEV_5000;XIREC;238.0;14
726900;SUBMISSION;;VEV_5000;XIREC;238.0;16
727000;SUBMISSION;;VEV_5000;XIREC;238.0;6
727000;SUBMISSION;;VEV_5000;XIREC;239.0;8
727100;SUBMISSION;;VEV_5000;XIREC;238.0;6
727100;SUBMISSION;;VEV_5000;XIREC;239.0;8
727200;SUBMISSION;;VEV_5000;XIREC;238.0;10
727200;SUBMISSION;;VEV_5000;XIREC;239.0;4
727300;SUBMISSION;;VEV_5000;XIREC;239.0;8
727300;SUBMISSION;;VEV_5000;XIREC;240.0;5
727400;SUBMISSION;;VEV_5000;XIREC;238.0;7
727400;SUBMISSION;;VEV_5000;XIREC;239.0;5
727500;SUBMISSION;;VEV_5000;XIREC;239.0;9
727500;SUBMISSION;;VEV_5000;XIREC;240.0;3
727600;SUBMISSION;;VEV_5000;XIREC;239.0;8
727600;SUBMISSION;;VEV_5000;XIREC;240.0;4
727700;SUBMISSION;;VEV_5000;XIREC;239.0;14
727700;Mark 38;Mark 14;HYDROGEL_PACK;XIREC;10040.0;6
727800;SUBMISSION;;VEV_5000;XIREC;238.0;8
727800;SUBMISSION;;VEV_5000;XIREC;239.0;6
727900;SUBMISSION;;VEV_5000;XIREC;239.0;10
727900;SUBMISSION;;VEV_5000;XIREC;240.0;2
727900;Mark 14;Mark 38;VEV_4000;XIREC;1222.0;2
728000;SUBMISSION;;VEV_5000;XIREC;239.0;13
728100;SUBMISSION;;VEV_5000;XIREC;239.0;9
728100;SUBMISSION;;VEV_5000;XIREC;240.0;3
728200;SUBMISSION;;VEV_5000;XIREC;240.0;6
728200;SUBMISSION;;VEV_5000;XIREC;241.0;4
728300;SUBMISSION;;VEV_5000;XIREC;240.0;10
728400;SUBMISSION;;VEV_5000;XIREC;239.0;7
728400;SUBMISSION;;VEV_5000;XIREC;240.0;5
728500;SUBMISSION;;VEV_5000;XIREC;239.0;13
728600;SUBMISSION;;VEV_5000;XIREC;239.0;13
728700;SUBMISSION;;VEV_5000;XIREC;239.0;12
728800;SUBMISSION;;VEV_5000;XIREC;239.0;7
728800;SUBMISSION;;VEV_5000;XIREC;240.0;5
728900;SUBMISSION;;VELVETFRUIT_EXTRACT;XIREC;5229.0;4
728900;SUBMISSION;;VEV_5000;XIREC;236.0;6
728900;SUBMISSION;;VEV_5100;XIREC;146.0;6
729000;SUBMISSION;;VEV_5000;XIREC;238.0;15
729100;SUBMISSION;;VEV_5000;XIREC;238.0;11
729100;SUBMISSION;;VEV_5000;XIREC;239.0;2
729200;SUBMISSION;;VEV_5000;XIREC;239.0;8
729200;SUBMISSION;;VEV_5000;XIREC;240.0;3
729300;SUBMISSION;;VEV_5000;XIREC;239.0;12
729400;SUBMISSION;;VEV_5000;XIREC;236.0;12
729400;SUBMISSION;;VEV_5000;XIREC;237.0;5
729500;SUBMISSION;;VEV_5000;XIREC;234.0;12
729500;SUBMISSION;;VEV_5000;XIREC;235.0;8
729600;SUBMISSION;;VELVETFRUIT_EXTRACT;XIREC;5229.0;2
729600;SUBMISSION;;VEV_5100;XIREC;144.0;6
729700;SUBMISSION;;VEV_5100;XIREC;145.0;20
729800;SUBMISSION;;VELVETFRUIT_EXTRACT;XIREC;5229.0;1
729800;SUBMISSION;;VEV_5100;XIREC;144.0;22
729900;SUBMISSION;;VELVETFRUIT_EXTRACT;XIREC;5227.0;3
730100;SUBMISSION;;VEV_5100;XIREC;144.0;20
730200;SUBMISSION;;VEV_5100;XIREC;143.0;22
730300;SUBMISSION;Mark 55;VELVETFRUIT_EXTRACT;XIREC;5224.0;5
730300;SUBMISSION;;VEV_5100;XIREC;143.0;6
730300;SUBMISSION;;VEV_5100;XIREC;144.0;12
730400;SUBMISSION;;VEV_5100;XIREC;142.0;25
730500;SUBMISSION;;VEV_5100;XIREC;142.0;26
730600;SUBMISSION;;VEV_5100;XIREC;142.0;25
730800;SUBMISSION;;VEV_5100;XIREC;143.0;6
730800;SUBMISSION;;VEV_5100;XIREC;144.0;15
730900;SUBMISSION;;VEV_5100;XIREC;144.0;22
731000;SUBMISSION;;VEV_5100;XIREC;145.0;18
731100;SUBMISSION;;VEV_5100;XIREC;146.0;10
731100;SUBMISSION;;VEV_5100;XIREC;147.0;6
731200;SUBMISSION;;VEV_5100;XIREC;148.0;13
731300;SUBMISSION;;VEV_5100;XIREC;148.0;12
731400;SUBMISSION;;VEV_5100;XIREC;148.0;13
731500;SUBMISSION;;VEV_5100;XIREC;148.0;10
731500;SUBMISSION;;VEV_5100;XIREC;149.0;1
731600;SUBMISSION;;VEV_5100;XIREC;147.0;9
733200;SUBMISSION;;VEV_4000;XIREC;1230.0;4
733200;SUBMISSION;;VEV_4500;XIREC;730.0;4
733200;Mark 01;Mark 22;VEV_5400;XIREC;8.0;4
733200;Mark 01;Mark 22;VEV_5500;XIREC;3.0;4
733200;Mark 01;Mark 22;VEV_6000;XIREC;0.0;4
733200;Mark 01;Mark 22;VEV_6500;XIREC;0.0;4
734200;Mark 38;SUBMISSION;HYDROGEL_PACK;XIREC;10028.0;5
735100;SUBMISSION;Mark 55;VELVETFRUIT_EXTRACT;XIREC;5228.0;3
735900;SUBMISSION;;VELVETFRUIT_EXTRACT;XIREC;5229.0;8
736100;Mark 38;SUBMISSION;VEV_4000;XIREC;1238.0;1
736200;SUBMISSION;;VEV_5100;XIREC;145.0;1
736200;Mark 14;Mark 38;HYDROGEL_PACK;XIREC;10004.0;6
736400;SUBMISSION;;VEV_5100;XIREC;144.0;1
737300;Mark 38;Mark 14;HYDROGEL_PACK;XIREC;10014.0;6
737500;SUBMISSION;;VEV_5100;XIREC;142.0;1
737500;Mark 55;Mark 14;VELVETFRUIT_EXTRACT;XIREC;5226.0;3
737600;SUBMISSION;Mark 55;VELVETFRUIT_EXTRACT;XIREC;5222.0;5
738000;SUBMISSION;Mark 55;VELVETFRUIT_EXTRACT;XIREC;5221.0;8
738500;SUBMISSION;Mark 55;VELVETFRUIT_EXTRACT;XIREC;5217.0;4
738800;SUBMISSION;Mark 55;VELVETFRUIT_EXTRACT;XIREC;5216.0;3
739000;SUBMISSION;Mark 38;HYDROGEL_PACK;XIREC;9997.0;4
739000;SUBMISSION;;VEV_5100;XIREC;138.0;2
739600;Mark 38;SUBMISSION;VEV_4000;XIREC;1226.0;3
739900;SUBMISSION;;VEV_5000;XIREC;222.0;1
739900;Mark 55;Mark 14;VELVETFRUIT_EXTRACT;XIREC;5217.0;4
740000;SUBMISSION;Mark 38;HYDROGEL_PACK;XIREC;10001.0;4
740000;SUBMISSION;;VEV_5000;XIREC;221.0;1
740000;SUBMISSION;;VEV_5000;XIREC;221.0;1
740300;Mark 55;Mark 14;VELVETFRUIT_EXTRACT;XIREC;5216.0;7
740700;SUBMISSION;;VEV_5000;XIREC;217.0;1
740700;SUBMISSION;;VEV_5000;XIREC;217.0;1
742000;SUBMISSION;Mark 55;VELVETFRUIT_EXTRACT;XIREC;5214.0;8
743500;Mark 14;Mark 38;HYDROGEL_PACK;XIREC;10003.0;5
744200;Mark 67;Mark 22;VELVETFRUIT_EXTRACT;XIREC;5208.0;8
746900;Mark 38;SUBMISSION;VEV_4000;XIREC;1220.0;1
747700;Mark 14;Mark 38;HYDROGEL_PACK;XIREC;9988.0;3
748500;SUBMISSION;;VEV_4000;XIREC;1214.0;2
748500;SUBMISSION;;VEV_4500;XIREC;714.0;2
748500;;SUBMISSION;VEV_5100;XIREC;131.0;29
748500;Mark 01;Mark 22;VEV_5300;XIREC;28.0;2
748500;Mark 01;Mark 22;VEV_5500;XIREC;2.0;2
748500;Mark 01;Mark 22;VEV_6000;XIREC;0.0;2
748500;Mark 01;Mark 22;VEV_6500;XIREC;0.0;2
749400;Mark 38;Mark 14;HYDROGEL_PACK;XIREC;10016.0;5
750200;Mark 38;SUBMISSION;HYDROGEL_PACK;XIREC;10005.0;3
750200;SUBMISSION;;VEV_5100;XIREC;136.0;20
751300;Mark 01;Mark 55;VELVETFRUIT_EXTRACT;XIREC;5211.0;5
752100;Mark 38;SUBMISSION;HYDROGEL_PACK;XIREC;10011.0;5
752100;SUBMISSION;;VEV_5000;XIREC;225.0;1
752100;SUBMISSION;;VEV_5000;XIREC;225.0;1
752100;Mark 38;Mark 14;HYDROGEL_PACK;XIREC;10012.0;1
752300;Mark 38;SUBMISSION;VEV_4000;XIREC;1229.0;2
752300;SUBMISSION;;VEV_5100;XIREC;138.0;8
752500;SUBMISSION;Mark 38;HYDROGEL_PACK;XIREC;9998.0;5
752500;SUBMISSION;;VEV_5100;XIREC;138.0;5
753400;Mark 38;SUBMISSION;HYDROGEL_PACK;XIREC;10007.0;4
755000;Mark 14;Mark 38;HYDROGEL_PACK;XIREC;10002.0;4
756000;Mark 49;Mark 55;VELVETFRUIT_EXTRACT;XIREC;5225.0;7
757200;Mark 38;SUBMISSION;VEV_4000;XIREC;1229.0;1
757200;Mark 38;Mark 14;VEV_4000;XIREC;1230.0;1
758100;Mark 14;Mark 55;VELVETFRUIT_EXTRACT;XIREC;5213.0;8
759500;Mark 14;Mark 38;HYDROGEL_PACK;XIREC;10016.0;2
761000;SUBMISSION;;VEV_5100;XIREC;140.0;1
761800;Mark 14;Mark 55;VELVETFRUIT_EXTRACT;XIREC;5224.0;7
762200;Mark 38;Mark 14;VEV_4000;XIREC;1236.0;2
762600;Mark 01;Mark 55;VELVETFRUIT_EXTRACT;XIREC;5225.0;6
762800;Mark 55;Mark 14;VELVETFRUIT_EXTRACT;XIREC;5231.0;6
763500;SUBMISSION;;VEV_4000;XIREC;1222.0;5
763500;SUBMISSION;;VEV_4500;XIREC;722.0;5
763500;;SUBMISSION;VEV_5100;XIREC;138.0;7
763500;Mark 01;Mark 22;VEV_5400;XIREC;7.0;5
763500;Mark 01;Mark 22;VEV_5500;XIREC;2.0;5
763500;Mark 01;Mark 22;VEV_6000;XIREC;0.0;5
763500;Mark 01;Mark 22;VEV_6500;XIREC;0.0;5
763700;SUBMISSION;;VEV_5100;XIREC;143.0;1
763800;SUBMISSION;;VEV_5100;XIREC;144.0;1
764000;SUBMISSION;;VEV_4000;XIREC;1227.0;3
764000;SUBMISSION;;VEV_4500;XIREC;727.0;3
764000;;SUBMISSION;VEV_5100;XIREC;141.0;27
764000;Mark 14;Mark 22;VEV_5300;XIREC;32.0;3
764000;Mark 01;Mark 22;VEV_5400;XIREC;8.0;3
764000;Mark 01;Mark 22;VEV_5500;XIREC;2.0;3
764000;Mark 01;Mark 22;VEV_6000;XIREC;0.0;3
764000;Mark 01;Mark 22;VEV_6500;XIREC;0.0;3
764100;SUBMISSION;;VEV_5100;XIREC;143.0;8
764100;SUBMISSION;;VEV_5100;XIREC;144.0;17
764200;SUBMISSION;;VEV_5100;XIREC;144.0;2
766000;Mark 55;Mark 14;VELVETFRUIT_EXTRACT;XIREC;5228.0;4
766500;Mark 14;Mark 38;HYDROGEL_PACK;XIREC;10039.0;4
767700;Mark 38;Mark 14;HYDROGEL_PACK;XIREC;10043.0;6
771300;Mark 38;SUBMISSION;HYDROGEL_PACK;XIREC;10050.0;4
771600;SUBMISSION;;VELVETFRUIT_EXTRACT;XIREC;5230.0;5
771600;Mark 67;Mark 49;VELVETFRUIT_EXTRACT;XIREC;5230.0;12
771800;Mark 55;Mark 01;VELVETFRUIT_EXTRACT;XIREC;5237.0;6
773800;SUBMISSION;Mark 55;VELVETFRUIT_EXTRACT;XIREC;5235.0;4
773800;Mark 14;Mark 55;VELVETFRUIT_EXTRACT;XIREC;5234.0;4
774200;Mark 38;SUBMISSION;VEV_4000;XIREC;1242.0;2
775300;Mark 14;Mark 38;HYDROGEL_PACK;XIREC;10028.0;4
775500;Mark 55;Mark 14;VELVETFRUIT_EXTRACT;XIREC;5242.0;7
777200;Mark 67;Mark 49;VELVETFRUIT_EXTRACT;XIREC;5238.0;10
779200;Mark 01;Mark 22;VEV_5300;XIREC;37.0;4
779200;Mark 01;Mark 22;VEV_5400;XIREC;10.0;4
779200;Mark 01;Mark 22;VEV_5500;XIREC;3.0;4
779200;Mark 01;Mark 22;VEV_6000;XIREC;0.0;4
779200;Mark 01;Mark 22;VEV_6500;XIREC;0.0;4
779700;Mark 55;Mark 22;VELVETFRUIT_EXTRACT;XIREC;5243.0;4
780000;Mark 38;Mark 14;HYDROGEL_PACK;XIREC;10035.0;3
781100;Mark 55;Mark 14;VELVETFRUIT_EXTRACT;XIREC;5241.0;7
781500;SUBMISSION;Mark 55;VELVETFRUIT_EXTRACT;XIREC;5236.0;3
781500;Mark 01;Mark 55;VELVETFRUIT_EXTRACT;XIREC;5235.0;4
781900;Mark 22;Mark 55;VELVETFRUIT_EXTRACT;XIREC;5235.0;5
783400;Mark 01;Mark 55;VELVETFRUIT_EXTRACT;XIREC;5238.0;6
