timestamp;buyer;seller;symbol;currency;price;quantity
0;;SUBMISSION;VELVETFRUIT_EXTRACT;SEASHELLS;5293;64
0;;SUBMISSION;VEV_5000;SEASHELLS;293;21
0;;SUBMISSION;VEV_5100;SEASHELLS;199;20
100;;SUBMISSION;VEV_4000;SEASHELLS;1296;4
100;;SUBMISSION;VEV_4500;SEASHELLS;796;4
100;;SUBMISSION;VEV_5000;SEASHELLS;297;4
100;;SUBMISSION;VEV_5000;SEASHELLS;294;7
100;;SUBMISSION;VEV_5000;SEASHELLS;293;20
100;;SUBMISSION;VEV_5100;SEASHELLS;202;4
100;;SUBMISSION;VEV_5100;SEASHELLS;200;7
100;;SUBMISSION;VEV_5100;SEASHELLS;199;2
200;;SUBMISSION;VEV_5000;SEASHELLS;294;20
200;;SUBMISSION;VEV_5100;SEASHELLS;200;6
200;;SUBMISSION;VEV_5100;SEASHELLS;199;14
300;;SUBMISSION;VEV_5000;SEASHELLS;294;7
300;;SUBMISSION;VEV_5000;SEASHELLS;293;18
300;;SUBMISSION;VEV_5100;SEASHELLS;200;7
300;;SUBMISSION;VEV_5100;SEASHELLS;199;8
400;;SUBMISSION;VEV_5100;SEASHELLS;199;11
400;;SUBMISSION;VEV_5100;SEASHELLS;198;8
1500;;SUBMISSION;VEV_5100;SEASHELLS;201;13
1700;SUBMISSION;Mark 38;VEV_4000;SEASHELLS;1288;2
4100;;SUBMISSION;VEV_4000;SEASHELLS;1294;5
4100;;SUBMISSION;VEV_4500;SEASHELLS;794;5
4400;Mark 38;SUBMISSION;HYDROGEL_PACK;SEASHELLS;10027;6
4700;;SUBMISSION;VEV_4000;SEASHELLS;1296;4
4700;;SUBMISSION;VEV_4500;SEASHELLS;796;4
5300;;SUBMISSION;HYDROGEL_PACK;SEASHELLS;10016;2
5400;;SUBMISSION;HYDROGEL_PACK;SEASHELLS;10017;3
5800;;SUBMISSION;VEV_4000;SEASHELLS;1296;5
5800;;SUBMISSION;VEV_4500;SEASHELLS;796;5
6300;;SUBMISSION;VEV_5000;SEASHELLS;294;3
7600;;SUBMISSION;VEV_4000;SEASHELLS;1296;2
17600;;SUBMISSION;VEV_4000;SEASHELLS;1283;2
17600;;SUBMISSION;VEV_4500;SEASHELLS;783;2
19200;Mark 38;SUBMISSION;HYDROGEL_PACK;SEASHELLS;10019;4
19500;Mark 38;SUBMISSION;HYDROGEL_PACK;SEASHELLS;10018;2
20900;;SUBMISSION;HYDROGEL_PACK;SEASHELLS;10010;1
21000;;SUBMISSION;HYDROGEL_PACK;SEASHELLS;10010;1
21100;;SUBMISSION;HYDROGEL_PACK;SEASHELLS;10011;3
21200;;SUBMISSION;HYDROGEL_PACK;SEASHELLS;10011;3
21300;;SUBMISSION;HYDROGEL_PACK;SEASHELLS;10010;1
21400;;SUBMISSION;HYDROGEL_PACK;SEASHELLS;10010;1
21500;;SUBMISSION;HYDROGEL_PACK;SEASHELLS;10013;6
21600;;SUBMISSION;HYDROGEL_PACK;SEASHELLS;10014;7
21700;;SUBMISSION;HYDROGEL_PACK;SEASHELLS;10014;7
21800;;SUBMISSION;HYDROGEL_PACK;SEASHELLS;10017;12
26500;;SUBMISSION;HYDROGEL_PACK;SEASHELLS;10014;5
27400;;SUBMISSION;HYDROGEL_PACK;SEASHELLS;10011;1
28000;;SUBMISSION;VELVETFRUIT_EXTRACT;SEASHELLS;5269;2
28000;Mark 55;SUBMISSION;VELVETFRUIT_EXTRACT;SEASHELLS;5274;5
31400;Mark 67;SUBMISSION;VELVETFRUIT_EXTRACT;SEASHELLS;5263;7
43600;SUBMISSION;Mark 38;VEV_4000;SEASHELLS;1241;1
55100;SUBMISSION;Mark 55;VELVETFRUIT_EXTRACT;SEASHELLS;5248;4
60600;SUBMISSION;Mark 38;VEV_4000;SEASHELLS;1240;2
61400;SUBMISSION;;VELVETFRUIT_EXTRACT;SEASHELLS;5247;8
62400;SUBMISSION;Mark 55;VELVETFRUIT_EXTRACT;SEASHELLS;5247;5
66300;;SUBMISSION;VELVETFRUIT_EXTRACT;SEASHELLS;5258;8
67600;Mark 55;SUBMISSION;VELVETFRUIT_EXTRACT;SEASHELLS;5260;7
76100;SUBMISSION;Mark 38;VEV_4000;SEASHELLS;1248;2
86100;SUBMISSION;Mark 55;VELVETFRUIT_EXTRACT;SEASHELLS;5245;6
87400;SUBMISSION;Mark 55;VELVETFRUIT_EXTRACT;SEASHELLS;5246;6
88300;SUBMISSION;Mark 55;VELVETFRUIT_EXTRACT;SEASHELLS;5246;6
92100;;SUBMISSION;VELVETFRUIT_EXTRACT;SEASHELLS;5254;2
92200;;SUBMISSION;VELVETFRUIT_EXTRACT;SEASHELLS;5254;3
93700;;SUBMISSION;VELVETFRUIT_EXTRACT;SEASHELLS;5254;3
93700;Mark 55;SUBMISSION;VELVETFRUIT_EXTRACT;SEASHELLS;5258;4
98400;Mark 55;SUBMISSION;VELVETFRUIT_EXTRACT;SEASHELLS;5257;8
103700;Mark 67;SUBMISSION;VELVETFRUIT_EXTRACT;SEASHELLS;5250;8
106800;SUBMISSION;Mark 38;VEV_4000;SEASHELLS;1240;2
108800;SUBMISSION;Mark 38;VEV_4000;SEASHELLS;1245;3
113100;SUBMISSION;;VEV_5000;SEASHELLS;243;1
113200;SUBMISSION;;VEV_5000;SEASHELLS;243;22
113300;SUBMISSION;;VEV_5000;SEASHELLS;242;9
113300;SUBMISSION;;VEV_5000;SEASHELLS;243;2
113400;SUBMISSION;;VEV_5000;SEASHELLS;241;9
113400;SUBMISSION;;VEV_5000;SEASHELLS;242;14
113400;SUBMISSION;;VEV_5100;SEASHELLS;150;6
113500;SUBMISSION;;VEV_5000;SEASHELLS;241;26
113500;SUBMISSION;;VEV_5100;SEASHELLS;150;4
113600;SUBMISSION;;VEV_5000;SEASHELLS;242;32
113700;SUBMISSION;;VEV_5000;SEASHELLS;242;6
113700;SUBMISSION;;VEV_5000;SEASHELLS;243;2
115100;SUBMISSION;;VEV_5000;SEASHELLS;245;5
115800;SUBMISSION;;VEV_5000;SEASHELLS;243;4
117300;SUBMISSION;;VEV_5000;SEASHELLS;241;12
117300;SUBMISSION;;VEV_5000;SEASHELLS;242;18
117400;SUBMISSION;;VEV_5000;SEASHELLS;238;9
117400;SUBMISSION;;VEV_5100;SEASHELLS;148;24
117500;SUBMISSION;;VEV_5000;SEASHELLS;240;27
117500;SUBMISSION;;VEV_5100;SEASHELLS;149;26
117600;SUBMISSION;;VEV_5100;SEASHELLS;149;14
118700;SUBMISSION;;VEV_4000;SEASHELLS;1236;4
119400;SUBMISSION;;VEV_5000;SEASHELLS;242;2
121500;Mark 38;SUBMISSION;HYDROGEL_PACK;SEASHELLS;10029;4
129800;SUBMISSION;Mark 38;VEV_4000;SEASHELLS;1234;1
145500;SUBMISSION;Mark 38;VEV_4000;SEASHELLS;1236;2
148800;SUBMISSION;Mark 38;VEV_4000;SEASHELLS;1235;2
150300;SUBMISSION;Mark 38;HYDROGEL_PACK;SEASHELLS;9989;3
150700;SUBMISSION;Mark 38;HYDROGEL_PACK;SEASHELLS;9991;3
151400;Mark 38;SUBMISSION;HYDROGEL_PACK;SEASHELLS;10014;6
155400;SUBMISSION;;VEV_4000;SEASHELLS;1239;2
155400;SUBMISSION;;VEV_4500;SEASHELLS;739;2
155400;Mark 38;SUBMISSION;VEV_5000;SEASHELLS;241;2
155900;SUBMISSION;;VEV_5000;SEASHELLS;245;1
156200;SUBMISSION;;VEV_5100;SEASHELLS;151;2
156300;SUBMISSION;;VEV_5100;SEASHELLS;150;10
156500;SUBMISSION;;VEV_5100;SEASHELLS;150;1
156700;SUBMISSION;;VEV_5100;SEASHELLS;148;8
156700;SUBMISSION;;VEV_5100;SEASHELLS;149;3
156800;SUBMISSION;;VEV_5100;SEASHELLS;148;7
156800;SUBMISSION;;VEV_5100;SEASHELLS;149;9
156900;SUBMISSION;;VEV_5100;SEASHELLS;148;28
157000;SUBMISSION;;VEV_5100;SEASHELLS;148;6
157000;SUBMISSION;;VEV_5100;SEASHELLS;149;8
157100;SUBMISSION;;VEV_5100;SEASHELLS;148;8
157100;SUBMISSION;;VEV_5100;SEASHELLS;149;13
157200;SUBMISSION;;VEV_5100;SEASHELLS;148;2
157300;SUBMISSION;;VEV_5100;SEASHELLS;148;6
157300;SUBMISSION;;VEV_5100;SEASHELLS;149;15
159400;SUBMISSION;;VEV_5000;SEASHELLS;242;1
165300;Mark 38;SUBMISSION;VEV_4000;SEASHELLS;1250;1
166000;SUBMISSION;;VEV_4000;SEASHELLS;1239;5
166000;SUBMISSION;;VEV_4500;SEASHELLS;739;5
166000;;SUBMISSION;VEV_5100;SEASHELLS;150;6
166400;SUBMISSION;;VEV_5100;SEASHELLS;153;5
175100;Mark 38;SUBMISSION;VEV_4000;SEASHELLS;1258;3
180300;Mark 38;SUBMISSION;VEV_4000;SEASHELLS;1257;2
189100;SUBMISSION;Mark 38;HYDROGEL_PACK;SEASHELLS;9993;4
198100;SUBMISSION;;VEV_5100;SEASHELLS;155;1
202200;SUBMISSION;Mark 38;HYDROGEL_PACK;SEASHELLS;9996;5
203300;SUBMISSION;Mark 38;HYDROGEL_PACK;SEASHELLS;10001;4
204800;SUBMISSION;Mark 38;HYDROGEL_PACK;SEASHELLS;9994;4
205100;SUBMISSION;Mark 38;HYDROGEL_PACK;SEASHELLS;9987;5
205400;Mark 38;SUBMISSION;HYDROGEL_PACK;SEASHELLS;10004;4
206300;SUBMISSION;Mark 38;HYDROGEL_PACK;SEASHELLS;9982;6
206400;SUBMISSION;;HYDROGEL_PACK;SEASHELLS;9991;9
206400;SUBMISSION;;HYDROGEL_PACK;SEASHELLS;9999;1
206800;SUBMISSION;;HYDROGEL_PACK;SEASHELLS;9993;5
206900;SUBMISSION;;HYDROGEL_PACK;SEASHELLS;9993;5
207000;SUBMISSION;;HYDROGEL_PACK;SEASHELLS;9996;1
207200;SUBMISSION;;HYDROGEL_PACK;SEASHELLS;9995;2
207300;SUBMISSION;;HYDROGEL_PACK;SEASHELLS;9993;6
207400;SUBMISSION;;HYDROGEL_PACK;SEASHELLS;9994;4
207500;SUBMISSION;;HYDROGEL_PACK;SEASHELLS;9992;7
207600;SUBMISSION;;HYDROGEL_PACK;SEASHELLS;9991;9
207700;SUBMISSION;;HYDROGEL_PACK;SEASHELLS;9992;7
207800;SUBMISSION;;HYDROGEL_PACK;SEASHELLS;9991;9
207900;SUBMISSION;;HYDROGEL_PACK;SEASHELLS;9991;9
208000;SUBMISSION;;HYDROGEL_PACK;SEASHELLS;9983;4
208000;SUBMISSION;;HYDROGEL_PACK;SEASHELLS;9991;10
208000;SUBMISSION;;HYDROGEL_PACK;SEASHELLS;9994;1
208100;SUBMISSION;;HYDROGEL_PACK;SEASHELLS;9991;9
208600;SUBMISSION;;HYDROGEL_PACK;SEASHELLS;9989;12
213400;SUBMISSION;Mark 38;HYDROGEL_PACK;SEASHELLS;9995;3
216500;;SUBMISSION;HYDROGEL_PACK;SEASHELLS;10006;1
217000;;SUBMISSION;HYDROGEL_PACK;SEASHELLS;10010;9
217100;;SUBMISSION;HYDROGEL_PACK;SEASHELLS;10013;6
217100;Mark 38;SUBMISSION;HYDROGEL_PACK;SEASHELLS;10019;3
217200;;SUBMISSION;HYDROGEL_PACK;SEASHELLS;10011;10
217200;;SUBMISSION;HYDROGEL_PACK;SEASHELLS;10008;2
217300;;SUBMISSION;HYDROGEL_PACK;SEASHELLS;10012;11
217300;;SUBMISSION;HYDROGEL_PACK;SEASHELLS;10010;1
217400;;SUBMISSION;HYDROGEL_PACK;SEASHELLS;10014;11
217400;;SUBMISSION;HYDROGEL_PACK;SEASHELLS;10011;5
217500;;SUBMISSION;HYDROGEL_PACK;SEASHELLS;10015;15
217500;;SUBMISSION;HYDROGEL_PACK;SEASHELLS;10012;3
217600;;SUBMISSION;HYDROGEL_PACK;SEASHELLS;10016;13
217600;;SUBMISSION;HYDROGEL_PACK;SEASHELLS;10013;7
217700;;SUBMISSION;HYDROGEL_PACK;SEASHELLS;10019;15
217700;;SUBMISSION;HYDROGEL_PACK;SEASHELLS;10016;10
218300;SUBMISSION;;VEV_4000;SEASHELLS;1228;5
218300;SUBMISSION;;VEV_4500;SEASHELLS;728;5
218400;;SUBMISSION;HYDROGEL_PACK;SEASHELLS;10011;10
220800;;SUBMISSION;VEV_5100;SEASHELLS;144;22
222400;SUBMISSION;;VEV_4000;SEASHELLS;1227;2
222400;SUBMISSION;;VEV_4500;SEASHELLS;727;2
222600;SUBMISSION;;VEV_5100;SEASHELLS;142;2
223100;;SUBMISSION;HYDROGEL_PACK;SEASHELLS;10007;1
226700;SUBMISSION;;HYDROGEL_PACK;SEASHELLS;9997;3
226800;SUBMISSION;;HYDROGEL_PACK;SEASHELLS;9996;4
226900;SUBMISSION;;HYDROGEL_PACK;SEASHELLS;9997;3
227000;SUBMISSION;;HYDROGEL_PACK;SEASHELLS;9997;3
227100;SUBMISSION;;HYDROGEL_PACK;SEASHELLS;9995;6
227200;SUBMISSION;;HYDROGEL_PACK;SEASHELLS;9994;8
227300;SUBMISSION;;HYDROGEL_PACK;SEASHELLS;9993;10
227400;SUBMISSION;;HYDROGEL_PACK;SEASHELLS;9997;3
227500;SUBMISSION;;HYDROGEL_PACK;SEASHELLS;9997;3
227600;SUBMISSION;;HYDROGEL_PACK;SEASHELLS;9995;6
227700;SUBMISSION;;HYDROGEL_PACK;SEASHELLS;9993;10
227900;SUBMISSION;;HYDROGEL_PACK;SEASHELLS;9994;8
228000;SUBMISSION;;HYDROGEL_PACK;SEASHELLS;9993;10
228100;SUBMISSION;;HYDROGEL_PACK;SEASHELLS;9987;13
228100;SUBMISSION;;HYDROGEL_PACK;SEASHELLS;9990;8
228200;SUBMISSION;;HYDROGEL_PACK;SEASHELLS;9988;11
228200;SUBMISSION;;HYDROGEL_PACK;SEASHELLS;9991;8
228400;SUBMISSION;;HYDROGEL_PACK;SEASHELLS;9993;10
228600;SUBMISSION;;HYDROGEL_PACK;SEASHELLS;9997;3
229500;Mark 38;SUBMISSION;VEV_4000;SEASHELLS;1251;2
234700;Mark 38;SUBMISSION;VEV_4000;SEASHELLS;1243;2
235900;SUBMISSION;Mark 38;HYDROGEL_PACK;SEASHELLS;9993;3
236300;SUBMISSION;Mark 38;HYDROGEL_PACK;SEASHELLS;9995;4
237000;;SUBMISSION;HYDROGEL_PACK;SEASHELLS;10006;1
237100;;SUBMISSION;HYDROGEL_PACK;SEASHELLS;10007;2
237500;;SUBMISSION;HYDROGEL_PACK;SEASHELLS;10007;2
237600;;SUBMISSION;HYDROGEL_PACK;SEASHELLS;10010;8
237700;;SUBMISSION;HYDROGEL_PACK;SEASHELLS;10012;11
237800;;SUBMISSION;HYDROGEL_PACK;SEASHELLS;10014;10
237800;;SUBMISSION;HYDROGEL_PACK;SEASHELLS;10012;5
237900;;SUBMISSION;HYDROGEL_PACK;SEASHELLS;10011;10
238000;;SUBMISSION;HYDROGEL_PACK;SEASHELLS;10008;4
238100;;SUBMISSION;HYDROGEL_PACK;SEASHELLS;10009;6
238200;;SUBMISSION;HYDROGEL_PACK;SEASHELLS;10008;4
238200;SUBMISSION;;VEV_5100;SEASHELLS;140;2
238300;SUBMISSION;;VEV_5100;SEASHELLS;141;6
239600;;SUBMISSION;HYDROGEL_PACK;SEASHELLS;10007;3
239700;;SUBMISSION;HYDROGEL_PACK;SEASHELLS;10011;10
239800;;SUBMISSION;HYDROGEL_PACK;SEASHELLS;10011;10
239900;;SUBMISSION;HYDROGEL_PACK;SEASHELLS;10012;12
240000;;SUBMISSION;HYDROGEL_PACK;SEASHELLS;10013;11
240000;;SUBMISSION;HYDROGEL_PACK;SEASHELLS;10010;3
240100;;SUBMISSION;HYDROGEL_PACK;SEASHELLS;10013;14
240300;;SUBMISSION;HYDROGEL_PACK;SEASHELLS;10009;6
243100;;SUBMISSION;HYDROGEL_PACK;SEASHELLS;10006;1
243200;;SUBMISSION;HYDROGEL_PACK;SEASHELLS;10008;4
243300;SUBMISSION;;VEV_5100;SEASHELLS;149;4
243700;SUBMISSION;;VEV_4000;SEASHELLS;1235;2
243700;SUBMISSION;;VEV_4500;SEASHELLS;735;2
243700;;SUBMISSION;VEV_5100;SEASHELLS;146;6
243800;SUBMISSION;;VEV_5100;SEASHELLS;150;3
244500;SUBMISSION;;VEV_5100;SEASHELLS;149;2
244600;SUBMISSION;;VEV_5100;SEASHELLS;148;4
246100;SUBMISSION;;VEV_5100;SEASHELLS;150;4
250200;SUBMISSION;;VEV_4000;SEASHELLS;1237;5
252700;Mark 38;SUBMISSION;VEV_4000;SEASHELLS;1249;1
253400;;SUBMISSION;VEV_5100;SEASHELLS;152;10
259200;Mark 38;SUBMISSION;HYDROGEL_PACK;SEASHELLS;10022;4
261600;SUBMISSION;Mark 38;HYDROGEL_PACK;SEASHELLS;9996;6
262100;Mark 38;SUBMISSION;HYDROGEL_PACK;SEASHELLS;10010;6
265900;SUBMISSION;Mark 38;HYDROGEL_PACK;SEASHELLS;9983;6
266400;SUBMISSION;;VEV_5100;SEASHELLS;149;8
266700;SUBMISSION;;VEV_5100;SEASHELLS;152;2
268100;Mark 38;SUBMISSION;VEV_4000;SEASHELLS;1246;3
268800;Mark 38;SUBMISSION;HYDROGEL_PACK;SEASHELLS;10004;2
269000;SUBMISSION;;VEV_4000;SEASHELLS;1237;2
269000;SUBMISSION;;VEV_4500;SEASHELLS;737;2
270900;SUBMISSION;Mark 38;HYDROGEL_PACK;SEASHELLS;9995;6
273400;;SUBMISSION;VEV_5100;SEASHELLS;147;7
277800;SUBMISSION;Mark 38;HYDROGEL_PACK;SEASHELLS;9991;6
281800;;SUBMISSION;HYDROGEL_PACK;SEASHELLS;10005;1
281900;Mark 38;SUBMISSION;HYDROGEL_PACK;SEASHELLS;10019;2
282100;;SUBMISSION;HYDROGEL_PACK;SEASHELLS;10005;1
282200;;SUBMISSION;HYDROGEL_PACK;SEASHELLS;10007;5
282300;;SUBMISSION;HYDROGEL_PACK;SEASHELLS;10006;3
290600;SUBMISSION;;VEV_5100;SEASHELLS;144;6
290900;SUBMISSION;;VEV_4000;SEASHELLS;1229;4
290900;SUBMISSION;;VEV_4500;SEASHELLS;729;4
290900;;SUBMISSION;VEV_5100;SEASHELLS;141;10
292300;SUBMISSION;;VEV_5100;SEASHELLS;142;1
292700;SUBMISSION;;VEV_5100;SEASHELLS;143;1
293600;SUBMISSION;;VEV_5100;SEASHELLS;142;10
296500;Mark 38;SUBMISSION;VEV_4000;SEASHELLS;1231;3
302500;SUBMISSION;;HYDROGEL_PACK;SEASHELLS;9999;1
302600;SUBMISSION;;HYDROGEL_PACK;SEASHELLS;9999;1
306100;SUBMISSION;Mark 38;HYDROGEL_PACK;SEASHELLS;10000;4
307500;SUBMISSION;;HYDROGEL_PACK;SEASHELLS;9999;2
307700;SUBMISSION;;HYDROGEL_PACK;SEASHELLS;10000;1
307800;SUBMISSION;;HYDROGEL_PACK;SEASHELLS;9998;6
307900;SUBMISSION;;HYDROGEL_PACK;SEASHELLS;10000;1
308000;SUBMISSION;;HYDROGEL_PACK;SEASHELLS;9993;6
308000;SUBMISSION;;HYDROGEL_PACK;SEASHELLS;10001;2
308700;SUBMISSION;;HYDROGEL_PACK;SEASHELLS;10000;2
308900;SUBMISSION;;HYDROGEL_PACK;SEASHELLS;9997;9
309000;SUBMISSION;;HYDROGEL_PACK;SEASHELLS;9998;6
309100;SUBMISSION;;HYDROGEL_PACK;SEASHELLS;9996;11
309200;SUBMISSION;;HYDROGEL_PACK;SEASHELLS;9999;4
309400;SUBMISSION;;HYDROGEL_PACK;SEASHELLS;9999;4
309500;SUBMISSION;;HYDROGEL_PACK;SEASHELLS;9999;4
310200;SUBMISSION;;HYDROGEL_PACK;SEASHELLS;9998;7
310300;SUBMISSION;;HYDROGEL_PACK;SEASHELLS;9997;9
310400;SUBMISSION;;HYDROGEL_PACK;SEASHELLS;9999;5
310500;SUBMISSION;;HYDROGEL_PACK;SEASHELLS;9997;9
310600;SUBMISSION;;HYDROGEL_PACK;SEASHELLS;9997;9
310700;SUBMISSION;;HYDROGEL_PACK;SEASHELLS;9992;13
310700;SUBMISSION;;HYDROGEL_PACK;SEASHELLS;9995;8
315200;SUBMISSION;;HYDROGEL_PACK;SEASHELLS;9998;5
315800;;SUBMISSION;VEV_5100;SEASHELLS;138;31
316200;SUBMISSION;;HYDROGEL_PACK;SEASHELLS;10000;1
324700;SUBMISSION;;VEV_5100;SEASHELLS;142;5
325400;SUBMISSION;;VEV_5100;SEASHELLS;144;7
325400;SUBMISSION;;VEV_5100;SEASHELLS;145;1
325800;SUBMISSION;;VEV_5100;SEASHELLS;144;5
329200;SUBMISSION;;VEV_4000;SEASHELLS;1232;5
329200;SUBMISSION;;VEV_4500;SEASHELLS;732;5
332700;SUBMISSION;Mark 38;HYDROGEL_PACK;SEASHELLS;9987;5
332900;Mark 38;SUBMISSION;VEV_4000;SEASHELLS;1246;3
334800;Mark 38;SUBMISSION;VEV_4000;SEASHELLS;1246;2
336500;;SUBMISSION;HYDROGEL_PACK;SEASHELLS;10007;4
336600;;SUBMISSION;HYDROGEL_PACK;SEASHELLS;10006;2
336700;;SUBMISSION;HYDROGEL_PACK;SEASHELLS;10006;2
336800;;SUBMISSION;HYDROGEL_PACK;SEASHELLS;10007;4
336900;;SUBMISSION;HYDROGEL_PACK;SEASHELLS;10007;4
337000;;SUBMISSION;HYDROGEL_PACK;SEASHELLS;10009;8
337100;;SUBMISSION;HYDROGEL_PACK;SEASHELLS;10010;10
337200;;SUBMISSION;HYDROGEL_PACK;SEASHELLS;10010;10
337300;;SUBMISSION;HYDROGEL_PACK;SEASHELLS;10010;10
337400;;SUBMISSION;HYDROGEL_PACK;SEASHELLS;10012;11
337400;;SUBMISSION;HYDROGEL_PACK;SEASHELLS;10009;3
337500;;SUBMISSION;HYDROGEL_PACK;SEASHELLS;10015;13
337500;;SUBMISSION;HYDROGEL_PACK;SEASHELLS;10013;7
337600;;SUBMISSION;HYDROGEL_PACK;SEASHELLS;10016;11
337600;;SUBMISSION;HYDROGEL_PACK;SEASHELLS;10013;11
338200;;SUBMISSION;HYDROGEL_PACK;SEASHELLS;10017;10
338200;;SUBMISSION;HYDROGEL_PACK;SEASHELLS;10014;13
339800;Mark 38;SUBMISSION;VEV_4000;SEASHELLS;1239;1
344400;Mark 38;SUBMISSION;VEV_4000;SEASHELLS;1238;1
345900;Mark 38;SUBMISSION;VEV_4000;SEASHELLS;1239;2
350300;;SUBMISSION;VEV_5100;SEASHELLS;136;28
357600;SUBMISSION;;VEV_5100;SEASHELLS;135;1
362400;Mark 38;SUBMISSION;VEV_4000;SEASHELLS;1228;3
362800;SUBMISSION;;VEV_5100;SEASHELLS;138;10
362900;SUBMISSION;;VEV_5100;SEASHELLS;138;6
362900;SUBMISSION;;VEV_5100;SEASHELLS;139;3
363100;SUBMISSION;;VEV_4000;SEASHELLS;1224;2
363100;SUBMISSION;;VEV_4500;SEASHELLS;724;2
363100;;SUBMISSION;VEV_5100;SEASHELLS;137;8
363300;SUBMISSION;;VEV_5100;SEASHELLS;141;1
363500;SUBMISSION;;VEV_5100;SEASHELLS;140;5
363600;SUBMISSION;;VEV_5100;SEASHELLS;138;11
363700;SUBMISSION;;VEV_5100;SEASHELLS;138;10
364700;SUBMISSION;;VEV_4000;SEASHELLS;1223;3
364700;SUBMISSION;;VEV_4500;SEASHELLS;723;3
364700;SUBMISSION;;VEV_5100;SEASHELLS;137;2
364700;;SUBMISSION;VEV_5100;SEASHELLS;136;26
364900;SUBMISSION;;VEV_5100;SEASHELLS;139;18
365000;SUBMISSION;;VEV_5100;SEASHELLS;138;4
365100;SUBMISSION;;VEV_5100;SEASHELLS;138;1
366700;SUBMISSION;;VEV_5100;SEASHELLS;139;1
367300;SUBMISSION;;VEV_5100;SEASHELLS;141;1
369800;SUBMISSION;;VEV_4000;SEASHELLS;1228;5
369800;SUBMISSION;;VEV_4500;SEASHELLS;728;2
380200;Mark 38;SUBMISSION;HYDROGEL_PACK;SEASHELLS;10033;6
385400;;SUBMISSION;VEV_5100;SEASHELLS;150;6
389100;;SUBMISSION;VEV_5100;SEASHELLS;150;31
389300;Mark 38;SUBMISSION;VEV_4000;SEASHELLS;1249;3
390200;SUBMISSION;Mark 38;HYDROGEL_PACK;SEASHELLS;9997;2
392500;Mark 38;SUBMISSION;VEV_4000;SEASHELLS;1257;1
395400;Mark 38;SUBMISSION;VEV_4000;SEASHELLS;1258;3
396700;Mark 38;SUBMISSION;VEV_4000;SEASHELLS;1262;3
397300;Mark 38;SUBMISSION;VEV_4000;SEASHELLS;1261;1
397900;Mark 38;SUBMISSION;VEV_4000;SEASHELLS;1261;1
404300;SUBMISSION;Mark 38;HYDROGEL_PACK;SEASHELLS;9994;6
406000;SUBMISSION;;HYDROGEL_PACK;SEASHELLS;9994;1
409100;SUBMISSION;;HYDROGEL_PACK;SEASHELLS;9995;1
409100;SUBMISSION;Mark 38;HYDROGEL_PACK;SEASHELLS;9980;3
409300;SUBMISSION;;HYDROGEL_PACK;SEASHELLS;9991;1
409800;SUBMISSION;;HYDROGEL_PACK;SEASHELLS;9993;4
409900;SUBMISSION;;HYDROGEL_PACK;SEASHELLS;9994;3
410000;SUBMISSION;;HYDROGEL_PACK;SEASHELLS;9992;6
410100;SUBMISSION;;HYDROGEL_PACK;SEASHELLS;9987;11
410100;SUBMISSION;;HYDROGEL_PACK;SEASHELLS;9990;2
410200;SUBMISSION;;HYDROGEL_PACK;SEASHELLS;9985;13
410200;SUBMISSION;;HYDROGEL_PACK;SEASHELLS;9987;3
410300;SUBMISSION;;HYDROGEL_PACK;SEASHELLS;9984;10
410300;SUBMISSION;;HYDROGEL_PACK;SEASHELLS;9986;7
410400;SUBMISSION;;HYDROGEL_PACK;SEASHELLS;9984;11
410400;SUBMISSION;;HYDROGEL_PACK;SEASHELLS;9986;6
410500;SUBMISSION;;HYDROGEL_PACK;SEASHELLS;9981;12
410500;SUBMISSION;;HYDROGEL_PACK;SEASHELLS;9984;10
410600;SUBMISSION;;HYDROGEL_PACK;SEASHELLS;9982;13
410600;SUBMISSION;;HYDROGEL_PACK;SEASHELLS;9984;7
412200;SUBMISSION;;HYDROGEL_PACK;SEASHELLS;9994;2
417100;Mark 38;SUBMISSION;HYDROGEL_PACK;SEASHELLS;10012;4
417300;SUBMISSION;;VEV_5100;SEASHELLS;142;1
418800;;SUBMISSION;HYDROGEL_PACK;SEASHELLS;10008;2
418900;;SUBMISSION;HYDROGEL_PACK;SEASHELLS;10008;2
419000;;SUBMISSION;HYDROGEL_PACK;SEASHELLS;10011;7
419100;;SUBMISSION;HYDROGEL_PACK;SEASHELLS;10013;10
419200;;SUBMISSION;HYDROGEL_PACK;SEASHELLS;10013;10
419300;;SUBMISSION;HYDROGEL_PACK;SEASHELLS;10014;10
419300;;SUBMISSION;HYDROGEL_PACK;SEASHELLS;10012;2
419400;;SUBMISSION;HYDROGEL_PACK;SEASHELLS;10014;11
419400;;SUBMISSION;HYDROGEL_PACK;SEASHELLS;10011;1
419500;;SUBMISSION;HYDROGEL_PACK;SEASHELLS;10016;10
419500;;SUBMISSION;HYDROGEL_PACK;SEASHELLS;10014;5
419600;;SUBMISSION;HYDROGEL_PACK;SEASHELLS;10016;13
419600;;SUBMISSION;HYDROGEL_PACK;SEASHELLS;10014;2
419700;;SUBMISSION;HYDROGEL_PACK;SEASHELLS;10016;15
419800;;SUBMISSION;HYDROGEL_PACK;SEASHELLS;10015;13
419800;;SUBMISSION;HYDROGEL_PACK;SEASHELLS;10013;1
419900;;SUBMISSION;HYDROGEL_PACK;SEASHELLS;10012;9
420700;;SUBMISSION;HYDROGEL_PACK;SEASHELLS;10008;2
422600;;SUBMISSION;HYDROGEL_PACK;SEASHELLS;10007;1
426100;SUBMISSION;;VEV_5100;SEASHELLS;137;6
426300;SUBMISSION;;VEV_5100;SEASHELLS;135;7
426600;SUBMISSION;;VEV_5100;SEASHELLS;135;8
426700;SUBMISSION;;VEV_5100;SEASHELLS;135;7
426900;SUBMISSION;;VEV_5100;SEASHELLS;135;5
427000;SUBMISSION;;VEV_5100;SEASHELLS;135;2
427800;SUBMISSION;;VEV_5100;SEASHELLS;135;1
428900;SUBMISSION;;VEV_4000;SEASHELLS;1219;5
428900;SUBMISSION;;VEV_4500;SEASHELLS;719;5
428900;;SUBMISSION;VEV_5100;SEASHELLS;133;9
430100;SUBMISSION;;VEV_5100;SEASHELLS;132;3
430500;SUBMISSION;;VEV_5100;SEASHELLS;131;7
431900;SUBMISSION;;VEV_4000;SEASHELLS;1215;5
431900;SUBMISSION;;VEV_4500;SEASHELLS;715;5
431900;;SUBMISSION;VEV_5100;SEASHELLS;130;9
441300;SUBMISSION;;VEV_5100;SEASHELLS;137;2
441700;SUBMISSION;;VEV_5100;SEASHELLS;134;5
442200;;SUBMISSION;VEV_5100;SEASHELLS;128;6
451300;;SUBMISSION;VEV_5100;SEASHELLS;126;7
452100;Mark 38;SUBMISSION;VEV_4000;SEASHELLS;1217;1
456300;SUBMISSION;;VEV_5100;SEASHELLS;132;12
456600;SUBMISSION;;VEV_4000;SEASHELLS;1213;2
456600;SUBMISSION;;VEV_4500;SEASHELLS;713;2
459800;SUBMISSION;;VEV_4000;SEASHELLS;1213;2
459800;SUBMISSION;;VEV_4500;SEASHELLS;713;2
459800;;SUBMISSION;VEV_5100;SEASHELLS;128;12
460100;SUBMISSION;;VEV_5100;SEASHELLS;131;8
460200;SUBMISSION;;VEV_5100;SEASHELLS;130;7
471200;Mark 38;SUBMISSION;VEV_4000;SEASHELLS;1221;1
480200;Mark 38;SUBMISSION;HYDROGEL_PACK;SEASHELLS;10039;5
481700;Mark 38;SUBMISSION;VEV_4000;SEASHELLS;1224;2
485500;SUBMISSION;;VEV_4000;SEASHELLS;1216;2
485500;SUBMISSION;;VEV_4500;SEASHELLS;716;2
489900;Mark 38;SUBMISSION;VEV_4000;SEASHELLS;1221;3
491400;Mark 38;SUBMISSION;VEV_4000;SEASHELLS;1217;1
492500;Mark 38;SUBMISSION;VEV_4000;SEASHELLS;1222;2
510600;Mark 38;SUBMISSION;VEV_4000;SEASHELLS;1216;1
511000;Mark 38;SUBMISSION;VEV_4000;SEASHELLS;1212;2
516400;SUBMISSION;;VEV_4000;SEASHELLS;1211;4
516400;SUBMISSION;;VEV_4500;SEASHELLS;711;4
516400;;SUBMISSION;VEV_5100;SEASHELLS;126;11
517000;SUBMISSION;;VEV_5100;SEASHELLS;128;1
517800;SUBMISSION;;VEV_5100;SEASHELLS;129;6
524000;;SUBMISSION;VEV_5100;SEASHELLS;121;34
529600;;SUBMISSION;VEV_5100;SEASHELLS;117;24
531500;;SUBMISSION;VEV_5100;SEASHELLS;117;22
534000;Mark 38;SUBMISSION;VEV_4000;SEASHELLS;1202;2
535400;;SUBMISSION;VEV_5100;SEASHELLS;112;16
540200;SUBMISSION;;VEV_5100;SEASHELLS;120;7
540300;Mark 38;SUBMISSION;HYDROGEL_PACK;SEASHELLS;10008;4
541400;SUBMISSION;;VEV_5100;SEASHELLS;124;6
541600;SUBMISSION;;VEV_5100;SEASHELLS;124;2
541700;SUBMISSION;;VEV_5100;SEASHELLS;125;1
541800;SUBMISSION;;VEV_5100;SEASHELLS;125;2
542300;SUBMISSION;;VEV_5100;SEASHELLS;124;9
542500;SUBMISSION;Mark 38;HYDROGEL_PACK;SEASHELLS;9996;3
543100;SUBMISSION;;VEV_5100;SEASHELLS;128;3
547600;SUBMISSION;;VEV_4000;SEASHELLS;1207;4
547600;SUBMISSION;;VEV_4500;SEASHELLS;707;4
547600;;SUBMISSION;VEV_5100;SEASHELLS;122;29
548500;SUBMISSION;;VEV_5100;SEASHELLS;124;4
551600;SUBMISSION;;VEV_4000;SEASHELLS;1213;4
551600;SUBMISSION;;VEV_4500;SEASHELLS;713;4
551600;;SUBMISSION;VEV_5100;SEASHELLS;127;5
551800;SUBMISSION;Mark 38;HYDROGEL_PACK;SEASHELLS;9996;2
555500;Mark 38;SUBMISSION;HYDROGEL_PACK;SEASHELLS;10005;5
558600;Mark 38;SUBMISSION;VEV_4000;SEASHELLS;1228;2
566500;Mark 38;SUBMISSION;VEV_4000;SEASHELLS;1236;2
570300;SUBMISSION;;HYDROGEL_PACK;SEASHELLS;9996;2
570400;SUBMISSION;;HYDROGEL_PACK;SEASHELLS;9995;4
570500;SUBMISSION;;HYDROGEL_PACK;SEASHELLS;9992;9
570600;SUBMISSION;;HYDROGEL_PACK;SEASHELLS;9992;9
570700;SUBMISSION;;HYDROGEL_PACK;SEASHELLS;9992;9
570800;SUBMISSION;;HYDROGEL_PACK;SEASHELLS;9995;4
570900;SUBMISSION;;HYDROGEL_PACK;SEASHELLS;9994;6
571000;SUBMISSION;;HYDROGEL_PACK;SEASHELLS;9993;7
571100;SUBMISSION;;HYDROGEL_PACK;SEASHELLS;9993;7
571200;SUBMISSION;;HYDROGEL_PACK;SEASHELLS;9995;4
571400;SUBMISSION;;HYDROGEL_PACK;SEASHELLS;9997;1
573400;SUBMISSION;;HYDROGEL_PACK;SEASHELLS;9997;1
574100;SUBMISSION;;HYDROGEL_PACK;SEASHELLS;9996;4
574200;SUBMISSION;;HYDROGEL_PACK;SEASHELLS;9994;7
574300;SUBMISSION;;HYDROGEL_PACK;SEASHELLS;9993;9
574400;SUBMISSION;;HYDROGEL_PACK;SEASHELLS;9992;11
574500;SUBMISSION;;HYDROGEL_PACK;SEASHELLS;9989;15
574500;SUBMISSION;;HYDROGEL_PACK;SEASHELLS;9992;1
574600;SUBMISSION;;HYDROGEL_PACK;SEASHELLS;9989;12
574600;SUBMISSION;;HYDROGEL_PACK;SEASHELLS;9992;4
575400;SUBMISSION;;HYDROGEL_PACK;SEASHELLS;9992;10
577300;SUBMISSION;;HYDROGEL_PACK;SEASHELLS;9996;3
579000;Mark 38;SUBMISSION;VEV_4000;SEASHELLS;1233;3
581300;SUBMISSION;;VEV_5100;SEASHELLS;138;4
583100;;SUBMISSION;VEV_5100;SEASHELLS;132;4
590000;Mark 38;SUBMISSION;HYDROGEL_PACK;SEASHELLS;10017;4
590500;SUBMISSION;Mark 38;HYDROGEL_PACK;SEASHELLS;9994;3
591200;Mark 38;SUBMISSION;HYDROGEL_PACK;SEASHELLS;10015;5
592700;;SUBMISSION;HYDROGEL_PACK;SEASHELLS;10005;3
592800;;SUBMISSION;HYDROGEL_PACK;SEASHELLS;10006;5
592900;;SUBMISSION;HYDROGEL_PACK;SEASHELLS;10007;7
593000;;SUBMISSION;HYDROGEL_PACK;SEASHELLS;10007;7
593100;;SUBMISSION;HYDROGEL_PACK;SEASHELLS;10006;5
593200;;SUBMISSION;HYDROGEL_PACK;SEASHELLS;10004;1
593300;;SUBMISSION;HYDROGEL_PACK;SEASHELLS;10005;3
595300;;SUBMISSION;HYDROGEL_PACK;SEASHELLS;10004;2
595400;;SUBMISSION;HYDROGEL_PACK;SEASHELLS;10004;2
595500;;SUBMISSION;HYDROGEL_PACK;SEASHELLS;10005;4
595600;;SUBMISSION;HYDROGEL_PACK;SEASHELLS;10005;4
595700;;SUBMISSION;HYDROGEL_PACK;SEASHELLS;10006;6
595800;;SUBMISSION;HYDROGEL_PACK;SEASHELLS;10004;2
596000;;SUBMISSION;HYDROGEL_PACK;SEASHELLS;10006;6
596100;;SUBMISSION;HYDROGEL_PACK;SEASHELLS;10007;9
596200;;SUBMISSION;HYDROGEL_PACK;SEASHELLS;10009;13
596300;;SUBMISSION;HYDROGEL_PACK;SEASHELLS;10011;10
596300;;SUBMISSION;HYDROGEL_PACK;SEASHELLS;10009;8
596400;;SUBMISSION;HYDROGEL_PACK;SEASHELLS;10010;11
596400;;SUBMISSION;HYDROGEL_PACK;SEASHELLS;10008;4
597200;SUBMISSION;;VEV_5100;SEASHELLS;137;3
597900;;SUBMISSION;HYDROGEL_PACK;SEASHELLS;10009;12
599100;SUBMISSION;;VEV_5100;SEASHELLS;138;3
604800;SUBMISSION;Mark 38;HYDROGEL_PACK;SEASHELLS;9999;5
605900;SUBMISSION;;VEV_5100;SEASHELLS;139;4
606000;SUBMISSION;;VEV_5100;SEASHELLS;139;5
607100;SUBMISSION;Mark 38;HYDROGEL_PACK;SEASHELLS;9999;3
607900;Mark 38;SUBMISSION;HYDROGEL_PACK;SEASHELLS;10008;3
610100;;SUBMISSION;HYDROGEL_PACK;SEASHELLS;10005;3
611000;;SUBMISSION;HYDROGEL_PACK;SEASHELLS;10004;1
611300;;SUBMISSION;HYDROGEL_PACK;SEASHELLS;10004;1
612700;;SUBMISSION;VEV_5100;SEASHELLS;140;9
615400;Mark 38;SUBMISSION;HYDROGEL_PACK;SEASHELLS;10014;3
621000;;SUBMISSION;VEV_5100;SEASHELLS;132;6
624000;Mark 38;SUBMISSION;HYDROGEL_PACK;SEASHELLS;10012;5
624700;Mark 38;SUBMISSION;VEV_4000;SEASHELLS;1235;3
626200;SUBMISSION;;HYDROGEL_PACK;SEASHELLS;10002;1
626300;SUBMISSION;;HYDROGEL_PACK;SEASHELLS;10001;4
626400;SUBMISSION;;HYDROGEL_PACK;SEASHELLS;10002;1
626700;SUBMISSION;;HYDROGEL_PACK;SEASHELLS;10001;4
626800;SUBMISSION;;HYDROGEL_PACK;SEASHELLS;10000;7
626900;SUBMISSION;;HYDROGEL_PACK;SEASHELLS;9999;10
627000;SUBMISSION;;HYDROGEL_PACK;SEASHELLS;9997;15
627100;SUBMISSION;;HYDROGEL_PACK;SEASHELLS;9998;12
627200;SUBMISSION;;HYDROGEL_PACK;SEASHELLS;9999;9
627300;SUBMISSION;;HYDROGEL_PACK;SEASHELLS;10000;7
627400;SUBMISSION;;HYDROGEL_PACK;SEASHELLS;10000;7
627500;SUBMISSION;;HYDROGEL_PACK;SEASHELLS;10000;7
627700;SUBMISSION;;HYDROGEL_PACK;SEASHELLS;10000;7
627800;SUBMISSION;;HYDROGEL_PACK;SEASHELLS;9999;10
627900;SUBMISSION;;HYDROGEL_PACK;SEASHELLS;10001;4
628000;SUBMISSION;;HYDROGEL_PACK;SEASHELLS;10001;4
628100;SUBMISSION;;HYDROGEL_PACK;SEASHELLS;10002;1
628200;SUBMISSION;;HYDROGEL_PACK;SEASHELLS;10001;4
628300;SUBMISSION;;HYDROGEL_PACK;SEASHELLS;10002;1
628400;SUBMISSION;;HYDROGEL_PACK;SEASHELLS;9999;10
629600;SUBMISSION;;HYDROGEL_PACK;SEASHELLS;9999;9
647700;SUBMISSION;Mark 38;HYDROGEL_PACK;SEASHELLS;9982;3
650800;SUBMISSION;;HYDROGEL_PACK;SEASHELLS;9997;1
659200;;SUBMISSION;VEV_5000;SEASHELLS;262;4
659300;;SUBMISSION;VEV_5000;SEASHELLS;263;4
659400;;SUBMISSION;VEV_5000;SEASHELLS;262;1
659600;;SUBMISSION;VEV_5000;SEASHELLS;262;1
659700;;SUBMISSION;VEV_5000;SEASHELLS;262;4
659800;;SUBMISSION;VEV_5000;SEASHELLS;264;7
659900;;SUBMISSION;VEV_5000;SEASHELLS;264;8
659900;;SUBMISSION;VEV_5000;SEASHELLS;263;3
660000;;SUBMISSION;VEV_5000;SEASHELLS;263;4
660100;;SUBMISSION;VEV_5000;SEASHELLS;263;5
660200;;SUBMISSION;VEV_5000;SEASHELLS;262;2
660300;;SUBMISSION;VEV_5000;SEASHELLS;263;4
660400;;SUBMISSION;VEV_5000;SEASHELLS;262;1
660500;;SUBMISSION;VEV_5000;SEASHELLS;263;6
660700;;SUBMISSION;VEV_5000;SEASHELLS;262;4
661000;;SUBMISSION;VEV_5000;SEASHELLS;262;1
661400;;SUBMISSION;VEV_5000;SEASHELLS;262;2
661500;;SUBMISSION;VEV_5000;SEASHELLS;263;4
661600;;SUBMISSION;VEV_5000;SEASHELLS;262;2
661700;;SUBMISSION;VEV_5000;SEASHELLS;263;4
661800;;SUBMISSION;VEV_5000;SEASHELLS;261;1
662000;;SUBMISSION;VEV_5000;SEASHELLS;262;6
662100;;SUBMISSION;VEV_5000;SEASHELLS;263;3
662200;;SUBMISSION;VEV_5000;SEASHELLS;263;3
662300;;SUBMISSION;VEV_5000;SEASHELLS;262;1
662400;;SUBMISSION;VEV_5000;SEASHELLS;262;1
662700;;SUBMISSION;VEV_5000;SEASHELLS;261;1
662800;;SUBMISSION;VEV_5000;SEASHELLS;262;2
662900;;SUBMISSION;VEV_5000;SEASHELLS;263;3
663000;;SUBMISSION;VEV_5000;SEASHELLS;262;1
667300;;SUBMISSION;VEV_5000;SEASHELLS;257;11
667300;;SUBMISSION;VEV_5000;SEASHELLS;256;9
667400;;SUBMISSION;VEV_5000;SEASHELLS;257;22
667500;;SUBMISSION;VEV_5000;SEASHELLS;257;15
686200;Mark 38;SUBMISSION;VEV_4000;SEASHELLS;1254;3
708400;;SUBMISSION;VEV_5000;SEASHELLS;255;7
708500;;SUBMISSION;VEV_5000;SEASHELLS;254;1
709200;;SUBMISSION;VEV_5000;SEASHELLS;254;1
709300;;SUBMISSION;VEV_5000;SEASHELLS;254;4
709400;;SUBMISSION;VEV_5000;SEASHELLS;254;4
709500;;SUBMISSION;VEV_5000;SEASHELLS;255;8
709600;;SUBMISSION;VEV_5000;SEASHELLS;255;7
709700;;SUBMISSION;VEV_5000;SEASHELLS;254;4
709800;;SUBMISSION;VEV_5000;SEASHELLS;255;7
709900;;SUBMISSION;VEV_5000;SEASHELLS;255;7
710500;;SUBMISSION;VEV_5100;SEASHELLS;166;22
710600;;SUBMISSION;VEV_5100;SEASHELLS;166;3
710700;;SUBMISSION;VEV_5100;SEASHELLS;167;11
710700;;SUBMISSION;VEV_5100;SEASHELLS;166;4
710800;;SUBMISSION;VEV_5100;SEASHELLS;166;9
710900;;SUBMISSION;VEV_5100;SEASHELLS;167;6
710900;;SUBMISSION;VEV_5100;SEASHELLS;166;9
711000;;SUBMISSION;VEV_5100;SEASHELLS;166;10
711100;;SUBMISSION;VEV_5100;SEASHELLS;167;20
712200;;SUBMISSION;VEV_5100;SEASHELLS;167;6
714900;;SUBMISSION;VEV_4000;SEASHELLS;1262;4
714900;;SUBMISSION;VEV_4500;SEASHELLS;762;4
734000;SUBMISSION;Mark 38;VEV_4000;SEASHELLS;1242;2
734200;SUBMISSION;Mark 38;VEV_4000;SEASHELLS;1241;2
740900;SUBMISSION;;VEV_5000;SEASHELLS;243;12
740900;SUBMISSION;;VEV_5000;SEASHELLS;244;5
741000;SUBMISSION;;VEV_5000;SEASHELLS;243;2
741100;SUBMISSION;;VEV_4000;SEASHELLS;1237;2
741100;SUBMISSION;;VEV_4500;SEASHELLS;737;2
741100;SUBMISSION;;VEV_5000;SEASHELLS;239;2
741100;SUBMISSION;;VEV_5000;SEASHELLS;242;8
741100;SUBMISSION;;VEV_5000;SEASHELLS;243;2
741300;SUBMISSION;;VEV_5000;SEASHELLS;242;12
741300;SUBMISSION;;VEV_5000;SEASHELLS;243;1
741500;SUBMISSION;;VEV_5000;SEASHELLS;243;12
741500;SUBMISSION;;VEV_5000;SEASHELLS;244;7
743900;Mark 38;SUBMISSION;VEV_4000;SEASHELLS;1250;2
748000;SUBMISSION;;VEV_5000;SEASHELLS;244;3
748200;SUBMISSION;;VEV_5000;SEASHELLS;243;5
749500;SUBMISSION;;VEV_5000;SEASHELLS;243;4
749600;SUBMISSION;;VEV_5000;SEASHELLS;242;19
749700;SUBMISSION;;VEV_5000;SEASHELLS;241;22
749700;SUBMISSION;;VEV_5100;SEASHELLS;148;1
749800;SUBMISSION;;VEV_5000;SEASHELLS;241;3
749900;SUBMISSION;;VEV_5000;SEASHELLS;241;8
750000;SUBMISSION;;VEV_5000;SEASHELLS;240;21
750000;SUBMISSION;;VEV_5100;SEASHELLS;147;21
750100;SUBMISSION;;VEV_5000;SEASHELLS;238;11
750100;SUBMISSION;;VEV_5000;SEASHELLS;239;13
750100;SUBMISSION;;VEV_5100;SEASHELLS;146;24
750200;SUBMISSION;;VEV_5000;SEASHELLS;239;20
750200;SUBMISSION;;VEV_5100;SEASHELLS;146;20
750300;SUBMISSION;;VEV_5100;SEASHELLS;146;13
750400;SUBMISSION;;VEV_5100;SEASHELLS;145;14
750500;SUBMISSION;;VEV_5100;SEASHELLS;144;19
750600;SUBMISSION;;VEV_5100;SEASHELLS;144;16
750700;SUBMISSION;;VEV_5100;SEASHELLS;144;14
750800;SUBMISSION;;VEV_5100;SEASHELLS;143;28
750900;SUBMISSION;;VEV_5100;SEASHELLS;143;12
751300;SUBMISSION;;VEV_5100;SEASHELLS;142;18
753700;SUBMISSION;;VEV_4000;SEASHELLS;1230;3
753700;SUBMISSION;;VEV_4500;SEASHELLS;730;3
753700;SUBMISSION;;VEV_5000;SEASHELLS;232;3
753700;SUBMISSION;;VEV_5000;SEASHELLS;235;2
753700;;SUBMISSION;VEV_5100;SEASHELLS;139;27
754500;SUBMISSION;;VEV_5100;SEASHELLS;142;5
754700;SUBMISSION;;VEV_5100;SEASHELLS;142;9
757700;SUBMISSION;;VEV_5100;SEASHELLS;151;4
758200;SUBMISSION;;VEV_5100;SEASHELLS;148;9
759400;SUBMISSION;;VEV_5000;SEASHELLS;235;3
772800;Mark 38;SUBMISSION;VEV_4000;SEASHELLS;1237;3
777600;;SUBMISSION;VEV_5100;SEASHELLS;138;9
778600;SUBMISSION;;VEV_5100;SEASHELLS;146;5
779100;SUBMISSION;;VEV_5100;SEASHELLS;145;2
782400;SUBMISSION;;VEV_5100;SEASHELLS;147;1
784100;;SUBMISSION;VEV_5100;SEASHELLS;149;12
805500;;SUBMISSION;VEV_5000;SEASHELLS;258;3
805600;;SUBMISSION;VEV_5000;SEASHELLS;259;7
805700;;SUBMISSION;VEV_5000;SEASHELLS;259;12
805800;;SUBMISSION;VEV_5000;SEASHELLS;260;11
805800;;SUBMISSION;VEV_5000;SEASHELLS;259;1
805900;;SUBMISSION;VEV_5000;SEASHELLS;260;17
806000;;SUBMISSION;VEV_5000;SEASHELLS;259;12
806100;;SUBMISSION;VEV_5000;SEASHELLS;260;10
806100;;SUBMISSION;VEV_5000;SEASHELLS;259;2
806200;;SUBMISSION;VEV_5000;SEASHELLS;260;8
806200;;SUBMISSION;VEV_5000;SEASHELLS;259;6
806300;;SUBMISSION;VEV_5000;SEASHELLS;260;16
806400;;SUBMISSION;VEV_5000;SEASHELLS;261;12
806400;;SUBMISSION;VEV_5000;SEASHELLS;260;4
806500;;SUBMISSION;VEV_5000;SEASHELLS;259;11
806600;;SUBMISSION;VEV_5000;SEASHELLS;259;7
806700;;SUBMISSION;VEV_5000;SEASHELLS;259;7
806900;;SUBMISSION;VEV_5000;SEASHELLS;260;10
806900;;SUBMISSION;VEV_5000;SEASHELLS;259;1
807000;;SUBMISSION;VEV_5000;SEASHELLS;260;7
807000;;SUBMISSION;VEV_5000;SEASHELLS;259;4
807100;;SUBMISSION;VEV_5000;SEASHELLS;258;6
807200;;SUBMISSION;VEV_5000;SEASHELLS;258;2
807300;;SUBMISSION;VEV_5000;SEASHELLS;259;10
807400;;SUBMISSION;VEV_5000;SEASHELLS;258;2
807400;;SUBMISSION;VEV_5100;SEASHELLS;165;6
807500;;SUBMISSION;VEV_5000;SEASHELLS;258;2
807900;;SUBMISSION;VEV_5000;SEASHELLS;257;2
808100;;SUBMISSION;VEV_5000;SEASHELLS;257;2
809200;;SUBMISSION;VEV_5000;SEASHELLS;259;6
811600;;SUBMISSION;VEV_5100;SEASHELLS;169;2
812300;;SUBMISSION;VEV_5100;SEASHELLS;170;3
812800;;SUBMISSION;VEV_5100;SEASHELLS;171;2
813000;;SUBMISSION;VEV_5100;SEASHELLS;171;3
813300;;SUBMISSION;VEV_5100;SEASHELLS;172;8
813300;;SUBMISSION;VEV_5100;SEASHELLS;171;1
813400;;SUBMISSION;VEV_5100;SEASHELLS;172;8
813600;;SUBMISSION;VEV_5100;SEASHELLS;173;5
813700;;SUBMISSION;VEV_5100;SEASHELLS;173;4
813800;;SUBMISSION;VEV_5100;SEASHELLS;173;8
813900;;SUBMISSION;VEV_5100;SEASHELLS;171;2
814200;;SUBMISSION;VEV_5100;SEASHELLS;172;17
817100;;SUBMISSION;VEV_4000;SEASHELLS;1257;3
817100;;SUBMISSION;VEV_4500;SEASHELLS;757;3
817600;;SUBMISSION;VEV_5100;SEASHELLS;163;1
817700;;SUBMISSION;VEV_5100;SEASHELLS;163;5
817800;;SUBMISSION;VEV_5100;SEASHELLS;163;6
826200;;SUBMISSION;VEV_5100;SEASHELLS;155;6
828300;SUBMISSION;Mark 38;HYDROGEL_PACK;SEASHELLS;9975;5
834600;SUBMISSION;;VEV_5000;SEASHELLS;242;11
834800;SUBMISSION;;VEV_5000;SEASHELLS;241;12
834900;SUBMISSION;;VEV_5000;SEASHELLS;242;14
835100;SUBMISSION;;VEV_5000;SEASHELLS;241;9
835200;SUBMISSION;;VEV_5000;SEASHELLS;241;8
835200;SUBMISSION;;VEV_5000;SEASHELLS;242;1
835300;SUBMISSION;;VEV_5000;SEASHELLS;241;22
835400;SUBMISSION;;VEV_5000;SEASHELLS;240;7
835400;SUBMISSION;;VEV_5000;SEASHELLS;241;8
835500;SUBMISSION;;VEV_5000;SEASHELLS;240;9
835500;SUBMISSION;;VEV_5000;SEASHELLS;241;6
835600;SUBMISSION;;VEV_5000;SEASHELLS;240;20
835700;SUBMISSION;;VEV_5000;SEASHELLS;240;24
835700;SUBMISSION;;VEV_5100;SEASHELLS;147;2
835800;SUBMISSION;;VEV_5000;SEASHELLS;238;25
835900;SUBMISSION;;VEV_5000;SEASHELLS;240;5
836200;SUBMISSION;;VEV_5000;SEASHELLS;240;6
838300;;SUBMISSION;HYDROGEL_PACK;SEASHELLS;10016;2
838400;;SUBMISSION;HYDROGEL_PACK;SEASHELLS;10017;3
838500;;SUBMISSION;HYDROGEL_PACK;SEASHELLS;10015;1
838600;;SUBMISSION;HYDROGEL_PACK;SEASHELLS;10015;1
839300;;SUBMISSION;HYDROGEL_PACK;SEASHELLS;10017;3
839400;;SUBMISSION;HYDROGEL_PACK;SEASHELLS;10016;2
839500;;SUBMISSION;HYDROGEL_PACK;SEASHELLS;10016;2
839600;;SUBMISSION;HYDROGEL_PACK;SEASHELLS;10023;5
839800;;SUBMISSION;HYDROGEL_PACK;SEASHELLS;10019;5
839900;;SUBMISSION;HYDROGEL_PACK;SEASHELLS;10020;6
840000;;SUBMISSION;HYDROGEL_PACK;SEASHELLS;10021;8
840100;;SUBMISSION;HYDROGEL_PACK;SEASHELLS;10017;3
840200;;SUBMISSION;HYDROGEL_PACK;SEASHELLS;10018;4
840300;;SUBMISSION;HYDROGEL_PACK;SEASHELLS;10017;3
840400;;SUBMISSION;HYDROGEL_PACK;SEASHELLS;10017;3
840500;;SUBMISSION;HYDROGEL_PACK;SEASHELLS;10019;5
840600;;SUBMISSION;HYDROGEL_PACK;SEASHELLS;10021;8
840700;;SUBMISSION;HYDROGEL_PACK;SEASHELLS;10020;6
840800;;SUBMISSION;HYDROGEL_PACK;SEASHELLS;10018;4
840800;SUBMISSION;Mark 38;VEV_4000;SEASHELLS;1229;1
840900;;SUBMISSION;HYDROGEL_PACK;SEASHELLS;10020;7
841000;;SUBMISSION;HYDROGEL_PACK;SEASHELLS;10019;6
841100;;SUBMISSION;HYDROGEL_PACK;SEASHELLS;10020;7
841200;;SUBMISSION;HYDROGEL_PACK;SEASHELLS;10023;10
841200;SUBMISSION;;VEV_5000;SEASHELLS;240;5
841300;;SUBMISSION;HYDROGEL_PACK;SEASHELLS;10025;12
841300;SUBMISSION;;VEV_5000;SEASHELLS;240;6
841400;;SUBMISSION;HYDROGEL_PACK;SEASHELLS;10024;11
841700;;SUBMISSION;HYDROGEL_PACK;SEASHELLS;10021;8
842200;SUBMISSION;;VEV_4000;SEASHELLS;1235;1
845100;SUBMISSION;Mark 38;VEV_4000;SEASHELLS;1233;1
845400;SUBMISSION;;VEV_5000;SEASHELLS;247;1
858600;Mark 38;SUBMISSION;HYDROGEL_PACK;SEASHELLS;10021;3
860700;SUBMISSION;;VEV_5100;SEASHELLS;148;2
863100;SUBMISSION;;VEV_5100;SEASHELLS;145;20
863200;SUBMISSION;;VEV_5100;SEASHELLS;144;7
863300;SUBMISSION;;VEV_5100;SEASHELLS;144;15
863400;SUBMISSION;;VEV_5100;SEASHELLS;144;21
863500;SUBMISSION;;VEV_5100;SEASHELLS;144;14
863700;SUBMISSION;;VEV_5100;SEASHELLS;143;4
864100;SUBMISSION;;VEV_4000;SEASHELLS;1231;2
864100;SUBMISSION;;VEV_4500;SEASHELLS;731;2
864100;SUBMISSION;;VEV_5100;SEASHELLS;141;2
864100;SUBMISSION;;VEV_5100;SEASHELLS;143;10
864100;SUBMISSION;;VEV_5100;SEASHELLS;144;1
868300;;SUBMISSION;VEV_5100;SEASHELLS;143;10
874100;SUBMISSION;;HYDROGEL_PACK;SEASHELLS;9996;2
874200;SUBMISSION;;HYDROGEL_PACK;SEASHELLS;9995;3
874200;SUBMISSION;;VEV_5100;SEASHELLS;149;7
874200;SUBMISSION;;VEV_5100;SEASHELLS;150;1
874400;SUBMISSION;;HYDROGEL_PACK;SEASHELLS;9995;3
874500;SUBMISSION;;HYDROGEL_PACK;SEASHELLS;9996;2
874600;SUBMISSION;;VEV_5100;SEASHELLS;149;3
875700;SUBMISSION;;VEV_5100;SEASHELLS;149;1
875900;SUBMISSION;;HYDROGEL_PACK;SEASHELLS;9995;4
876000;SUBMISSION;;HYDROGEL_PACK;SEASHELLS;9993;7
876100;SUBMISSION;;HYDROGEL_PACK;SEASHELLS;9994;6
876200;SUBMISSION;;HYDROGEL_PACK;SEASHELLS;9992;9
876300;SUBMISSION;;HYDROGEL_PACK;SEASHELLS;9994;6
876400;SUBMISSION;;HYDROGEL_PACK;SEASHELLS;9991;10
876400;SUBMISSION;;HYDROGEL_PACK;SEASHELLS;9993;1
876500;SUBMISSION;;HYDROGEL_PACK;SEASHELLS;9991;10
876500;SUBMISSION;;HYDROGEL_PACK;SEASHELLS;9993;1
876600;SUBMISSION;;HYDROGEL_PACK;SEASHELLS;9991;11
876700;SUBMISSION;;HYDROGEL_PACK;SEASHELLS;9992;9
876800;SUBMISSION;;HYDROGEL_PACK;SEASHELLS;9994;6
876900;SUBMISSION;;HYDROGEL_PACK;SEASHELLS;9996;2
877000;SUBMISSION;;HYDROGEL_PACK;SEASHELLS;9996;2
877100;SUBMISSION;;HYDROGEL_PACK;SEASHELLS;9994;6
877200;SUBMISSION;;HYDROGEL_PACK;SEASHELLS;9995;4
877200;Mark 38;SUBMISSION;VEV_4000;SEASHELLS;1248;2
877300;SUBMISSION;;HYDROGEL_PACK;SEASHELLS;9995;4
877400;SUBMISSION;;HYDROGEL_PACK;SEASHELLS;9997;1
877500;SUBMISSION;;HYDROGEL_PACK;SEASHELLS;9996;2
877600;SUBMISSION;;HYDROGEL_PACK;SEASHELLS;9997;1
877600;;SUBMISSION;VEV_5100;SEASHELLS;145;12
877700;SUBMISSION;;HYDROGEL_PACK;SEASHELLS;9997;1
877900;SUBMISSION;;HYDROGEL_PACK;SEASHELLS;9997;1
878000;SUBMISSION;;HYDROGEL_PACK;SEASHELLS;9997;1
878300;SUBMISSION;;HYDROGEL_PACK;SEASHELLS;9996;3
878400;SUBMISSION;;HYDROGEL_PACK;SEASHELLS;9996;3
878500;SUBMISSION;;HYDROGEL_PACK;SEASHELLS;9995;5
879100;SUBMISSION;;HYDROGEL_PACK;SEASHELLS;9994;6
880200;SUBMISSION;;VEV_5100;SEASHELLS;140;8
881000;SUBMISSION;;VEV_5100;SEASHELLS;138;2
883300;SUBMISSION;;VEV_5100;SEASHELLS;136;1
890100;SUBMISSION;;VEV_5000;SEASHELLS;242;1
890900;SUBMISSION;;VEV_4000;SEASHELLS;1234;4
890900;SUBMISSION;;VEV_4500;SEASHELLS;734;4
906200;;SUBMISSION;VEV_5000;SEASHELLS;259;7
906500;;SUBMISSION;VEV_5000;SEASHELLS;259;1
906600;;SUBMISSION;VEV_5000;SEASHELLS;260;3
906700;;SUBMISSION;VEV_5000;SEASHELLS;260;3
906800;;SUBMISSION;VEV_5000;SEASHELLS;260;3
919600;;SUBMISSION;VEV_5000;SEASHELLS;256;1
920200;;SUBMISSION;VEV_5000;SEASHELLS;257;1
920300;;SUBMISSION;VEV_5000;SEASHELLS;257;1
920400;;SUBMISSION;VEV_5000;SEASHELLS;257;4
920500;;SUBMISSION;VEV_5000;SEASHELLS;258;8
920500;;SUBMISSION;VEV_5000;SEASHELLS;257;3
920600;;SUBMISSION;VEV_5000;SEASHELLS;258;6
920700;;SUBMISSION;VEV_5000;SEASHELLS;257;1
921700;;SUBMISSION;VEV_5000;SEASHELLS;255;2
922000;;SUBMISSION;VEV_5000;SEASHELLS;256;2
922200;;SUBMISSION;VEV_5000;SEASHELLS;256;2
922300;;SUBMISSION;VEV_5000;SEASHELLS;256;2
922400;;SUBMISSION;VEV_5000;SEASHELLS;257;4
922500;;SUBMISSION;VEV_5000;SEASHELLS;258;7
922600;;SUBMISSION;VEV_5000;SEASHELLS;257;2
922700;;SUBMISSION;VEV_5000;SEASHELLS;257;2
922800;;SUBMISSION;VEV_5000;SEASHELLS;257;2
922900;;SUBMISSION;VEV_5000;SEASHELLS;258;9
923000;;SUBMISSION;VEV_5000;SEASHELLS;257;6
923100;;SUBMISSION;VEV_5000;SEASHELLS;257;6
923400;;SUBMISSION;VEV_5000;SEASHELLS;256;1
923900;Mark 38;SUBMISSION;VEV_4000;SEASHELLS;1269;2
923900;;SUBMISSION;VEV_5000;SEASHELLS;257;6
924000;;SUBMISSION;VEV_5000;SEASHELLS;257;1
925700;;SUBMISSION;VEV_5000;SEASHELLS;256;1
925900;;SUBMISSION;VEV_5000;SEASHELLS;257;1
926000;;SUBMISSION;VEV_5000;SEASHELLS;257;1
926100;;SUBMISSION;VEV_5000;SEASHELLS;257;1
926300;;SUBMISSION;VEV_5000;SEASHELLS;258;6
926400;;SUBMISSION;VEV_5000;SEASHELLS;257;6
926500;;SUBMISSION;VEV_5000;SEASHELLS;258;6
926700;;SUBMISSION;VEV_5000;SEASHELLS;257;2
926800;;SUBMISSION;VEV_5000;SEASHELLS;258;6
926900;;SUBMISSION;VEV_5000;SEASHELLS;257;6
927200;;SUBMISSION;VEV_5000;SEASHELLS;257;6
927300;;SUBMISSION;VEV_5000;SEASHELLS;258;12
927400;;SUBMISSION;VEV_5000;SEASHELLS;258;8
927500;;SUBMISSION;VEV_5000;SEASHELLS;258;11
927600;;SUBMISSION;VEV_5000;SEASHELLS;259;15
927700;;SUBMISSION;VEV_5000;SEASHELLS;258;11
928900;;SUBMISSION;VEV_5100;SEASHELLS;168;1
929000;;SUBMISSION;VEV_5100;SEASHELLS;168;8
929300;;SUBMISSION;VEV_5100;SEASHELLS;169;3
930000;;SUBMISSION;VEV_5100;SEASHELLS;169;3
930200;;SUBMISSION;VEV_5100;SEASHELLS;170;3
930600;;SUBMISSION;VEV_5100;SEASHELLS;169;3
931000;;SUBMISSION;VEV_5100;SEASHELLS;171;5
931100;;SUBMISSION;VEV_5100;SEASHELLS;170;2
931200;;SUBMISSION;VEV_5100;SEASHELLS;171;7
931400;;SUBMISSION;VEV_5100;SEASHELLS;171;3
931500;;SUBMISSION;VEV_5100;SEASHELLS;171;10
931700;;SUBMISSION;VEV_5100;SEASHELLS;172;6
931800;;SUBMISSION;VEV_5100;SEASHELLS;172;5
931900;;SUBMISSION;VEV_5100;SEASHELLS;172;2
932000;;SUBMISSION;VEV_5100;SEASHELLS;171;3
932100;;SUBMISSION;VEV_5100;SEASHELLS;171;8
932100;;SUBMISSION;VEV_5100;SEASHELLS;170;2
932200;;SUBMISSION;VEV_5100;SEASHELLS;173;9
932300;;SUBMISSION;VEV_5100;SEASHELLS;170;6
932400;;SUBMISSION;VEV_5100;SEASHELLS;171;7
932500;;SUBMISSION;VEV_5100;SEASHELLS;170;2
933600;;SUBMISSION;VEV_5000;SEASHELLS;259;4
937500;;SUBMISSION;VEV_4000;SEASHELLS;1258;3
937800;;SUBMISSION;VEV_5000;SEASHELLS;258;1
940600;;SUBMISSION;VEV_5100;SEASHELLS;161;3
941000;SUBMISSION;Mark 38;VEV_4000;SEASHELLS;1248;1
943500;;SUBMISSION;VEV_5100;SEASHELLS;169;1
943600;;SUBMISSION;VEV_5100;SEASHELLS;170;4
943700;;SUBMISSION;VEV_5100;SEASHELLS;170;7
943800;SUBMISSION;;HYDROGEL_PACK;SEASHELLS;9967;1
943800;;SUBMISSION;VEV_5100;SEASHELLS;171;8
943900;;SUBMISSION;VEV_5100;SEASHELLS;171;3
944700;;SUBMISSION;VEV_5100;SEASHELLS;170;1
944800;;SUBMISSION;VEV_5100;SEASHELLS;170;4
945000;;SUBMISSION;VEV_5100;SEASHELLS;169;1
945700;;SUBMISSION;VEV_5100;SEASHELLS;172;6
945700;;SUBMISSION;VEV_5100;SEASHELLS;171;2
945800;;SUBMISSION;VEV_5100;SEASHELLS;172;5
946000;;SUBMISSION;VEV_5100;SEASHELLS;172;1
946200;;SUBMISSION;VEV_5100;SEASHELLS;172;5
946300;;SUBMISSION;VEV_5100;SEASHELLS;172;5
946500;;SUBMISSION;VEV_5100;SEASHELLS;174;21
946600;;SUBMISSION;VEV_5100;SEASHELLS;175;13
946700;;SUBMISSION;VEV_5100;SEASHELLS;175;9
950200;;SUBMISSION;VEV_5100;SEASHELLS;177;2
951200;SUBMISSION;Mark 38;HYDROGEL_PACK;SEASHELLS;9984;5
963200;;SUBMISSION;VEV_4000;SEASHELLS;1276;5
963200;;SUBMISSION;VEV_4500;SEASHELLS;776;5
964800;;SUBMISSION;VEV_4000;SEASHELLS;1276;5
964800;;SUBMISSION;VEV_4500;SEASHELLS;776;5
967100;;SUBMISSION;VEV_4000;SEASHELLS;1271;2
972500;SUBMISSION;Mark 38;VEV_4000;SEASHELLS;1249;2
992400;Mark 38;SUBMISSION;HYDROGEL_PACK;SEASHELLS;10007;4
