timestamp;buyer;seller;symbol;currency;price;quantity
1300;;SUBMISSION;HYDROGEL_PACK;SEASHELLS;10004;9
1500;;SUBMISSION;HYDROGEL_PACK;SEASHELLS;10002;10
1600;;SUBMISSION;HYDROGEL_PACK;SEASHELLS;10001;13
1700;SUBMISSION;Mark 38;VEV_4000;SEASHELLS;1292;2
1900;;SUBMISSION;HYDROGEL_PACK;SEASHELLS;10001;10
2000;;SUBMISSION;HYDROGEL_PACK;SEASHELLS;10002;14
3700;;SUBMISSION;HYDROGEL_PACK;SEASHELLS;10002;10
3800;;SUBMISSION;HYDROGEL_PACK;SEASHELLS;10003;14
8700;Mark 38;SUBMISSION;VEV_4000;SEASHELLS;1305;2
10600;Mark 55;SUBMISSION;VELVETFRUIT_EXTRACT;SEASHELLS;5295;3
14200;Mark 55;SUBMISSION;VELVETFRUIT_EXTRACT;SEASHELLS;5292;5
17100;SUBMISSION;Mark 55;VELVETFRUIT_EXTRACT;SEASHELLS;5284;5
18600;SUBMISSION;Mark 55;VELVETFRUIT_EXTRACT;SEASHELLS;5276;3
20100;Mark 55;SUBMISSION;VELVETFRUIT_EXTRACT;SEASHELLS;5278;5
22800;Mark 38;SUBMISSION;VEV_4000;SEASHELLS;1278;3
25700;SUBMISSION;;VEV_5200;SEASHELLS;101;30
25800;SUBMISSION;;VEV_5200;SEASHELLS;101;8
25800;SUBMISSION;;VEV_5200;SEASHELLS;102;12
25900;SUBMISSION;;VEV_5200;SEASHELLS;101;20
28000;Mark 55;SUBMISSION;VELVETFRUIT_EXTRACT;SEASHELLS;5274;5
28500;SUBMISSION;Mark 55;VELVETFRUIT_EXTRACT;SEASHELLS;5272;7
30600;SUBMISSION;;VEV_5100;SEASHELLS;176;7
30600;SUBMISSION;;VEV_5100;SEASHELLS;177;18
31300;SUBMISSION;;VEV_5100;SEASHELLS;176;25
32700;SUBMISSION;Mark 55;VELVETFRUIT_EXTRACT;SEASHELLS;5266;5
33400;SUBMISSION;Mark 55;VELVETFRUIT_EXTRACT;SEASHELLS;5269;3
39100;SUBMISSION;Mark 55;VELVETFRUIT_EXTRACT;SEASHELLS;5259;5
39500;SUBMISSION;Mark 55;VELVETFRUIT_EXTRACT;SEASHELLS;5258;4
39700;SUBMISSION;;VEV_5000;SEASHELLS;263;7
39700;SUBMISSION;;VEV_5000;SEASHELLS;264;14
39700;SUBMISSION;;VEV_5300;SEASHELLS;42;6
39700;SUBMISSION;;VEV_5300;SEASHELLS;43;12
39800;Mark 55;SUBMISSION;VELVETFRUIT_EXTRACT;SEASHELLS;5261;3
39900;SUBMISSION;;VEV_5100;SEASHELLS;173;18
40200;SUBMISSION;;VEV_4000;SEASHELLS;1258;3
40200;SUBMISSION;;VEV_4000;SEASHELLS;1270;13
40200;SUBMISSION;;VEV_4000;SEASHELLS;1272;14
40200;SUBMISSION;;VEV_4500;SEASHELLS;758;3
40200;SUBMISSION;;VEV_4500;SEASHELLS;767;6
40200;SUBMISSION;;VEV_4500;SEASHELLS;769;12
40200;SUBMISSION;;VEV_5000;SEASHELLS;261;3
40200;SUBMISSION;;VEV_5000;SEASHELLS;264;6
40200;SUBMISSION;;VEV_5000;SEASHELLS;265;12
40500;SUBMISSION;;VEV_5000;SEASHELLS;262;11
40500;SUBMISSION;;VEV_5000;SEASHELLS;263;16
40500;SUBMISSION;;VEV_5300;SEASHELLS;42;25
40600;SUBMISSION;;VEV_4000;SEASHELLS;1266;11
40600;SUBMISSION;;VEV_4000;SEASHELLS;1268;19
40600;SUBMISSION;;VEV_4500;SEASHELLS;763;6
40600;SUBMISSION;;VEV_4500;SEASHELLS;765;21
40600;SUBMISSION;;VEV_5300;SEASHELLS;41;21
40800;SUBMISSION;;VEV_5400;SEASHELLS;13;20
40900;SUBMISSION;;VEV_5400;SEASHELLS;13;20
41000;SUBMISSION;;VEV_5400;SEASHELLS;12;10
41000;SUBMISSION;;VEV_5400;SEASHELLS;13;19
41100;SUBMISSION;;VEV_4500;SEASHELLS;759;6
41100;SUBMISSION;;VEV_4500;SEASHELLS;761;12
43200;Mark 55;SUBMISSION;VELVETFRUIT_EXTRACT;SEASHELLS;5248;6
48200;SUBMISSION;Mark 55;VELVETFRUIT_EXTRACT;SEASHELLS;5249;7
48400;;SUBMISSION;VELVETFRUIT_EXTRACT;SEASHELLS;5248;12
49700;SUBMISSION;Mark 55;VELVETFRUIT_EXTRACT;SEASHELLS;5251;7
50000;Mark 55;SUBMISSION;VELVETFRUIT_EXTRACT;SEASHELLS;5255;4
55100;SUBMISSION;Mark 55;VELVETFRUIT_EXTRACT;SEASHELLS;5248;4
56400;SUBMISSION;Mark 55;VELVETFRUIT_EXTRACT;SEASHELLS;5251;5
60600;SUBMISSION;Mark 38;VEV_4000;SEASHELLS;1244;2
61400;;SUBMISSION;VELVETFRUIT_EXTRACT;SEASHELLS;5246;12
62400;SUBMISSION;Mark 55;VELVETFRUIT_EXTRACT;SEASHELLS;5247;5
67600;Mark 55;SUBMISSION;VELVETFRUIT_EXTRACT;SEASHELLS;5260;7
68000;Mark 55;SUBMISSION;VELVETFRUIT_EXTRACT;SEASHELLS;5260;5
69400;SUBMISSION;Mark 55;VELVETFRUIT_EXTRACT;SEASHELLS;5256;8
70200;Mark 38;SUBMISSION;VEV_4000;SEASHELLS;1262;1
74900;SUBMISSION;Mark 55;VELVETFRUIT_EXTRACT;SEASHELLS;5258;8
76100;SUBMISSION;Mark 38;VEV_4000;SEASHELLS;1252;2
77100;SUBMISSION;Mark 55;VELVETFRUIT_EXTRACT;SEASHELLS;5256;5
78900;SUBMISSION;Mark 55;VELVETFRUIT_EXTRACT;SEASHELLS;5257;6
80000;SUBMISSION;Mark 55;VELVETFRUIT_EXTRACT;SEASHELLS;5258;8
84100;SUBMISSION;Mark 55;VELVETFRUIT_EXTRACT;SEASHELLS;5255;3
86100;SUBMISSION;Mark 55;VELVETFRUIT_EXTRACT;SEASHELLS;5245;6
87400;SUBMISSION;Mark 55;VELVETFRUIT_EXTRACT;SEASHELLS;5246;6
88200;Mark 38;SUBMISSION;VEV_4000;SEASHELLS;1252;3
88300;SUBMISSION;Mark 55;VELVETFRUIT_EXTRACT;SEASHELLS;5246;6
89600;Mark 38;SUBMISSION;VEV_4000;SEASHELLS;1252;2
91700;SUBMISSION;Mark 55;VELVETFRUIT_EXTRACT;SEASHELLS;5251;6
92700;Mark 55;SUBMISSION;VELVETFRUIT_EXTRACT;SEASHELLS;5260;5
93700;Mark 55;SUBMISSION;VELVETFRUIT_EXTRACT;SEASHELLS;5258;4
95700;Mark 55;SUBMISSION;VELVETFRUIT_EXTRACT;SEASHELLS;5258;8
96600;SUBMISSION;Mark 55;VELVETFRUIT_EXTRACT;SEASHELLS;5254;4
98400;Mark 55;SUBMISSION;VELVETFRUIT_EXTRACT;SEASHELLS;5257;8
99400;;SUBMISSION;VELVETFRUIT_EXTRACT;SEASHELLS;5252;16
101300;Mark 55;SUBMISSION;VELVETFRUIT_EXTRACT;SEASHELLS;5257;4
101900;SUBMISSION;Mark 55;VELVETFRUIT_EXTRACT;SEASHELLS;5251;3
102200;SUBMISSION;Mark 55;VELVETFRUIT_EXTRACT;SEASHELLS;5254;4
103800;SUBMISSION;Mark 55;VELVETFRUIT_EXTRACT;SEASHELLS;5252;8
104600;Mark 38;SUBMISSION;VEV_4000;SEASHELLS;1256;1
106800;SUBMISSION;Mark 38;VEV_4000;SEASHELLS;1244;2
108800;SUBMISSION;Mark 38;VEV_4000;SEASHELLS;1249;3
109400;SUBMISSION;Mark 55;VELVETFRUIT_EXTRACT;SEASHELLS;5253;8
111600;SUBMISSION;Mark 22;VELVETFRUIT_EXTRACT;SEASHELLS;5245;6
117400;;SUBMISSION;VELVETFRUIT_EXTRACT;SEASHELLS;5230;20
118100;;SUBMISSION;VELVETFRUIT_EXTRACT;SEASHELLS;5234;23
119700;Mark 55;SUBMISSION;VELVETFRUIT_EXTRACT;SEASHELLS;5240;6
122400;SUBMISSION;Mark 55;VELVETFRUIT_EXTRACT;SEASHELLS;5242;5
123100;Mark 38;SUBMISSION;VEV_4000;SEASHELLS;1250;3
124700;Mark 55;SUBMISSION;VELVETFRUIT_EXTRACT;SEASHELLS;5241;4
125700;Mark 38;SUBMISSION;VEV_4000;SEASHELLS;1244;1
127100;Mark 55;SUBMISSION;VELVETFRUIT_EXTRACT;SEASHELLS;5241;7
129000;Mark 55;SUBMISSION;VELVETFRUIT_EXTRACT;SEASHELLS;5239;8
129800;SUBMISSION;Mark 38;VEV_4000;SEASHELLS;1238;1
132500;Mark 55;SUBMISSION;VELVETFRUIT_EXTRACT;SEASHELLS;5252;3
135900;Mark 55;SUBMISSION;VELVETFRUIT_EXTRACT;SEASHELLS;5254;6
139400;Mark 38;SUBMISSION;VEV_4000;SEASHELLS;1249;1
140700;Mark 38;SUBMISSION;VEV_4000;SEASHELLS;1246;2
141900;SUBMISSION;Mark 55;VELVETFRUIT_EXTRACT;SEASHELLS;5237;6
142700;Mark 38;SUBMISSION;HYDROGEL_PACK;SEASHELLS;10014;6
143600;SUBMISSION;Mark 55;VELVETFRUIT_EXTRACT;SEASHELLS;5244;4
144500;Mark 55;SUBMISSION;VELVETFRUIT_EXTRACT;SEASHELLS;5246;7
145100;SUBMISSION;Mark 55;VELVETFRUIT_EXTRACT;SEASHELLS;5244;5
145500;SUBMISSION;Mark 38;VEV_4000;SEASHELLS;1240;2
148800;SUBMISSION;Mark 38;VEV_4000;SEASHELLS;1239;2
151600;Mark 55;SUBMISSION;VELVETFRUIT_EXTRACT;SEASHELLS;5244;7
158000;Mark 55;SUBMISSION;VELVETFRUIT_EXTRACT;SEASHELLS;5236;8
159200;SUBMISSION;;VELVETFRUIT_EXTRACT;SEASHELLS;5232;10
160000;Mark 55;SUBMISSION;VELVETFRUIT_EXTRACT;SEASHELLS;5235;8
165300;Mark 38;SUBMISSION;VEV_4000;SEASHELLS;1246;3
165600;SUBMISSION;Mark 55;VELVETFRUIT_EXTRACT;SEASHELLS;5238;6
167900;SUBMISSION;Mark 38;VEV_4000;SEASHELLS;1237;1
169400;SUBMISSION;;VELVETFRUIT_EXTRACT;SEASHELLS;5240;10
170900;Mark 55;SUBMISSION;VELVETFRUIT_EXTRACT;SEASHELLS;5248;5
172200;SUBMISSION;;VELVETFRUIT_EXTRACT;SEASHELLS;5246;10
174800;Mark 55;SUBMISSION;VELVETFRUIT_EXTRACT;SEASHELLS;5252;5
175100;Mark 38;SUBMISSION;VEV_4000;SEASHELLS;1254;3
175300;Mark 55;SUBMISSION;VELVETFRUIT_EXTRACT;SEASHELLS;5249;7
176700;SUBMISSION;Mark 38;VEV_4000;SEASHELLS;1243;1
180300;Mark 38;SUBMISSION;VEV_4000;SEASHELLS;1253;3
181200;SUBMISSION;Mark 38;VEV_4000;SEASHELLS;1240;2
182100;SUBMISSION;Mark 38;VEV_4000;SEASHELLS;1242;3
182600;SUBMISSION;Mark 55;VELVETFRUIT_EXTRACT;SEASHELLS;5246;6
183100;SUBMISSION;Mark 38;VEV_4000;SEASHELLS;1242;3
186200;SUBMISSION;Mark 55;VELVETFRUIT_EXTRACT;SEASHELLS;5243;8
190700;SUBMISSION;Mark 55;VELVETFRUIT_EXTRACT;SEASHELLS;5248;3
191300;Mark 38;SUBMISSION;VEV_4000;SEASHELLS;1254;1
191900;SUBMISSION;Mark 38;VEV_4000;SEASHELLS;1241;1
192600;SUBMISSION;Mark 55;VELVETFRUIT_EXTRACT;SEASHELLS;5248;6
195800;Mark 55;SUBMISSION;VELVETFRUIT_EXTRACT;SEASHELLS;5249;7
196600;SUBMISSION;Mark 38;VEV_4000;SEASHELLS;1239;1
197500;Mark 55;SUBMISSION;VELVETFRUIT_EXTRACT;SEASHELLS;5246;3
199000;SUBMISSION;Mark 55;VELVETFRUIT_EXTRACT;SEASHELLS;5237;3
201600;SUBMISSION;Mark 55;VELVETFRUIT_EXTRACT;SEASHELLS;5240;4
202500;Mark 38;SUBMISSION;VEV_4000;SEASHELLS;1242;1
203800;Mark 38;SUBMISSION;VEV_4000;SEASHELLS;1240;1
207500;Mark 55;SUBMISSION;VELVETFRUIT_EXTRACT;SEASHELLS;5236;8
207600;Mark 55;SUBMISSION;VELVETFRUIT_EXTRACT;SEASHELLS;5236;5
208400;Mark 55;SUBMISSION;VELVETFRUIT_EXTRACT;SEASHELLS;5238;5
214000;SUBMISSION;Mark 55;VELVETFRUIT_EXTRACT;SEASHELLS;5234;5
215700;Mark 55;SUBMISSION;VELVETFRUIT_EXTRACT;SEASHELLS;5233;3
217300;SUBMISSION;;VELVETFRUIT_EXTRACT;SEASHELLS;5226;13
218200;Mark 55;SUBMISSION;VELVETFRUIT_EXTRACT;SEASHELLS;5232;8
224400;Mark 55;SUBMISSION;VELVETFRUIT_EXTRACT;SEASHELLS;5230;4
225000;Mark 55;SUBMISSION;VELVETFRUIT_EXTRACT;SEASHELLS;5231;7
229500;SUBMISSION;Mark 55;VELVETFRUIT_EXTRACT;SEASHELLS;5240;4
229500;Mark 38;SUBMISSION;VEV_4000;SEASHELLS;1247;2
231300;SUBMISSION;Mark 55;VELVETFRUIT_EXTRACT;SEASHELLS;5239;7
233100;SUBMISSION;Mark 38;VEV_4000;SEASHELLS;1227;3
233900;SUBMISSION;Mark 55;VELVETFRUIT_EXTRACT;SEASHELLS;5234;8
234500;Mark 55;SUBMISSION;VELVETFRUIT_EXTRACT;SEASHELLS;5237;4
234700;Mark 38;SUBMISSION;VEV_4000;SEASHELLS;1239;2
236100;SUBMISSION;Mark 55;VELVETFRUIT_EXTRACT;SEASHELLS;5229;8
240600;SUBMISSION;;VELVETFRUIT_EXTRACT;SEASHELLS;5234;4
240700;SUBMISSION;Mark 38;VEV_4000;SEASHELLS;1230;3
241200;SUBMISSION;Mark 38;VEV_4000;SEASHELLS;1227;1
243900;Mark 55;SUBMISSION;VELVETFRUIT_EXTRACT;SEASHELLS;5238;3
245100;SUBMISSION;Mark 55;VELVETFRUIT_EXTRACT;SEASHELLS;5230;8
245700;SUBMISSION;Mark 55;VELVETFRUIT_EXTRACT;SEASHELLS;5233;3
248100;Mark 55;SUBMISSION;VELVETFRUIT_EXTRACT;SEASHELLS;5238;8
251400;SUBMISSION;Mark 55;VELVETFRUIT_EXTRACT;SEASHELLS;5236;4
252100;Mark 55;SUBMISSION;VELVETFRUIT_EXTRACT;SEASHELLS;5240;3
252700;Mark 38;SUBMISSION;VEV_4000;SEASHELLS;1245;1
254300;;SUBMISSION;VELVETFRUIT_EXTRACT;SEASHELLS;5238;1
260600;SUBMISSION;Mark 55;VELVETFRUIT_EXTRACT;SEASHELLS;5229;6
261700;Mark 55;SUBMISSION;VELVETFRUIT_EXTRACT;SEASHELLS;5230;4
262500;Mark 55;SUBMISSION;VELVETFRUIT_EXTRACT;SEASHELLS;5230;5
263200;SUBMISSION;Mark 38;VEV_4000;SEASHELLS;1221;3
263400;Mark 55;SUBMISSION;VELVETFRUIT_EXTRACT;SEASHELLS;5230;3
263500;Mark 55;SUBMISSION;VELVETFRUIT_EXTRACT;SEASHELLS;5229;5
264000;SUBMISSION;;VELVETFRUIT_EXTRACT;SEASHELLS;5230;9
268100;Mark 38;SUBMISSION;VEV_4000;SEASHELLS;1242;3
268500;SUBMISSION;Mark 55;VELVETFRUIT_EXTRACT;SEASHELLS;5237;3
272300;SUBMISSION;Mark 55;VELVETFRUIT_EXTRACT;SEASHELLS;5234;6
281100;SUBMISSION;Mark 55;VELVETFRUIT_EXTRACT;SEASHELLS;5238;8
281800;SUBMISSION;Mark 55;VELVETFRUIT_EXTRACT;SEASHELLS;5238;4
282100;SUBMISSION;Mark 55;VELVETFRUIT_EXTRACT;SEASHELLS;5236;7
283900;SUBMISSION;Mark 55;VELVETFRUIT_EXTRACT;SEASHELLS;5238;6
284600;SUBMISSION;Mark 55;VELVETFRUIT_EXTRACT;SEASHELLS;5242;7
285700;SUBMISSION;Mark 55;VELVETFRUIT_EXTRACT;SEASHELLS;5244;5
285900;Mark 55;SUBMISSION;VELVETFRUIT_EXTRACT;SEASHELLS;5246;8
287000;SUBMISSION;Mark 55;VELVETFRUIT_EXTRACT;SEASHELLS;5242;7
289600;SUBMISSION;Mark 22;VELVETFRUIT_EXTRACT;SEASHELLS;5235;6
292600;Mark 55;SUBMISSION;VELVETFRUIT_EXTRACT;SEASHELLS;5229;7
293300;SUBMISSION;Mark 55;VELVETFRUIT_EXTRACT;SEASHELLS;5226;3
293400;SUBMISSION;Mark 55;VELVETFRUIT_EXTRACT;SEASHELLS;5224;6
295400;SUBMISSION;Mark 55;VELVETFRUIT_EXTRACT;SEASHELLS;5219;3
295600;Mark 55;SUBMISSION;VELVETFRUIT_EXTRACT;SEASHELLS;5220;8
298100;Mark 55;SUBMISSION;VELVETFRUIT_EXTRACT;SEASHELLS;5224;5
298800;SUBMISSION;Mark 55;VELVETFRUIT_EXTRACT;SEASHELLS;5218;7
305500;Mark 55;SUBMISSION;VELVETFRUIT_EXTRACT;SEASHELLS;5225;8
306300;Mark 55;SUBMISSION;VELVETFRUIT_EXTRACT;SEASHELLS;5225;6
309000;SUBMISSION;Mark 55;VELVETFRUIT_EXTRACT;SEASHELLS;5221;6
310300;Mark 55;SUBMISSION;VELVETFRUIT_EXTRACT;SEASHELLS;5225;3
317100;SUBMISSION;Mark 55;VELVETFRUIT_EXTRACT;SEASHELLS;5225;6
318600;Mark 55;SUBMISSION;VELVETFRUIT_EXTRACT;SEASHELLS;5227;4
319100;SUBMISSION;Mark 38;VEV_4000;SEASHELLS;1218;3
319400;SUBMISSION;Mark 55;VELVETFRUIT_EXTRACT;SEASHELLS;5223;5
320200;Mark 55;SUBMISSION;VELVETFRUIT_EXTRACT;SEASHELLS;5225;7
320200;SUBMISSION;Mark 22;VEV_5400;SEASHELLS;7;3
323300;Mark 55;SUBMISSION;VELVETFRUIT_EXTRACT;SEASHELLS;5228;7
323600;SUBMISSION;Mark 38;VEV_4000;SEASHELLS;1223;1
326700;Mark 55;SUBMISSION;VELVETFRUIT_EXTRACT;SEASHELLS;5234;3
326800;SUBMISSION;Mark 55;VELVETFRUIT_EXTRACT;SEASHELLS;5230;8
328200;SUBMISSION;Mark 55;VELVETFRUIT_EXTRACT;SEASHELLS;5228;3
330100;Mark 55;SUBMISSION;VELVETFRUIT_EXTRACT;SEASHELLS;5240;3
332000;SUBMISSION;Mark 55;VELVETFRUIT_EXTRACT;SEASHELLS;5239;8
332800;SUBMISSION;Mark 55;VELVETFRUIT_EXTRACT;SEASHELLS;5236;6
332900;Mark 38;SUBMISSION;VEV_4000;SEASHELLS;1242;3
333600;SUBMISSION;Mark 55;VELVETFRUIT_EXTRACT;SEASHELLS;5233;6
334800;Mark 38;SUBMISSION;VEV_4000;SEASHELLS;1242;2
339800;Mark 38;SUBMISSION;VEV_4000;SEASHELLS;1235;1
339900;SUBMISSION;Mark 55;VELVETFRUIT_EXTRACT;SEASHELLS;5229;3
344400;Mark 38;SUBMISSION;VEV_4000;SEASHELLS;1234;1
345900;Mark 38;SUBMISSION;VEV_4000;SEASHELLS;1235;2
346900;SUBMISSION;Mark 55;VELVETFRUIT_EXTRACT;SEASHELLS;5222;3
360300;Mark 55;SUBMISSION;VELVETFRUIT_EXTRACT;SEASHELLS;5218;5
363400;Mark 55;SUBMISSION;VELVETFRUIT_EXTRACT;SEASHELLS;5227;8
364600;SUBMISSION;Mark 55;VELVETFRUIT_EXTRACT;SEASHELLS;5222;6
367300;Mark 55;SUBMISSION;VELVETFRUIT_EXTRACT;SEASHELLS;5227;5
367700;Mark 55;SUBMISSION;VELVETFRUIT_EXTRACT;SEASHELLS;5229;4
369300;Mark 55;SUBMISSION;VELVETFRUIT_EXTRACT;SEASHELLS;5230;5
371900;SUBMISSION;Mark 55;VELVETFRUIT_EXTRACT;SEASHELLS;5230;4
372800;Mark 55;SUBMISSION;VELVETFRUIT_EXTRACT;SEASHELLS;5234;4
373000;SUBMISSION;Mark 55;VELVETFRUIT_EXTRACT;SEASHELLS;5230;6
373200;SUBMISSION;Mark 38;VEV_4000;SEASHELLS;1229;3
376000;SUBMISSION;Mark 55;VELVETFRUIT_EXTRACT;SEASHELLS;5236;8
376100;;SUBMISSION;VELVETFRUIT_EXTRACT;SEASHELLS;5234;24
376200;SUBMISSION;Mark 55;VELVETFRUIT_EXTRACT;SEASHELLS;5234;4
378400;SUBMISSION;Mark 55;VELVETFRUIT_EXTRACT;SEASHELLS;5240;7
379400;SUBMISSION;Mark 38;VEV_4000;SEASHELLS;1239;1
380200;Mark 55;SUBMISSION;VELVETFRUIT_EXTRACT;SEASHELLS;5246;5
380700;Mark 55;SUBMISSION;VELVETFRUIT_EXTRACT;SEASHELLS;5248;3
382600;Mark 55;SUBMISSION;VELVETFRUIT_EXTRACT;SEASHELLS;5253;5
387000;Mark 55;SUBMISSION;VELVETFRUIT_EXTRACT;SEASHELLS;5245;4
389300;Mark 38;SUBMISSION;VEV_4000;SEASHELLS;1245;3
389800;SUBMISSION;Mark 55;VELVETFRUIT_EXTRACT;SEASHELLS;5243;5
392500;Mark 38;SUBMISSION;VEV_4000;SEASHELLS;1253;1
395400;Mark 38;SUBMISSION;VEV_4000;SEASHELLS;1254;3
396700;Mark 38;SUBMISSION;VEV_4000;SEASHELLS;1258;3
397200;Mark 55;SUBMISSION;VELVETFRUIT_EXTRACT;SEASHELLS;5254;5
397300;Mark 38;SUBMISSION;VEV_4000;SEASHELLS;1257;1
397700;;SUBMISSION;VELVETFRUIT_EXTRACT;SEASHELLS;5250;16
397900;Mark 38;SUBMISSION;VEV_4000;SEASHELLS;1257;2
398900;Mark 55;SUBMISSION;VELVETFRUIT_EXTRACT;SEASHELLS;5252;6
399000;SUBMISSION;Mark 55;VELVETFRUIT_EXTRACT;SEASHELLS;5249;5
399000;SUBMISSION;Mark 38;VEV_4000;SEASHELLS;1245;1
399600;SUBMISSION;Mark 55;VELVETFRUIT_EXTRACT;SEASHELLS;5253;6
399800;SUBMISSION;Mark 55;VELVETFRUIT_EXTRACT;SEASHELLS;5252;6
402000;SUBMISSION;Mark 38;VEV_4000;SEASHELLS;1246;3
404000;SUBMISSION;Mark 55;VELVETFRUIT_EXTRACT;SEASHELLS;5249;6
406900;SUBMISSION;Mark 38;VEV_4000;SEASHELLS;1230;1
409700;SUBMISSION;Mark 55;VELVETFRUIT_EXTRACT;SEASHELLS;5233;4
410800;SUBMISSION;Mark 38;VEV_4000;SEASHELLS;1228;1
411800;SUBMISSION;Mark 55;VELVETFRUIT_EXTRACT;SEASHELLS;5230;3
418200;Mark 55;SUBMISSION;VELVETFRUIT_EXTRACT;SEASHELLS;5228;6
420300;Mark 38;SUBMISSION;VEV_4000;SEASHELLS;1236;1
422800;SUBMISSION;Mark 38;VEV_4000;SEASHELLS;1224;1
426600;Mark 55;SUBMISSION;VELVETFRUIT_EXTRACT;SEASHELLS;5219;6
428600;SUBMISSION;Mark 38;VEV_4000;SEASHELLS;1213;1
429300;Mark 55;SUBMISSION;VELVETFRUIT_EXTRACT;SEASHELLS;5218;7
429500;Mark 55;SUBMISSION;VELVETFRUIT_EXTRACT;SEASHELLS;5220;4
430100;Mark 55;SUBMISSION;VELVETFRUIT_EXTRACT;SEASHELLS;5216;6
432800;Mark 55;SUBMISSION;VELVETFRUIT_EXTRACT;SEASHELLS;5220;7
437400;Mark 55;SUBMISSION;VELVETFRUIT_EXTRACT;SEASHELLS;5219;5
437500;Mark 55;SUBMISSION;VELVETFRUIT_EXTRACT;SEASHELLS;5219;6
439700;SUBMISSION;Mark 55;VELVETFRUIT_EXTRACT;SEASHELLS;5216;3
441900;Mark 55;SUBMISSION;VELVETFRUIT_EXTRACT;SEASHELLS;5218;5
442400;SUBMISSION;Mark 55;VELVETFRUIT_EXTRACT;SEASHELLS;5214;6
444100;SUBMISSION;Mark 55;VELVETFRUIT_EXTRACT;SEASHELLS;5216;8
444500;Mark 55;SUBMISSION;VELVETFRUIT_EXTRACT;SEASHELLS;5217;8
445000;SUBMISSION;Mark 55;VELVETFRUIT_EXTRACT;SEASHELLS;5213;6
446200;SUBMISSION;Mark 55;VELVETFRUIT_EXTRACT;SEASHELLS;5210;7
448000;Mark 55;SUBMISSION;VELVETFRUIT_EXTRACT;SEASHELLS;5209;4
450300;SUBMISSION;Mark 22;VELVETFRUIT_EXTRACT;SEASHELLS;5215;10
450700;SUBMISSION;Mark 55;VELVETFRUIT_EXTRACT;SEASHELLS;5211;6
454000;Mark 55;SUBMISSION;VELVETFRUIT_EXTRACT;SEASHELLS;5211;4
454100;SUBMISSION;Mark 55;VELVETFRUIT_EXTRACT;SEASHELLS;5208;6
454500;SUBMISSION;Mark 55;VELVETFRUIT_EXTRACT;SEASHELLS;5212;3
455000;;SUBMISSION;VELVETFRUIT_EXTRACT;SEASHELLS;5212;19
456100;SUBMISSION;Mark 55;VELVETFRUIT_EXTRACT;SEASHELLS;5211;3
456400;Mark 55;SUBMISSION;VELVETFRUIT_EXTRACT;SEASHELLS;5216;6
457800;Mark 55;SUBMISSION;VELVETFRUIT_EXTRACT;SEASHELLS;5213;3
465500;SUBMISSION;Mark 38;VEV_4000;SEASHELLS;1212;1
467300;SUBMISSION;Mark 55;VELVETFRUIT_EXTRACT;SEASHELLS;5214;7
469100;SUBMISSION;Mark 55;VELVETFRUIT_EXTRACT;SEASHELLS;5209;3
471700;SUBMISSION;Mark 55;VELVETFRUIT_EXTRACT;SEASHELLS;5210;5
477000;SUBMISSION;Mark 55;VELVETFRUIT_EXTRACT;SEASHELLS;5211;5
478700;Mark 55;SUBMISSION;VELVETFRUIT_EXTRACT;SEASHELLS;5219;4
480000;SUBMISSION;Mark 38;VEV_4000;SEASHELLS;1212;1
481700;Mark 38;SUBMISSION;VEV_4000;SEASHELLS;1220;2
485400;Mark 55;SUBMISSION;VELVETFRUIT_EXTRACT;SEASHELLS;5217;3
489800;SUBMISSION;Mark 55;VELVETFRUIT_EXTRACT;SEASHELLS;5211;8
493200;SUBMISSION;Mark 55;VELVETFRUIT_EXTRACT;SEASHELLS;5209;8
493700;Mark 55;SUBMISSION;VELVETFRUIT_EXTRACT;SEASHELLS;5211;8
494100;Mark 55;SUBMISSION;VELVETFRUIT_EXTRACT;SEASHELLS;5211;4
497300;SUBMISSION;Mark 55;VELVETFRUIT_EXTRACT;SEASHELLS;5204;7
497700;Mark 55;SUBMISSION;VELVETFRUIT_EXTRACT;SEASHELLS;5208;4
498100;SUBMISSION;Mark 22;VEV_5500;SEASHELLS;1;3
498800;SUBMISSION;Mark 55;VELVETFRUIT_EXTRACT;SEASHELLS;5197;5
499000;SUBMISSION;Mark 55;VELVETFRUIT_EXTRACT;SEASHELLS;5199;6
500500;;SUBMISSION;VELVETFRUIT_EXTRACT;SEASHELLS;5196;17
506200;SUBMISSION;Mark 55;VELVETFRUIT_EXTRACT;SEASHELLS;5199;4
508300;Mark 55;SUBMISSION;VELVETFRUIT_EXTRACT;SEASHELLS;5206;5
508400;Mark 55;SUBMISSION;VELVETFRUIT_EXTRACT;SEASHELLS;5206;7
518200;SUBMISSION;Mark 55;VELVETFRUIT_EXTRACT;SEASHELLS;5209;3
519700;Mark 55;SUBMISSION;VELVETFRUIT_EXTRACT;SEASHELLS;5205;8
521700;Mark 55;SUBMISSION;VELVETFRUIT_EXTRACT;SEASHELLS;5206;5
522900;Mark 55;SUBMISSION;VELVETFRUIT_EXTRACT;SEASHELLS;5210;8
523200;Mark 55;SUBMISSION;VELVETFRUIT_EXTRACT;SEASHELLS;5208;5
524900;SUBMISSION;Mark 55;VELVETFRUIT_EXTRACT;SEASHELLS;5202;8
528200;Mark 55;SUBMISSION;VELVETFRUIT_EXTRACT;SEASHELLS;5204;4
530300;SUBMISSION;Mark 55;VELVETFRUIT_EXTRACT;SEASHELLS;5198;4
532400;SUBMISSION;Mark 55;VELVETFRUIT_EXTRACT;SEASHELLS;5198;4
532800;Mark 55;SUBMISSION;VELVETFRUIT_EXTRACT;SEASHELLS;5200;7
534000;Mark 55;SUBMISSION;VELVETFRUIT_EXTRACT;SEASHELLS;5195;4
534700;SUBMISSION;Mark 55;VELVETFRUIT_EXTRACT;SEASHELLS;5191;5
539800;Mark 55;SUBMISSION;VELVETFRUIT_EXTRACT;SEASHELLS;5203;3
540200;SUBMISSION;Mark 55;VELVETFRUIT_EXTRACT;SEASHELLS;5201;3
545400;SUBMISSION;Mark 55;VELVETFRUIT_EXTRACT;SEASHELLS;5201;5
545600;SUBMISSION;;VELVETFRUIT_EXTRACT;SEASHELLS;5200;10
547600;Mark 55;SUBMISSION;VELVETFRUIT_EXTRACT;SEASHELLS;5209;4
552500;SUBMISSION;Mark 55;VELVETFRUIT_EXTRACT;SEASHELLS;5215;8
552700;SUBMISSION;Mark 38;VEV_4000;SEASHELLS;1211;3
553500;SUBMISSION;Mark 38;VEV_4000;SEASHELLS;1212;1
554500;Mark 55;SUBMISSION;VELVETFRUIT_EXTRACT;SEASHELLS;5222;3
555100;SUBMISSION;Mark 22;VEV_5200;SEASHELLS;67;2
555200;SUBMISSION;Mark 55;VELVETFRUIT_EXTRACT;SEASHELLS;5223;6
558600;Mark 38;SUBMISSION;VEV_4000;SEASHELLS;1224;2
559400;SUBMISSION;Mark 55;VELVETFRUIT_EXTRACT;SEASHELLS;5215;3
560300;Mark 55;SUBMISSION;VELVETFRUIT_EXTRACT;SEASHELLS;5219;4
561000;SUBMISSION;Mark 55;VELVETFRUIT_EXTRACT;SEASHELLS;5213;6
562200;Mark 55;SUBMISSION;VELVETFRUIT_EXTRACT;SEASHELLS;5219;8
562500;Mark 55;SUBMISSION;VELVETFRUIT_EXTRACT;SEASHELLS;5221;7
562900;Mark 55;SUBMISSION;VELVETFRUIT_EXTRACT;SEASHELLS;5223;3
566100;SUBMISSION;Mark 55;VELVETFRUIT_EXTRACT;SEASHELLS;5224;4
566500;Mark 38;SUBMISSION;VEV_4000;SEASHELLS;1232;2
567800;SUBMISSION;Mark 55;VELVETFRUIT_EXTRACT;SEASHELLS;5223;5
568300;SUBMISSION;Mark 38;VEV_4000;SEASHELLS;1223;1
569900;Mark 55;SUBMISSION;VELVETFRUIT_EXTRACT;SEASHELLS;5227;4
570100;SUBMISSION;Mark 55;VELVETFRUIT_EXTRACT;SEASHELLS;5225;3
572400;SUBMISSION;Mark 38;VEV_4000;SEASHELLS;1216;3
575300;SUBMISSION;Mark 22;VELVETFRUIT_EXTRACT;SEASHELLS;5223;7
577200;SUBMISSION;Mark 38;VEV_4000;SEASHELLS;1211;2
578300;Mark 55;SUBMISSION;VELVETFRUIT_EXTRACT;SEASHELLS;5222;8
578400;SUBMISSION;Mark 55;VELVETFRUIT_EXTRACT;SEASHELLS;5219;3
579000;Mark 38;SUBMISSION;VEV_4000;SEASHELLS;1229;3
584400;Mark 55;SUBMISSION;VELVETFRUIT_EXTRACT;SEASHELLS;5219;6
587400;SUBMISSION;Mark 55;VELVETFRUIT_EXTRACT;SEASHELLS;5214;6
587700;Mark 55;SUBMISSION;VELVETFRUIT_EXTRACT;SEASHELLS;5217;8
589800;SUBMISSION;Mark 55;VELVETFRUIT_EXTRACT;SEASHELLS;5224;4
591700;SUBMISSION;Mark 55;VELVETFRUIT_EXTRACT;SEASHELLS;5219;4
594300;SUBMISSION;Mark 55;VELVETFRUIT_EXTRACT;SEASHELLS;5220;4
601600;SUBMISSION;Mark 55;VELVETFRUIT_EXTRACT;SEASHELLS;5224;4
602800;SUBMISSION;Mark 55;VELVETFRUIT_EXTRACT;SEASHELLS;5219;5
605800;SUBMISSION;Mark 55;VELVETFRUIT_EXTRACT;SEASHELLS;5222;4
610000;Mark 55;SUBMISSION;VELVETFRUIT_EXTRACT;SEASHELLS;5222;5
612400;;SUBMISSION;VELVETFRUIT_EXTRACT;SEASHELLS;5224;14
614400;Mark 55;SUBMISSION;VELVETFRUIT_EXTRACT;SEASHELLS;5242;3
616000;SUBMISSION;Mark 55;VELVETFRUIT_EXTRACT;SEASHELLS;5231;6
618400;SUBMISSION;Mark 38;VEV_4000;SEASHELLS;1224;2
621600;Mark 55;SUBMISSION;VELVETFRUIT_EXTRACT;SEASHELLS;5220;8
624500;SUBMISSION;Mark 55;VELVETFRUIT_EXTRACT;SEASHELLS;5222;4
624700;Mark 38;SUBMISSION;VEV_4000;SEASHELLS;1231;3
626300;SUBMISSION;Mark 55;VELVETFRUIT_EXTRACT;SEASHELLS;5235;5
630100;SUBMISSION;Mark 55;VELVETFRUIT_EXTRACT;SEASHELLS;5228;6
630700;SUBMISSION;Mark 38;VEV_4000;SEASHELLS;1227;1
632400;Mark 55;SUBMISSION;VELVETFRUIT_EXTRACT;SEASHELLS;5231;4
632500;SUBMISSION;Mark 55;VELVETFRUIT_EXTRACT;SEASHELLS;5228;4
633200;Mark 55;SUBMISSION;VELVETFRUIT_EXTRACT;SEASHELLS;5231;3
636600;Mark 55;SUBMISSION;VELVETFRUIT_EXTRACT;SEASHELLS;5237;7
641800;SUBMISSION;Mark 38;VEV_4000;SEASHELLS;1236;2
647400;;SUBMISSION;VEV_5000;SEASHELLS;257;8
647400;;SUBMISSION;VEV_5000;SEASHELLS;256;22
647400;;SUBMISSION;VEV_5100;SEASHELLS;164;8
647400;;SUBMISSION;VEV_5100;SEASHELLS;163;22
647500;;SUBMISSION;VEV_5000;SEASHELLS;256;30
647500;;SUBMISSION;VEV_5100;SEASHELLS;163;30
648500;SUBMISSION;Mark 55;VELVETFRUIT_EXTRACT;SEASHELLS;5252;4
649500;Mark 55;SUBMISSION;VELVETFRUIT_EXTRACT;SEASHELLS;5253;8
651500;;SUBMISSION;VEV_5100;SEASHELLS;163;30
651600;;SUBMISSION;VEV_5000;SEASHELLS;256;27
651600;;SUBMISSION;VEV_5100;SEASHELLS;164;12
651600;;SUBMISSION;VEV_5100;SEASHELLS;163;15
651800;;SUBMISSION;VEV_5000;SEASHELLS;257;9
651800;;SUBMISSION;VEV_5000;SEASHELLS;256;16
652100;;SUBMISSION;VEV_5000;SEASHELLS;257;12
652100;;SUBMISSION;VEV_5000;SEASHELLS;256;14
652200;;SUBMISSION;VEV_4000;SEASHELLS;1249;10
652200;;SUBMISSION;VEV_4000;SEASHELLS;1246;20
652300;;SUBMISSION;VEV_4000;SEASHELLS;1259;5
652300;;SUBMISSION;VEV_4000;SEASHELLS;1248;8
652300;;SUBMISSION;VEV_4000;SEASHELLS;1246;17
652300;;SUBMISSION;VEV_4500;SEASHELLS;759;5
652300;;SUBMISSION;VEV_4500;SEASHELLS;751;9
652300;;SUBMISSION;VEV_4500;SEASHELLS;749;15
653400;SUBMISSION;;VELVETFRUIT_EXTRACT;SEASHELLS;5252;4
654500;SUBMISSION;Mark 55;VELVETFRUIT_EXTRACT;SEASHELLS;5254;8
656200;SUBMISSION;Mark 55;VELVETFRUIT_EXTRACT;SEASHELLS;5249;6
658700;;SUBMISSION;VEV_4000;SEASHELLS;1249;8
658700;;SUBMISSION;VEV_4000;SEASHELLS;1246;15
658700;;SUBMISSION;VEV_4500;SEASHELLS;751;10
658700;;SUBMISSION;VEV_4500;SEASHELLS;749;12
658800;;SUBMISSION;VEV_4000;SEASHELLS;1249;13
658800;;SUBMISSION;VEV_4000;SEASHELLS;1246;17
658800;;SUBMISSION;VEV_4500;SEASHELLS;751;8
658800;;SUBMISSION;VEV_4500;SEASHELLS;750;22
658900;;SUBMISSION;VEV_4500;SEASHELLS;753;8
658900;;SUBMISSION;VEV_4500;SEASHELLS;751;21
659100;;SUBMISSION;VEV_4500;SEASHELLS;754;12
659100;;SUBMISSION;VEV_4500;SEASHELLS;752;14
659500;;SUBMISSION;VEV_5100;SEASHELLS;168;20
663600;Mark 55;SUBMISSION;VELVETFRUIT_EXTRACT;SEASHELLS;5261;7
666300;SUBMISSION;Mark 38;VEV_4000;SEASHELLS;1254;3
666400;Mark 55;SUBMISSION;VELVETFRUIT_EXTRACT;SEASHELLS;5260;7
667100;SUBMISSION;Mark 38;VEV_4000;SEASHELLS;1252;3
676800;Mark 55;SUBMISSION;VELVETFRUIT_EXTRACT;SEASHELLS;5254;8
682700;SUBMISSION;Mark 55;VELVETFRUIT_EXTRACT;SEASHELLS;5246;4
686200;Mark 38;SUBMISSION;VEV_4000;SEASHELLS;1250;3
686500;SUBMISSION;;VELVETFRUIT_EXTRACT;SEASHELLS;5244;4
686800;Mark 55;SUBMISSION;VELVETFRUIT_EXTRACT;SEASHELLS;5248;4
687600;SUBMISSION;Mark 55;VELVETFRUIT_EXTRACT;SEASHELLS;5245;3
688300;SUBMISSION;Mark 55;VELVETFRUIT_EXTRACT;SEASHELLS;5241;4
689300;SUBMISSION;Mark 55;VELVETFRUIT_EXTRACT;SEASHELLS;5239;4
690000;SUBMISSION;Mark 55;VELVETFRUIT_EXTRACT;SEASHELLS;5239;6
699000;SUBMISSION;Mark 38;VEV_4000;SEASHELLS;1240;1
699800;;SUBMISSION;VELVETFRUIT_EXTRACT;SEASHELLS;5246;13
700300;SUBMISSION;Mark 22;VEV_5300;SEASHELLS;32;1
702400;Mark 38;SUBMISSION;VEV_4000;SEASHELLS;1250;2
702500;Mark 55;SUBMISSION;VELVETFRUIT_EXTRACT;SEASHELLS;5246;4
707000;SUBMISSION;Mark 38;VEV_4000;SEASHELLS;1239;1
707500;SUBMISSION;Mark 55;VELVETFRUIT_EXTRACT;SEASHELLS;5245;6
707800;;SUBMISSION;VELVETFRUIT_EXTRACT;SEASHELLS;5246;2
708400;Mark 38;SUBMISSION;VEV_4000;SEASHELLS;1262;1
711300;Mark 55;SUBMISSION;VELVETFRUIT_EXTRACT;SEASHELLS;5265;7
715600;Mark 55;SUBMISSION;VELVETFRUIT_EXTRACT;SEASHELLS;5261;3
723100;Mark 55;SUBMISSION;VELVETFRUIT_EXTRACT;SEASHELLS;5258;3
723700;SUBMISSION;Mark 55;VELVETFRUIT_EXTRACT;SEASHELLS;5256;6
726100;Mark 55;SUBMISSION;VELVETFRUIT_EXTRACT;SEASHELLS;5258;5
726300;Mark 55;SUBMISSION;VELVETFRUIT_EXTRACT;SEASHELLS;5258;3
726500;Mark 55;SUBMISSION;VELVETFRUIT_EXTRACT;SEASHELLS;5257;3
726600;SUBMISSION;Mark 55;VELVETFRUIT_EXTRACT;SEASHELLS;5254;3
727000;Mark 55;SUBMISSION;VELVETFRUIT_EXTRACT;SEASHELLS;5258;3
728200;Mark 55;SUBMISSION;VELVETFRUIT_EXTRACT;SEASHELLS;5258;8
729000;SUBMISSION;Mark 55;VELVETFRUIT_EXTRACT;SEASHELLS;5255;6
731400;SUBMISSION;Mark 55;VELVETFRUIT_EXTRACT;SEASHELLS;5248;4
732900;Mark 38;SUBMISSION;VEV_4000;SEASHELLS;1256;1
734000;SUBMISSION;Mark 38;VEV_4000;SEASHELLS;1246;2
734200;SUBMISSION;Mark 38;VEV_4000;SEASHELLS;1245;2
740800;Mark 55;SUBMISSION;VELVETFRUIT_EXTRACT;SEASHELLS;5241;7
740900;SUBMISSION;Mark 55;VELVETFRUIT_EXTRACT;SEASHELLS;5237;4
742300;SUBMISSION;Mark 55;VELVETFRUIT_EXTRACT;SEASHELLS;5241;3
743900;Mark 38;SUBMISSION;VEV_4000;SEASHELLS;1246;2
744800;SUBMISSION;Mark 55;VELVETFRUIT_EXTRACT;SEASHELLS;5243;4
746000;SUBMISSION;Mark 55;VELVETFRUIT_EXTRACT;SEASHELLS;5241;4
746600;SUBMISSION;Mark 55;VELVETFRUIT_EXTRACT;SEASHELLS;5237;5
750300;SUBMISSION;;VELVETFRUIT_EXTRACT;SEASHELLS;5232;3
750700;Mark 55;SUBMISSION;VELVETFRUIT_EXTRACT;SEASHELLS;5233;3
751500;SUBMISSION;Mark 55;VELVETFRUIT_EXTRACT;SEASHELLS;5226;7
751700;SUBMISSION;Mark 55;VELVETFRUIT_EXTRACT;SEASHELLS;5226;7
752300;Mark 38;SUBMISSION;VEV_4000;SEASHELLS;1232;2
753700;;SUBMISSION;VELVETFRUIT_EXTRACT;SEASHELLS;5228;11
755700;Mark 55;SUBMISSION;VELVETFRUIT_EXTRACT;SEASHELLS;5234;3
756900;SUBMISSION;Mark 55;VELVETFRUIT_EXTRACT;SEASHELLS;5236;7
757100;Mark 55;SUBMISSION;VELVETFRUIT_EXTRACT;SEASHELLS;5239;6
758700;Mark 55;SUBMISSION;VELVETFRUIT_EXTRACT;SEASHELLS;5237;8
759300;SUBMISSION;Mark 55;VELVETFRUIT_EXTRACT;SEASHELLS;5230;8
759500;SUBMISSION;Mark 55;VELVETFRUIT_EXTRACT;SEASHELLS;5227;5
759800;SUBMISSION;Mark 55;VELVETFRUIT_EXTRACT;SEASHELLS;5227;4
761200;SUBMISSION;Mark 55;VELVETFRUIT_EXTRACT;SEASHELLS;5226;7
761400;Mark 55;SUBMISSION;VELVETFRUIT_EXTRACT;SEASHELLS;5226;7
762800;Mark 55;SUBMISSION;VELVETFRUIT_EXTRACT;SEASHELLS;5225;5
763700;SUBMISSION;Mark 55;VELVETFRUIT_EXTRACT;SEASHELLS;5220;3
769000;Mark 55;SUBMISSION;VELVETFRUIT_EXTRACT;SEASHELLS;5237;6
769200;SUBMISSION;;VELVETFRUIT_EXTRACT;SEASHELLS;5234;1
771100;Mark 55;SUBMISSION;VELVETFRUIT_EXTRACT;SEASHELLS;5237;4
771200;Mark 55;SUBMISSION;VELVETFRUIT_EXTRACT;SEASHELLS;5237;6
772800;Mark 38;SUBMISSION;VEV_4000;SEASHELLS;1234;3
773400;SUBMISSION;Mark 55;VELVETFRUIT_EXTRACT;SEASHELLS;5228;6
776400;SUBMISSION;Mark 55;VELVETFRUIT_EXTRACT;SEASHELLS;5231;3
776800;SUBMISSION;;VELVETFRUIT_EXTRACT;SEASHELLS;5230;1
779300;Mark 55;SUBMISSION;VELVETFRUIT_EXTRACT;SEASHELLS;5233;7
779900;SUBMISSION;;VELVETFRUIT_EXTRACT;SEASHELLS;5230;7
780000;SUBMISSION;Mark 38;VEV_4000;SEASHELLS;1228;1
780500;Mark 55;SUBMISSION;VELVETFRUIT_EXTRACT;SEASHELLS;5236;8
781600;Mark 55;SUBMISSION;VELVETFRUIT_EXTRACT;SEASHELLS;5237;5
782500;Mark 55;SUBMISSION;VELVETFRUIT_EXTRACT;SEASHELLS;5238;8
783500;Mark 55;SUBMISSION;VELVETFRUIT_EXTRACT;SEASHELLS;5244;8
785100;Mark 55;SUBMISSION;VELVETFRUIT_EXTRACT;SEASHELLS;5244;5
785200;SUBMISSION;Mark 55;VELVETFRUIT_EXTRACT;SEASHELLS;5241;4
786800;SUBMISSION;Mark 55;VELVETFRUIT_EXTRACT;SEASHELLS;5245;5
787700;Mark 55;SUBMISSION;VELVETFRUIT_EXTRACT;SEASHELLS;5251;6
789300;SUBMISSION;Mark 38;VEV_4000;SEASHELLS;1246;1
792400;Mark 38;SUBMISSION;VEV_4000;SEASHELLS;1255;3
792900;SUBMISSION;Mark 38;VEV_4000;SEASHELLS;1244;2
793200;SUBMISSION;;VELVETFRUIT_EXTRACT;SEASHELLS;5246;12
793700;Mark 55;SUBMISSION;VELVETFRUIT_EXTRACT;SEASHELLS;5249;8
797100;SUBMISSION;Mark 38;VEV_4000;SEASHELLS;1245;3
801400;Mark 55;SUBMISSION;VELVETFRUIT_EXTRACT;SEASHELLS;5246;4
804500;SUBMISSION;Mark 38;VEV_4000;SEASHELLS;1247;2
804800;SUBMISSION;Mark 55;VELVETFRUIT_EXTRACT;SEASHELLS;5252;5
807000;Mark 55;SUBMISSION;VELVETFRUIT_EXTRACT;SEASHELLS;5263;7
807100;Mark 55;SUBMISSION;VELVETFRUIT_EXTRACT;SEASHELLS;5262;6
807400;Mark 55;SUBMISSION;VELVETFRUIT_EXTRACT;SEASHELLS;5261;5
809100;Mark 55;SUBMISSION;VELVETFRUIT_EXTRACT;SEASHELLS;5261;8
810000;SUBMISSION;Mark 55;VELVETFRUIT_EXTRACT;SEASHELLS;5259;4
810500;SUBMISSION;;VELVETFRUIT_EXTRACT;SEASHELLS;5258;2
810500;Mark 22;SUBMISSION;VELVETFRUIT_EXTRACT;SEASHELLS;5259;10
811100;Mark 38;SUBMISSION;VEV_4000;SEASHELLS;1267;2
812400;SUBMISSION;Mark 55;VELVETFRUIT_EXTRACT;SEASHELLS;5262;4
813400;SUBMISSION;Mark 55;VELVETFRUIT_EXTRACT;SEASHELLS;5266;3
813800;Mark 55;SUBMISSION;VELVETFRUIT_EXTRACT;SEASHELLS;5271;4
816500;SUBMISSION;Mark 38;VEV_4000;SEASHELLS;1251;1
823700;Mark 55;SUBMISSION;VELVETFRUIT_EXTRACT;SEASHELLS;5247;6
828200;SUBMISSION;Mark 55;VELVETFRUIT_EXTRACT;SEASHELLS;5247;6
829000;SUBMISSION;Mark 55;VELVETFRUIT_EXTRACT;SEASHELLS;5243;6
832500;Mark 55;SUBMISSION;VELVETFRUIT_EXTRACT;SEASHELLS;5244;4
833000;SUBMISSION;Mark 55;VELVETFRUIT_EXTRACT;SEASHELLS;5238;8
835500;Mark 55;SUBMISSION;VELVETFRUIT_EXTRACT;SEASHELLS;5237;6
837100;Mark 55;SUBMISSION;VELVETFRUIT_EXTRACT;SEASHELLS;5242;3
839000;SUBMISSION;Mark 55;VELVETFRUIT_EXTRACT;SEASHELLS;5240;7
839200;Mark 55;SUBMISSION;VELVETFRUIT_EXTRACT;SEASHELLS;5245;3
840500;Mark 55;SUBMISSION;VELVETFRUIT_EXTRACT;SEASHELLS;5240;4
840800;SUBMISSION;Mark 38;VEV_4000;SEASHELLS;1233;1
842400;Mark 55;SUBMISSION;VELVETFRUIT_EXTRACT;SEASHELLS;5238;8
842800;SUBMISSION;;VELVETFRUIT_EXTRACT;SEASHELLS;5238;14
843500;SUBMISSION;;VELVETFRUIT_EXTRACT;SEASHELLS;5238;15
845100;SUBMISSION;Mark 38;VEV_4000;SEASHELLS;1237;3
846000;SUBMISSION;Mark 55;VELVETFRUIT_EXTRACT;SEASHELLS;5238;6
847200;Mark 55;SUBMISSION;VELVETFRUIT_EXTRACT;SEASHELLS;5244;7
851100;Mark 38;SUBMISSION;VEV_4000;SEASHELLS;1249;1
852100;Mark 55;SUBMISSION;VELVETFRUIT_EXTRACT;SEASHELLS;5245;4
852100;Mark 38;SUBMISSION;VEV_4000;SEASHELLS;1249;1
857500;Mark 38;SUBMISSION;VEV_4000;SEASHELLS;1253;1
860900;SUBMISSION;Mark 55;VELVETFRUIT_EXTRACT;SEASHELLS;5234;3
861400;SUBMISSION;Mark 55;VELVETFRUIT_EXTRACT;SEASHELLS;5237;7
861900;SUBMISSION;Mark 38;VEV_4000;SEASHELLS;1233;2
863700;SUBMISSION;;VELVETFRUIT_EXTRACT;SEASHELLS;5230;14
864700;SUBMISSION;Mark 55;VELVETFRUIT_EXTRACT;SEASHELLS;5230;7
867000;SUBMISSION;;VELVETFRUIT_EXTRACT;SEASHELLS;5232;5
868200;SUBMISSION;Mark 55;VELVETFRUIT_EXTRACT;SEASHELLS;5234;3
868400;SUBMISSION;Mark 55;VELVETFRUIT_EXTRACT;SEASHELLS;5234;6
868600;Mark 55;SUBMISSION;VELVETFRUIT_EXTRACT;SEASHELLS;5238;3
875600;Mark 55;SUBMISSION;VELVETFRUIT_EXTRACT;SEASHELLS;5239;5
876300;SUBMISSION;Mark 55;VELVETFRUIT_EXTRACT;SEASHELLS;5238;6
877100;Mark 55;SUBMISSION;VELVETFRUIT_EXTRACT;SEASHELLS;5241;7
877200;Mark 38;SUBMISSION;VEV_4000;SEASHELLS;1244;3
877500;SUBMISSION;Mark 38;VEV_4000;SEASHELLS;1232;3
877600;Mark 55;SUBMISSION;VELVETFRUIT_EXTRACT;SEASHELLS;5239;7
882000;SUBMISSION;Mark 55;VELVETFRUIT_EXTRACT;SEASHELLS;5224;3
883400;SUBMISSION;Mark 55;VELVETFRUIT_EXTRACT;SEASHELLS;5222;7
884000;SUBMISSION;Mark 55;VELVETFRUIT_EXTRACT;SEASHELLS;5222;4
885900;SUBMISSION;Mark 38;VEV_4000;SEASHELLS;1226;2
886500;Mark 55;SUBMISSION;VELVETFRUIT_EXTRACT;SEASHELLS;5231;5
887000;Mark 38;SUBMISSION;VEV_4000;SEASHELLS;1236;3
895700;Mark 55;SUBMISSION;VELVETFRUIT_EXTRACT;SEASHELLS;5244;7
896800;SUBMISSION;Mark 55;VELVETFRUIT_EXTRACT;SEASHELLS;5241;1
900200;Mark 55;SUBMISSION;VELVETFRUIT_EXTRACT;SEASHELLS;5251;6
902100;SUBMISSION;Mark 55;VELVETFRUIT_EXTRACT;SEASHELLS;5247;5
903300;Mark 55;SUBMISSION;VELVETFRUIT_EXTRACT;SEASHELLS;5255;4
903800;SUBMISSION;Mark 55;VELVETFRUIT_EXTRACT;SEASHELLS;5253;3
904900;Mark 55;SUBMISSION;VELVETFRUIT_EXTRACT;SEASHELLS;5256;7
905100;Mark 55;SUBMISSION;VELVETFRUIT_EXTRACT;SEASHELLS;5257;6
905200;Mark 55;SUBMISSION;VELVETFRUIT_EXTRACT;SEASHELLS;5258;8
908100;Mark 55;SUBMISSION;VELVETFRUIT_EXTRACT;SEASHELLS;5255;7
908400;SUBMISSION;;VELVETFRUIT_EXTRACT;SEASHELLS;5254;14
912600;SUBMISSION;;VELVETFRUIT_EXTRACT;SEASHELLS;5250;9
915100;Mark 55;SUBMISSION;VELVETFRUIT_EXTRACT;SEASHELLS;5255;4
916400;SUBMISSION;Mark 55;VELVETFRUIT_EXTRACT;SEASHELLS;5250;8
916800;SUBMISSION;Mark 38;VEV_4000;SEASHELLS;1245;1
916900;SUBMISSION;Mark 55;VELVETFRUIT_EXTRACT;SEASHELLS;5247;6
917300;SUBMISSION;Mark 38;VEV_4000;SEASHELLS;1243;3
921600;SUBMISSION;Mark 38;VEV_4000;SEASHELLS;1252;1
922400;SUBMISSION;Mark 38;VEV_4000;SEASHELLS;1253;3
923500;SUBMISSION;Mark 55;VELVETFRUIT_EXTRACT;SEASHELLS;5256;8
923900;Mark 38;SUBMISSION;VEV_4000;SEASHELLS;1265;2
925000;SUBMISSION;Mark 38;VEV_4000;SEASHELLS;1251;1
927100;SUBMISSION;Mark 55;VELVETFRUIT_EXTRACT;SEASHELLS;5256;4
927200;SUBMISSION;Mark 55;VELVETFRUIT_EXTRACT;SEASHELLS;5257;4
927700;SUBMISSION;Mark 55;VELVETFRUIT_EXTRACT;SEASHELLS;5259;6
928700;SUBMISSION;Mark 55;VELVETFRUIT_EXTRACT;SEASHELLS;5259;4
929200;;SUBMISSION;VEV_4000;SEASHELLS;1253;11
929200;;SUBMISSION;VEV_4000;SEASHELLS;1251;15
931600;;SUBMISSION;VELVETFRUIT_EXTRACT;SEASHELLS;5266;24
935900;SUBMISSION;Mark 55;VELVETFRUIT_EXTRACT;SEASHELLS;5251;6
936500;SUBMISSION;Mark 55;VELVETFRUIT_EXTRACT;SEASHELLS;5252;5
941000;SUBMISSION;Mark 38;VEV_4000;SEASHELLS;1252;2
941800;Mark 38;SUBMISSION;VEV_4000;SEASHELLS;1263;3
943100;Mark 55;SUBMISSION;VELVETFRUIT_EXTRACT;SEASHELLS;5262;4
943900;Mark 55;SUBMISSION;VELVETFRUIT_EXTRACT;SEASHELLS;5269;5
947100;;SUBMISSION;VEV_5300;SEASHELLS;41;8
947100;;SUBMISSION;VEV_5300;SEASHELLS;40;14
947200;;SUBMISSION;VEV_5300;SEASHELLS;41;26
947300;;SUBMISSION;VEV_5300;SEASHELLS;41;27
947600;;SUBMISSION;VEV_5300;SEASHELLS;41;19
947700;;SUBMISSION;VEV_5300;SEASHELLS;41;20
947800;;SUBMISSION;VEV_5300;SEASHELLS;42;21
949600;Mark 55;SUBMISSION;VELVETFRUIT_EXTRACT;SEASHELLS;5279;7
950400;SUBMISSION;Mark 55;VELVETFRUIT_EXTRACT;SEASHELLS;5272;8
951700;Mark 55;SUBMISSION;VELVETFRUIT_EXTRACT;SEASHELLS;5275;6
952200;Mark 55;SUBMISSION;VELVETFRUIT_EXTRACT;SEASHELLS;5273;4
953500;SUBMISSION;;VELVETFRUIT_EXTRACT;SEASHELLS;5270;6
956900;SUBMISSION;Mark 22;VELVETFRUIT_EXTRACT;SEASHELLS;5269;2
958600;Mark 55;SUBMISSION;VELVETFRUIT_EXTRACT;SEASHELLS;5274;3
961200;SUBMISSION;Mark 55;VELVETFRUIT_EXTRACT;SEASHELLS;5271;8
961500;SUBMISSION;Mark 55;VELVETFRUIT_EXTRACT;SEASHELLS;5270;7
964500;SUBMISSION;Mark 55;VELVETFRUIT_EXTRACT;SEASHELLS;5275;6
966900;Mark 55;SUBMISSION;VELVETFRUIT_EXTRACT;SEASHELLS;5273;3
968600;SUBMISSION;Mark 55;VELVETFRUIT_EXTRACT;SEASHELLS;5264;4
969100;;SUBMISSION;VELVETFRUIT_EXTRACT;SEASHELLS;5262;21
973300;Mark 55;SUBMISSION;VELVETFRUIT_EXTRACT;SEASHELLS;5257;5
976400;Mark 55;SUBMISSION;VELVETFRUIT_EXTRACT;SEASHELLS;5250;3
980100;Mark 55;SUBMISSION;VELVETFRUIT_EXTRACT;SEASHELLS;5246;7
983000;SUBMISSION;Mark 55;VELVETFRUIT_EXTRACT;SEASHELLS;5243;4
984300;SUBMISSION;;VELVETFRUIT_EXTRACT;SEASHELLS;5244;11
984800;SUBMISSION;Mark 55;VELVETFRUIT_EXTRACT;SEASHELLS;5245;5
986000;SUBMISSION;Mark 55;VELVETFRUIT_EXTRACT;SEASHELLS;5240;3
989700;SUBMISSION;Mark 55;VELVETFRUIT_EXTRACT;SEASHELLS;5235;5
993700;Mark 55;SUBMISSION;VELVETFRUIT_EXTRACT;SEASHELLS;5241;3
995300;SUBMISSION;Mark 55;VELVETFRUIT_EXTRACT;SEASHELLS;5236;3
997500;Mark 55;SUBMISSION;VELVETFRUIT_EXTRACT;SEASHELLS;5239;5
