timestamp;buyer;seller;symbol;currency;price;quantity
0;;SUBMISSION;VELVETFRUIT_EXTRACT;XIREC;5293.0;50
0;;SUBMISSION;VEV_4000;XIREC;1285.0;9
0;;SUBMISSION;VEV_4000;XIREC;1282.0;30
0;;SUBMISSION;VEV_4500;XIREC;787.0;7
0;;SUBMISSION;VEV_4500;XIREC;785.0;14
0;;SUBMISSION;VEV_5000;XIREC;293.0;21
0;;SUBMISSION;VEV_5100;XIREC;199.0;21
0;;SUBMISSION;VEV_5200;XIREC;118.0;7
0;;SUBMISSION;VEV_5200;XIREC;117.0;14
0;;SUBMISSION;VEV_5300;XIREC;57.0;20
0;;SUBMISSION;VEV_5400;XIREC;20.0;20
100;;SUBMISSION;VELVETFRUIT_EXTRACT;XIREC;5294.0;16
100;;SUBMISSION;VELVETFRUIT_EXTRACT;XIREC;5293.0;34
100;;SUBMISSION;VEV_4000;XIREC;1296.0;4
100;;SUBMISSION;VEV_4000;XIREC;1285.0;8
100;;SUBMISSION;VEV_4000;XIREC;1283.0;20
100;;SUBMISSION;VEV_4500;XIREC;796.0;4
100;;SUBMISSION;VEV_4500;XIREC;788.0;7
100;;SUBMISSION;VEV_4500;XIREC;786.0;20
100;;SUBMISSION;VEV_5000;XIREC;297.0;4
100;;SUBMISSION;VEV_5000;XIREC;294.0;7
100;;SUBMISSION;VEV_5000;XIREC;293.0;20
100;;SUBMISSION;VEV_5100;XIREC;202.0;4
100;;SUBMISSION;VEV_5100;XIREC;200.0;7
100;;SUBMISSION;VEV_5100;XIREC;199.0;20
100;;SUBMISSION;VEV_5200;XIREC;119.0;4
100;;SUBMISSION;VEV_5200;XIREC;118.0;26
100;;SUBMISSION;VEV_5300;XIREC;58.0;4
100;;SUBMISSION;VEV_5300;XIREC;57.0;16
100;;SUBMISSION;VEV_5400;XIREC;20.0;20
200;;SUBMISSION;VELVETFRUIT_EXTRACT;XIREC;5294.0;20
200;;SUBMISSION;VELVETFRUIT_EXTRACT;XIREC;5293.0;30
200;;SUBMISSION;VEV_4000;XIREC;1286.0;14
200;;SUBMISSION;VEV_4000;XIREC;1283.0;25
200;;SUBMISSION;VEV_4500;XIREC;788.0;6
200;;SUBMISSION;VEV_4500;XIREC;786.0;14
200;;SUBMISSION;VEV_5000;XIREC;294.0;20
200;;SUBMISSION;VEV_5100;XIREC;200.0;6
200;;SUBMISSION;VEV_5100;XIREC;199.0;14
200;;SUBMISSION;VEV_5200;XIREC;118.0;20
200;;SUBMISSION;VEV_5300;XIREC;57.0;20
200;;SUBMISSION;VEV_5400;XIREC;20.0;20
300;;SUBMISSION;VELVETFRUIT_EXTRACT;XIREC;5294.0;23
300;;SUBMISSION;VELVETFRUIT_EXTRACT;XIREC;5293.0;27
300;;SUBMISSION;VEV_4000;XIREC;1285.0;13
300;;SUBMISSION;VEV_4000;XIREC;1283.0;22
300;;SUBMISSION;VEV_4500;XIREC;788.0;7
300;;SUBMISSION;VEV_4500;XIREC;786.0;18
300;;SUBMISSION;VEV_5000;XIREC;294.0;7
300;;SUBMISSION;VEV_5000;XIREC;293.0;18
300;;SUBMISSION;VEV_5100;XIREC;200.0;7
300;;SUBMISSION;VEV_5100;XIREC;199.0;18
300;;SUBMISSION;VEV_5200;XIREC;118.0;25
300;;SUBMISSION;VEV_5300;XIREC;57.0;20
300;;SUBMISSION;VEV_5400;XIREC;20.0;20
400;;SUBMISSION;VEV_4000;XIREC;1285.0;12
400;;SUBMISSION;VEV_4000;XIREC;1282.0;21
400;;SUBMISSION;VEV_4500;XIREC;787.0;11
400;;SUBMISSION;VEV_4500;XIREC;785.0;13
400;;SUBMISSION;VEV_5000;XIREC;293.0;11
400;;SUBMISSION;VEV_5000;XIREC;292.0;13
400;;SUBMISSION;VEV_5100;XIREC;199.0;11
400;;SUBMISSION;VEV_5100;XIREC;198.0;13
400;;SUBMISSION;VEV_5200;XIREC;117.0;24
400;;SUBMISSION;VEV_5300;XIREC;57.0;20
400;;SUBMISSION;VEV_5400;XIREC;19.0;20
500;;SUBMISSION;VEV_4000;XIREC;1284.0;15
500;;SUBMISSION;VEV_4000;XIREC;1281.0;27
500;;SUBMISSION;VEV_4500;XIREC;786.0;8
500;;SUBMISSION;VEV_4500;XIREC;784.0;18
500;;SUBMISSION;VEV_5000;XIREC;293.0;8
500;;SUBMISSION;VEV_5000;XIREC;292.0;18
500;;SUBMISSION;VEV_5100;XIREC;198.0;26
500;;SUBMISSION;VEV_5200;XIREC;117.0;26
500;;SUBMISSION;VEV_5300;XIREC;57.0;20
500;;SUBMISSION;VEV_5400;XIREC;19.0;20
600;;SUBMISSION;VEV_4000;XIREC;1284.0;13
600;;SUBMISSION;VEV_4000;XIREC;1282.0;21
600;;SUBMISSION;VEV_4500;XIREC;787.0;7
600;;SUBMISSION;VEV_4500;XIREC;785.0;13
600;;SUBMISSION;VEV_5000;XIREC;293.0;7
600;;SUBMISSION;VEV_5000;XIREC;292.0;13
600;;SUBMISSION;VEV_5100;XIREC;199.0;7
600;;SUBMISSION;VEV_5100;XIREC;198.0;13
600;;SUBMISSION;VEV_5200;XIREC;117.0;20
600;;SUBMISSION;VEV_5300;XIREC;57.0;20
600;;SUBMISSION;VEV_5400;XIREC;19.0;20
700;;SUBMISSION;VEV_4000;XIREC;1285.0;14
700;;SUBMISSION;VEV_4000;XIREC;1282.0;29
700;;SUBMISSION;VEV_4500;XIREC;787.0;8
700;;SUBMISSION;VEV_4500;XIREC;785.0;12
700;;SUBMISSION;VEV_5000;XIREC;294.0;8
700;;SUBMISSION;VEV_5000;XIREC;293.0;12
700;;SUBMISSION;VEV_5100;XIREC;199.0;20
700;;SUBMISSION;VEV_5200;XIREC;118.0;20
700;;SUBMISSION;VEV_5300;XIREC;57.0;20
700;;SUBMISSION;VEV_5400;XIREC;20.0;20
800;;SUBMISSION;VEV_4000;XIREC;1286.0;3
800;;SUBMISSION;VEV_4500;XIREC;789.0;6
800;;SUBMISSION;VEV_4500;XIREC;787.0;22
800;;SUBMISSION;VEV_5000;XIREC;295.0;6
800;;SUBMISSION;VEV_5000;XIREC;294.0;22
800;;SUBMISSION;VEV_5100;XIREC;201.0;6
800;;SUBMISSION;VEV_5100;XIREC;200.0;22
800;;SUBMISSION;VEV_5200;XIREC;119.0;28
800;;SUBMISSION;VEV_5300;XIREC;58.0;15
800;;SUBMISSION;VEV_5400;XIREC;20.0;15
900;;SUBMISSION;VEV_4500;XIREC;788.0;9
900;;SUBMISSION;VEV_4500;XIREC;786.0;13
900;;SUBMISSION;VEV_5000;XIREC;294.0;22
900;;SUBMISSION;VEV_5100;XIREC;200.0;22
900;;SUBMISSION;VEV_5200;XIREC;118.0;22
900;;SUBMISSION;VEV_5300;XIREC;58.0;5
900;;SUBMISSION;VEV_5300;XIREC;57.0;15
900;;SUBMISSION;VEV_5400;XIREC;20.0;20
1000;;SUBMISSION;VEV_4500;XIREC;788.0;9
1000;;SUBMISSION;VEV_4500;XIREC;786.0;23
1000;;SUBMISSION;VEV_5000;XIREC;295.0;9
1000;;SUBMISSION;VEV_5000;XIREC;294.0;23
1000;;SUBMISSION;VEV_5100;XIREC;200.0;32
1000;;SUBMISSION;VEV_5200;XIREC;119.0;9
1000;;SUBMISSION;VEV_5200;XIREC;118.0;21
1000;;SUBMISSION;VEV_5300;XIREC;58.0;20
1000;;SUBMISSION;VEV_5400;XIREC;20.0;20
1100;;SUBMISSION;VEV_4500;XIREC;789.0;10
1100;;SUBMISSION;VEV_4500;XIREC;787.0;15
1100;;SUBMISSION;VEV_5000;XIREC;296.0;10
1100;;SUBMISSION;VEV_5000;XIREC;295.0;15
1100;;SUBMISSION;VEV_5100;XIREC;201.0;25
1100;;SUBMISSION;VEV_5200;XIREC;119.0;25
1100;;SUBMISSION;VEV_5300;XIREC;58.0;20
1100;;SUBMISSION;VEV_5400;XIREC;20.0;20
1200;;SUBMISSION;VEV_4500;XIREC;790.0;6
1200;;SUBMISSION;VEV_5000;XIREC;296.0;6
1200;;SUBMISSION;VEV_5100;XIREC;201.0;6
1200;;SUBMISSION;VEV_5200;XIREC;120.0;9
1200;;SUBMISSION;VEV_5300;XIREC;58.0;20
1200;;SUBMISSION;VEV_5400;XIREC;20.0;20
1300;;SUBMISSION;VEV_5300;XIREC;58.0;20
1300;;SUBMISSION;VEV_5400;XIREC;20.0;20
1400;;SUBMISSION;VEV_5300;XIREC;58.0;20
1400;;SUBMISSION;VEV_5400;XIREC;20.0;20
1500;;SUBMISSION;VEV_5300;XIREC;58.0;5
1500;;SUBMISSION;VEV_5400;XIREC;20.0;5
1700;Mark 14;Mark 38;VEV_4000;XIREC;1287.0;2
4400;Mark 38;Mark 14;HYDROGEL_PACK;XIREC;10028.0;6
4500;Mark 14;Mark 38;HYDROGEL_PACK;XIREC;10010.0;3
8100;Mark 14;Mark 38;HYDROGEL_PACK;XIREC;10008.0;5
8700;Mark 38;Mark 14;VEV_4000;XIREC;1310.0;2
10600;Mark 55;Mark 14;VELVETFRUIT_EXTRACT;XIREC;5296.0;3
14200;Mark 55;Mark 01;VELVETFRUIT_EXTRACT;XIREC;5293.0;5
17100;Mark 01;Mark 55;VELVETFRUIT_EXTRACT;XIREC;5283.0;5
18600;Mark 01;Mark 55;VELVETFRUIT_EXTRACT;XIREC;5275.0;3
18700;Mark 14;Mark 38;HYDROGEL_PACK;XIREC;10004.0;2
19200;Mark 38;Mark 14;HYDROGEL_PACK;XIREC;10020.0;4
19500;Mark 38;Mark 14;HYDROGEL_PACK;XIREC;10019.0;2
20100;Mark 55;Mark 14;VELVETFRUIT_EXTRACT;XIREC;5279.0;5
22300;;SUBMISSION;HYDROGEL_PACK;XIREC;10021.0;13
22300;;SUBMISSION;HYDROGEL_PACK;XIREC;10018.0;28
22300;Mark 38;Mark 14;HYDROGEL_PACK;XIREC;10037.0;4
22400;;SUBMISSION;HYDROGEL_PACK;XIREC;10022.0;11
22400;;SUBMISSION;HYDROGEL_PACK;XIREC;10019.0;25
22500;;SUBMISSION;HYDROGEL_PACK;XIREC;10025.0;12
22500;;SUBMISSION;HYDROGEL_PACK;XIREC;10022.0;27
22500;Mark 38;Mark 14;HYDROGEL_PACK;XIREC;10041.0;6
22600;;SUBMISSION;HYDROGEL_PACK;XIREC;10026.0;15
22600;;SUBMISSION;HYDROGEL_PACK;XIREC;10024.0;28
22700;;SUBMISSION;HYDROGEL_PACK;XIREC;10025.0;14
22700;;SUBMISSION;HYDROGEL_PACK;XIREC;10023.0;27
22800;Mark 38;Mark 14;VEV_4000;XIREC;1283.0;3
23900;Mark 14;Mark 38;HYDROGEL_PACK;XIREC;10022.0;2
24500;Mark 14;Mark 38;HYDROGEL_PACK;XIREC;10026.0;5
25300;SUBMISSION;;VEV_5400;XIREC;16.0;22
25500;SUBMISSION;;VEV_5400;XIREC;16.0;24
25600;SUBMISSION;;VEV_5400;XIREC;16.0;20
25600;Mark 14;Mark 38;HYDROGEL_PACK;XIREC;10026.0;3
25700;SUBMISSION;;VEV_5400;XIREC;15.0;29
25800;SUBMISSION;;VEV_5400;XIREC;15.0;15
25900;SUBMISSION;;VEV_5400;XIREC;15.0;19
26000;SUBMISSION;;VEV_5400;XIREC;15.0;25
26100;SUBMISSION;;VEV_5400;XIREC;15.0;22
26200;SUBMISSION;;VEV_5400;XIREC;16.0;28
26300;SUBMISSION;;VEV_5300;XIREC;47.0;17
26300;SUBMISSION;;VEV_5400;XIREC;15.0;17
26400;SUBMISSION;;VEV_5300;XIREC;46.0;7
26400;SUBMISSION;;VEV_5300;XIREC;47.0;14
26400;SUBMISSION;;VEV_5400;XIREC;15.0;21
26500;SUBMISSION;;VEV_5400;XIREC;15.0;28
26600;SUBMISSION;;VEV_5400;XIREC;16.0;19
26700;SUBMISSION;;VEV_5400;XIREC;16.0;11
28000;Mark 55;Mark 01;VELVETFRUIT_EXTRACT;XIREC;5275.0;5
28400;Mark 38;Mark 14;HYDROGEL_PACK;XIREC;10037.0;3
28500;Mark 14;Mark 55;VELVETFRUIT_EXTRACT;XIREC;5271.0;7
30200;SUBMISSION;;VEV_5300;XIREC;47.0;19
30300;SUBMISSION;;VEV_5300;XIREC;46.0;20
30400;SUBMISSION;;VEV_5300;XIREC;46.0;18
30500;SUBMISSION;;VEV_5300;XIREC;46.0;17
30600;SUBMISSION;;VEV_5300;XIREC;45.0;25
30700;SUBMISSION;;VEV_5300;XIREC;46.0;26
30800;SUBMISSION;;VEV_5300;XIREC;46.0;24
30900;SUBMISSION;;VEV_5300;XIREC;46.0;29
31000;SUBMISSION;;VEV_5300;XIREC;46.0;23
31100;SUBMISSION;;VEV_5300;XIREC;45.0;28
31200;SUBMISSION;;VEV_5300;XIREC;46.0;26
31300;SUBMISSION;;VEV_5300;XIREC;45.0;7
31300;Mark 14;Mark 38;HYDROGEL_PACK;XIREC;10032.0;3
31400;Mark 67;Mark 22;VELVETFRUIT_EXTRACT;XIREC;5264.0;7
32700;Mark 14;Mark 55;VELVETFRUIT_EXTRACT;XIREC;5265.0;5
32900;Mark 01;Mark 22;VEV_5300;XIREC;45.0;3
32900;Mark 01;Mark 22;VEV_5400;XIREC;14.0;3
32900;Mark 01;Mark 22;VEV_5500;XIREC;4.0;3
32900;Mark 01;Mark 22;VEV_6000;XIREC;0.0;3
32900;Mark 01;Mark 22;VEV_6500;XIREC;0.0;3
33400;Mark 14;Mark 55;VELVETFRUIT_EXTRACT;XIREC;5268.0;3
33600;Mark 01;Mark 22;VEV_5300;XIREC;46.0;2
33600;Mark 14;Mark 22;VEV_5400;XIREC;15.0;2
33600;Mark 01;Mark 22;VEV_5500;XIREC;4.0;2
33600;Mark 01;Mark 22;VEV_6000;XIREC;0.0;2
33600;Mark 01;Mark 22;VEV_6500;XIREC;0.0;2
33900;Mark 14;Mark 38;HYDROGEL_PACK;XIREC;10028.0;3
34200;Mark 38;Mark 14;HYDROGEL_PACK;XIREC;10039.0;6
35100;Mark 14;Mark 38;HYDROGEL_PACK;XIREC;10024.0;2
35500;Mark 14;Mark 38;HYDROGEL_PACK;XIREC;10024.0;5
37000;Mark 01;Mark 22;VEV_5400;XIREC;15.0;5
37000;Mark 01;Mark 22;VEV_5500;XIREC;4.0;5
37000;Mark 01;Mark 22;VEV_6000;XIREC;0.0;5
37000;Mark 01;Mark 22;VEV_6500;XIREC;0.0;5
37100;Mark 14;Mark 38;HYDROGEL_PACK;XIREC;10015.0;3
38400;Mark 14;Mark 38;HYDROGEL_PACK;XIREC;10016.0;4
38600;Mark 14;Mark 38;HYDROGEL_PACK;XIREC;10014.0;5
39100;SUBMISSION;;VEV_5200;XIREC;96.0;24
39100;Mark 01;Mark 55;VELVETFRUIT_EXTRACT;XIREC;5258.0;5
39200;SUBMISSION;;VEV_5200;XIREC;96.0;24
39400;SUBMISSION;;VEV_5200;XIREC;96.0;32
39500;SUBMISSION;;VEV_5200;XIREC;95.0;33
39500;Mark 14;Mark 55;VELVETFRUIT_EXTRACT;XIREC;5257.0;4
39600;SUBMISSION;;VEV_5200;XIREC;95.0;30
39700;SUBMISSION;;VEV_5200;XIREC;94.0;21
39800;SUBMISSION;;VEV_5200;XIREC;95.0;26
39800;Mark 55;Mark 14;VELVETFRUIT_EXTRACT;XIREC;5262.0;3
39900;SUBMISSION;;VEV_5200;XIREC;96.0;18
40000;SUBMISSION;;VEV_5200;XIREC;96.0;23
40100;SUBMISSION;;VEV_5200;XIREC;95.0;20
40200;SUBMISSION;;VEV_5200;XIREC;93.0;3
40200;SUBMISSION;;VEV_5200;XIREC;95.0;18
40200;SUBMISSION;;VEV_5500;XIREC;4.0;3
40200;SUBMISSION;;VEV_5500;XIREC;5.0;17
40200;Mark 01;Mark 22;VEV_5300;XIREC;41.0;3
40200;Mark 14;Mark 22;VEV_5400;XIREC;13.0;3
40200;Mark 01;Mark 22;VEV_6000;XIREC;0.0;3
40200;Mark 01;Mark 22;VEV_6500;XIREC;0.0;3
40300;SUBMISSION;;VEV_5200;XIREC;95.0;27
40400;SUBMISSION;;VEV_5200;XIREC;95.0;1
40500;SUBMISSION;;VEV_5100;XIREC;169.0;11
40500;SUBMISSION;;VEV_5100;XIREC;170.0;16
40500;SUBMISSION;;VEV_5500;XIREC;4.0;20
40600;SUBMISSION;;VEV_5100;XIREC;168.0;27
40600;SUBMISSION;;VEV_5500;XIREC;4.0;20
40700;SUBMISSION;;VEV_5100;XIREC;166.0;6
40700;SUBMISSION;;VEV_5100;XIREC;167.0;18
40700;SUBMISSION;;VEV_5500;XIREC;4.0;20
40800;SUBMISSION;;VEV_4500;XIREC;760.0;7
40800;SUBMISSION;;VEV_4500;XIREC;762.0;16
40800;SUBMISSION;;VEV_5000;XIREC;258.0;23
40800;SUBMISSION;;VEV_5100;XIREC;165.0;7
40800;SUBMISSION;;VEV_5100;XIREC;166.0;16
40800;SUBMISSION;;VEV_5500;XIREC;4.0;20
40900;SUBMISSION;;VELVETFRUIT_EXTRACT;XIREC;5254.0;23
40900;SUBMISSION;;VELVETFRUIT_EXTRACT;XIREC;5255.0;27
40900;SUBMISSION;;VEV_4000;XIREC;1262.0;9
40900;SUBMISSION;;VEV_4000;XIREC;1264.0;28
40900;SUBMISSION;;VEV_4500;XIREC;759.0;8
40900;SUBMISSION;;VEV_4500;XIREC;761.0;15
40900;SUBMISSION;;VEV_5000;XIREC;257.0;8
40900;SUBMISSION;;VEV_5000;XIREC;258.0;15
40900;SUBMISSION;;VEV_5100;XIREC;165.0;23
40900;SUBMISSION;;VEV_5500;XIREC;4.0;20
41000;SUBMISSION;;VELVETFRUIT_EXTRACT;XIREC;5253.0;19
41000;SUBMISSION;;VELVETFRUIT_EXTRACT;XIREC;5254.0;31
41000;SUBMISSION;;VEV_4000;XIREC;1261.0;10
41000;SUBMISSION;;VEV_4000;XIREC;1264.0;30
41000;SUBMISSION;;VEV_4500;XIREC;759.0;10
41000;SUBMISSION;;VEV_4500;XIREC;761.0;21
41000;SUBMISSION;;VEV_5000;XIREC;256.0;10
41000;SUBMISSION;;VEV_5000;XIREC;257.0;21
41000;SUBMISSION;;VEV_5100;XIREC;164.0;10
41000;SUBMISSION;;VEV_5100;XIREC;165.0;21
41000;SUBMISSION;;VEV_5500;XIREC;4.0;20
41100;SUBMISSION;;VELVETFRUIT_EXTRACT;XIREC;5254.0;50
41100;SUBMISSION;;VEV_4000;XIREC;1262.0;9
41100;SUBMISSION;;VEV_4000;XIREC;1264.0;16
41100;SUBMISSION;;VEV_4500;XIREC;759.0;6
41100;SUBMISSION;;VEV_4500;XIREC;761.0;12
41100;SUBMISSION;;VEV_5000;XIREC;257.0;18
41100;SUBMISSION;;VEV_5100;XIREC;164.0;6
41100;SUBMISSION;;VEV_5100;XIREC;165.0;12
41100;SUBMISSION;;VEV_5500;XIREC;4.0;20
41200;SUBMISSION;;VELVETFRUIT_EXTRACT;XIREC;5254.0;49
41200;SUBMISSION;;VEV_4000;XIREC;1262.0;15
41200;SUBMISSION;;VEV_4000;XIREC;1264.0;28
41200;SUBMISSION;;VEV_4500;XIREC;759.0;8
41200;SUBMISSION;;VEV_4500;XIREC;761.0;16
41200;SUBMISSION;;VEV_5000;XIREC;257.0;24
41200;SUBMISSION;;VEV_5100;XIREC;165.0;24
41200;SUBMISSION;;VEV_5500;XIREC;4.0;20
41300;SUBMISSION;;VEV_4500;XIREC;760.0;6
41300;SUBMISSION;;VEV_4500;XIREC;762.0;21
41300;SUBMISSION;;VEV_5000;XIREC;258.0;27
41300;SUBMISSION;;VEV_5100;XIREC;165.0;6
41300;SUBMISSION;;VEV_5100;XIREC;166.0;21
41300;SUBMISSION;;VEV_5500;XIREC;4.0;20
41400;SUBMISSION;;VELVETFRUIT_EXTRACT;XIREC;5254.0;1
41400;SUBMISSION;;VEV_4000;XIREC;1262.0;13
41400;SUBMISSION;;VEV_4000;XIREC;1264.0;30
41400;SUBMISSION;;VEV_4500;XIREC;759.0;11
41400;SUBMISSION;;VEV_4500;XIREC;761.0;17
41400;SUBMISSION;;VEV_5000;XIREC;257.0;28
41400;SUBMISSION;;VEV_5100;XIREC;165.0;28
41400;SUBMISSION;;VEV_5500;XIREC;4.0;20
41500;SUBMISSION;;VEV_4500;XIREC;760.0;6
41500;SUBMISSION;;VEV_4500;XIREC;762.0;22
41500;SUBMISSION;;VEV_5000;XIREC;258.0;28
41500;SUBMISSION;;VEV_5100;XIREC;165.0;6
41500;SUBMISSION;;VEV_5100;XIREC;166.0;22
41500;SUBMISSION;;VEV_5500;XIREC;4.0;20
41600;SUBMISSION;;VEV_4500;XIREC;760.0;12
41600;SUBMISSION;;VEV_4500;XIREC;762.0;21
41600;SUBMISSION;;VEV_5000;XIREC;258.0;33
41600;SUBMISSION;;VEV_5100;XIREC;165.0;12
41600;SUBMISSION;;VEV_5100;XIREC;166.0;8
41600;SUBMISSION;;VEV_5500;XIREC;4.0;20
41700;SUBMISSION;;VEV_4000;XIREC;1262.0;7
41700;SUBMISSION;;VEV_4000;XIREC;1264.0;30
41700;SUBMISSION;;VEV_4500;XIREC;759.0;12
41700;SUBMISSION;;VEV_4500;XIREC;761.0;19
41700;SUBMISSION;;VEV_5000;XIREC;257.0;31
41700;SUBMISSION;;VEV_5500;XIREC;4.0;20
41800;SUBMISSION;;VEV_4000;XIREC;1260.0;13
41800;SUBMISSION;;VEV_4000;XIREC;1263.0;28
41800;SUBMISSION;;VEV_4500;XIREC;758.0;6
41800;SUBMISSION;;VEV_4500;XIREC;759.0;24
41800;SUBMISSION;;VEV_5000;XIREC;255.0;6
41800;SUBMISSION;;VEV_5000;XIREC;256.0;24
41800;SUBMISSION;;VEV_5500;XIREC;4.0;16
41900;SUBMISSION;;VEV_4000;XIREC;1259.0;7
41900;SUBMISSION;;VEV_4000;XIREC;1262.0;27
41900;SUBMISSION;;VEV_4500;XIREC;757.0;4
41900;SUBMISSION;;VEV_5000;XIREC;254.0;4
41900;SUBMISSION;;VEV_5500;XIREC;4.0;4
43200;Mark 55;Mark 14;VELVETFRUIT_EXTRACT;XIREC;5249.0;6
43600;Mark 14;Mark 38;VEV_4000;XIREC;1240.0;1
45600;Mark 01;Mark 22;VEV_5400;XIREC;11.0;4
45600;Mark 01;Mark 22;VEV_5500;XIREC;3.0;4
45600;Mark 01;Mark 22;VEV_6000;XIREC;0.0;4
45600;Mark 01;Mark 22;VEV_6500;XIREC;0.0;4
47200;Mark 01;Mark 22;VEV_5400;XIREC;11.0;3
47200;Mark 01;Mark 22;VEV_5500;XIREC;3.0;3
47200;Mark 01;Mark 22;VEV_6000;XIREC;0.0;3
47200;Mark 01;Mark 22;VEV_6500;XIREC;0.0;3
48200;Mark 14;Mark 55;VELVETFRUIT_EXTRACT;XIREC;5248.0;7
49700;Mark 14;Mark 55;VELVETFRUIT_EXTRACT;XIREC;5250.0;7
50000;Mark 55;Mark 01;VELVETFRUIT_EXTRACT;XIREC;5256.0;4
50700;Mark 14;Mark 38;HYDROGEL_PACK;XIREC;10032.0;5
52300;Mark 14;Mark 38;HYDROGEL_PACK;XIREC;10034.0;6
54400;Mark 01;Mark 22;VEV_5400;XIREC;11.0;2
54400;Mark 01;Mark 22;VEV_5500;XIREC;3.0;2
54400;Mark 01;Mark 22;VEV_6000;XIREC;0.0;2
54400;Mark 01;Mark 22;VEV_6500;XIREC;0.0;2
55100;Mark 14;Mark 55;VELVETFRUIT_EXTRACT;XIREC;5247.0;4
56200;Mark 14;Mark 38;HYDROGEL_PACK;XIREC;10037.0;6
56400;Mark 01;Mark 55;VELVETFRUIT_EXTRACT;XIREC;5250.0;5
58300;Mark 67;Mark 22;VELVETFRUIT_EXTRACT;XIREC;5257.0;6
60600;Mark 14;Mark 38;VEV_4000;XIREC;1239.0;2
61300;Mark 38;Mark 14;HYDROGEL_PACK;XIREC;10066.0;6
62400;Mark 14;Mark 55;VELVETFRUIT_EXTRACT;XIREC;5246.0;5
64800;Mark 22;Mark 38;HYDROGEL_PACK;XIREC;10055.0;2
67000;;SUBMISSION;VEV_4000;XIREC;1259.0;3
67000;;SUBMISSION;VEV_4000;XIREC;1249.0;11
67600;Mark 55;Mark 14;VELVETFRUIT_EXTRACT;XIREC;5261.0;7
68000;Mark 55;Mark 14;VELVETFRUIT_EXTRACT;XIREC;5261.0;5
69000;Mark 14;Mark 38;HYDROGEL_PACK;XIREC;10036.0;4
69400;Mark 14;Mark 55;VELVETFRUIT_EXTRACT;XIREC;5255.0;8
69900;SUBMISSION;;VEV_4000;XIREC;1257.0;5
69900;SUBMISSION;;VEV_4000;XIREC;1268.0;9
69900;Mark 01;Mark 22;VEV_5400;XIREC;12.0;5
69900;Mark 01;Mark 22;VEV_5500;XIREC;3.0;5
69900;Mark 01;Mark 22;VEV_6000;XIREC;0.0;5
69900;Mark 01;Mark 22;VEV_6500;XIREC;0.0;5
70100;Mark 01;Mark 22;VEV_5400;XIREC;12.0;5
70100;Mark 01;Mark 22;VEV_5500;XIREC;3.0;5
70100;Mark 01;Mark 22;VEV_6000;XIREC;0.0;5
70100;Mark 01;Mark 22;VEV_6500;XIREC;0.0;5
70200;Mark 38;Mark 14;VEV_4000;XIREC;1267.0;1
70300;Mark 01;Mark 22;VEV_5400;XIREC;12.0;4
70300;Mark 01;Mark 22;VEV_5500;XIREC;3.0;4
70300;Mark 01;Mark 22;VEV_6000;XIREC;0.0;4
70300;Mark 01;Mark 22;VEV_6500;XIREC;0.0;4
71900;;SUBMISSION;VELVETFRUIT_EXTRACT;XIREC;5263.0;50
71900;;SUBMISSION;VEV_4000;XIREC;1255.0;9
71900;;SUBMISSION;VEV_4000;XIREC;1253.0;17
71900;;SUBMISSION;VEV_4500;XIREC;758.0;10
71900;;SUBMISSION;VEV_4500;XIREC;756.0;22
72000;;SUBMISSION;VELVETFRUIT_EXTRACT;XIREC;5263.0;21
72000;;SUBMISSION;VELVETFRUIT_EXTRACT;XIREC;5262.0;29
72000;;SUBMISSION;VEV_4000;XIREC;1255.0;14
72000;;SUBMISSION;VEV_4000;XIREC;1252.0;15
72000;;SUBMISSION;VEV_4500;XIREC;757.0;7
72000;;SUBMISSION;VEV_4500;XIREC;755.0;12
72100;;SUBMISSION;VELVETFRUIT_EXTRACT;XIREC;5263.0;25
72100;;SUBMISSION;VELVETFRUIT_EXTRACT;XIREC;5262.0;25
72100;;SUBMISSION;VEV_4000;XIREC;1255.0;8
72100;;SUBMISSION;VEV_4000;XIREC;1252.0;27
72100;;SUBMISSION;VEV_4500;XIREC;757.0;6
72100;;SUBMISSION;VEV_4500;XIREC;755.0;24
72200;;SUBMISSION;VELVETFRUIT_EXTRACT;XIREC;5262.0;50
72200;;SUBMISSION;VEV_4000;XIREC;1254.0;13
72200;;SUBMISSION;VEV_4000;XIREC;1252.0;21
72200;;SUBMISSION;VEV_4500;XIREC;757.0;11
72200;;SUBMISSION;VEV_4500;XIREC;755.0;17
72300;;SUBMISSION;VEV_4000;XIREC;1254.0;8
72300;;SUBMISSION;VEV_4000;XIREC;1252.0;18
72300;;SUBMISSION;VEV_4500;XIREC;757.0;12
72300;;SUBMISSION;VEV_4500;XIREC;755.0;22
72500;;SUBMISSION;VEV_4000;XIREC;1254.0;8
72500;;SUBMISSION;VEV_4000;XIREC;1251.0;26
73000;;SUBMISSION;VEV_4000;XIREC;1255.0;9
73000;;SUBMISSION;VEV_4000;XIREC;1252.0;30
73000;;SUBMISSION;VEV_4500;XIREC;757.0;11
73000;;SUBMISSION;VEV_4500;XIREC;755.0;12
73100;;SUBMISSION;VEV_4000;XIREC;1255.0;11
73100;;SUBMISSION;VEV_4000;XIREC;1252.0;23
73100;;SUBMISSION;VEV_4500;XIREC;757.0;11
73100;;SUBMISSION;VEV_4500;XIREC;755.0;23
73200;;SUBMISSION;VEV_4000;XIREC;1256.0;9
73200;;SUBMISSION;VEV_4000;XIREC;1254.0;28
73200;;SUBMISSION;VEV_4500;XIREC;759.0;11
73200;;SUBMISSION;VEV_4500;XIREC;757.0;22
73200;;SUBMISSION;VEV_5000;XIREC;265.0;33
73300;;SUBMISSION;VEV_4000;XIREC;1254.0;6
73300;;SUBMISSION;VEV_4500;XIREC;757.0;11
73300;;SUBMISSION;VEV_4500;XIREC;755.0;16
74300;Mark 01;Mark 22;VEV_5300;XIREC;41.0;3
74300;Mark 01;Mark 22;VEV_5400;XIREC;12.0;3
74300;Mark 01;Mark 22;VEV_6000;XIREC;0.0;3
74300;Mark 01;Mark 22;VEV_6500;XIREC;0.0;3
74900;Mark 14;Mark 55;VELVETFRUIT_EXTRACT;XIREC;5257.0;8
76100;Mark 14;Mark 38;VEV_4000;XIREC;1247.0;2
77100;Mark 14;Mark 55;VELVETFRUIT_EXTRACT;XIREC;5255.0;5
77300;Mark 55;Mark 49;VELVETFRUIT_EXTRACT;XIREC;5256.0;8
77300;Mark 67;Mark 49;VELVETFRUIT_EXTRACT;XIREC;5256.0;6
77600;Mark 67;Mark 22;VELVETFRUIT_EXTRACT;XIREC;5255.0;7
78900;Mark 14;Mark 55;VELVETFRUIT_EXTRACT;XIREC;5256.0;6
79300;;SUBMISSION;VEV_4500;XIREC;760.0;5
79300;;SUBMISSION;VEV_4500;XIREC;752.0;6
79300;;SUBMISSION;VEV_4500;XIREC;750.0;12
79900;Mark 38;Mark 14;HYDROGEL_PACK;XIREC;10050.0;6
80000;Mark 01;Mark 55;VELVETFRUIT_EXTRACT;XIREC;5257.0;8
83500;Mark 38;Mark 14;HYDROGEL_PACK;XIREC;10055.0;5
84100;Mark 01;Mark 55;VELVETFRUIT_EXTRACT;XIREC;5254.0;3
84500;SUBMISSION;;VEV_5000;XIREC;258.0;10
84500;SUBMISSION;;VEV_5000;XIREC;259.0;14
84600;SUBMISSION;;VEV_5000;XIREC;258.0;9
84700;SUBMISSION;;VEV_4000;XIREC;1262.0;11
84700;SUBMISSION;;VEV_4000;XIREC;1264.0;19
84700;SUBMISSION;;VEV_4500;XIREC;759.0;8
84700;SUBMISSION;;VEV_4500;XIREC;761.0;21
84800;SUBMISSION;;VELVETFRUIT_EXTRACT;XIREC;5254.0;50
84800;SUBMISSION;;VEV_4000;XIREC;1262.0;10
84800;SUBMISSION;;VEV_4000;XIREC;1264.0;21
84800;SUBMISSION;;VEV_4500;XIREC;759.0;7
84800;SUBMISSION;;VEV_4500;XIREC;761.0;23
84900;SUBMISSION;;VELVETFRUIT_EXTRACT;XIREC;5253.0;50
84900;SUBMISSION;;VEV_4000;XIREC;1261.0;7
84900;SUBMISSION;;VEV_4000;XIREC;1263.0;26
84900;SUBMISSION;;VEV_4500;XIREC;758.0;11
84900;SUBMISSION;;VEV_4500;XIREC;760.0;16
84900;Mark 14;Mark 38;HYDROGEL_PACK;XIREC;10040.0;5
85000;SUBMISSION;;VELVETFRUIT_EXTRACT;XIREC;5248.0;6
85000;SUBMISSION;;VELVETFRUIT_EXTRACT;XIREC;5251.0;23
85000;SUBMISSION;;VELVETFRUIT_EXTRACT;XIREC;5252.0;21
85000;SUBMISSION;;VEV_4000;XIREC;1259.0;10
85000;SUBMISSION;;VEV_4000;XIREC;1261.0;24
85000;SUBMISSION;;VEV_4500;XIREC;756.0;10
85000;SUBMISSION;;VEV_4500;XIREC;758.0;13
85000;Mark 55;Mark 22;VELVETFRUIT_EXTRACT;XIREC;5248.0;6
85100;SUBMISSION;;VELVETFRUIT_EXTRACT;XIREC;5251.0;23
85100;SUBMISSION;;VELVETFRUIT_EXTRACT;XIREC;5252.0;27
85100;SUBMISSION;;VEV_4000;XIREC;1259.0;10
85100;SUBMISSION;;VEV_4000;XIREC;1262.0;28
85100;SUBMISSION;;VEV_4500;XIREC;757.0;8
85100;SUBMISSION;;VEV_4500;XIREC;759.0;13
85200;SUBMISSION;;VEV_4000;XIREC;1257.0;7
85200;SUBMISSION;;VEV_4000;XIREC;1260.0;16
85200;SUBMISSION;;VEV_4500;XIREC;755.0;10
85200;SUBMISSION;;VEV_4500;XIREC;757.0;21
85300;SUBMISSION;;VEV_4000;XIREC;1258.0;10
85300;SUBMISSION;;VEV_4000;XIREC;1261.0;30
85300;SUBMISSION;;VEV_4500;XIREC;756.0;6
85300;SUBMISSION;;VEV_4500;XIREC;757.0;16
85400;SUBMISSION;;VEV_4000;XIREC;1258.0;9
85400;SUBMISSION;;VEV_4000;XIREC;1260.0;19
85400;SUBMISSION;;VEV_4500;XIREC;755.0;7
85400;SUBMISSION;;VEV_4500;XIREC;757.0;18
85500;SUBMISSION;;VEV_4000;XIREC;1258.0;13
85500;SUBMISSION;;VEV_4000;XIREC;1261.0;16
85500;SUBMISSION;;VEV_4500;XIREC;756.0;6
85500;SUBMISSION;;VEV_4500;XIREC;757.0;12
85600;SUBMISSION;;VEV_4000;XIREC;1258.0;10
85600;SUBMISSION;;VEV_4000;XIREC;1261.0;4
85600;SUBMISSION;;VEV_4500;XIREC;756.0;6
85600;SUBMISSION;;VEV_4500;XIREC;757.0;15
85700;SUBMISSION;;VEV_4500;XIREC;756.0;10
85700;SUBMISSION;;VEV_4500;XIREC;758.0;23
85800;SUBMISSION;;VEV_4500;XIREC;757.0;3
86100;Mark 01;Mark 55;VELVETFRUIT_EXTRACT;XIREC;5244.0;6
87100;Mark 14;Mark 38;HYDROGEL_PACK;XIREC;10034.0;4
87300;Mark 01;Mark 22;VEV_5400;XIREC;10.0;3
87300;Mark 01;Mark 22;VEV_5500;XIREC;3.0;3
87300;Mark 01;Mark 22;VEV_6000;XIREC;0.0;3
87300;Mark 01;Mark 22;VEV_6500;XIREC;0.0;3
87400;Mark 01;Mark 55;VELVETFRUIT_EXTRACT;XIREC;5245.0;6
88200;Mark 38;Mark 14;VEV_4000;XIREC;1257.0;3
88300;Mark 14;Mark 55;VELVETFRUIT_EXTRACT;XIREC;5245.0;6
89600;Mark 38;Mark 14;VEV_4000;XIREC;1257.0;2
89800;Mark 38;Mark 14;HYDROGEL_PACK;XIREC;10045.0;4
91700;Mark 01;Mark 55;VELVETFRUIT_EXTRACT;XIREC;5250.0;6
92200;Mark 01;Mark 22;VEV_5300;XIREC;40.0;3
92200;Mark 01;Mark 22;VEV_5400;XIREC;12.0;3
92200;Mark 01;Mark 22;VEV_5500;XIREC;3.0;3
92200;Mark 01;Mark 22;VEV_6000;XIREC;0.0;3
92200;Mark 01;Mark 22;VEV_6500;XIREC;0.0;3
92700;Mark 55;Mark 14;VELVETFRUIT_EXTRACT;XIREC;5261.0;5
93700;Mark 55;Mark 14;VELVETFRUIT_EXTRACT;XIREC;5259.0;4
95200;Mark 38;Mark 14;HYDROGEL_PACK;XIREC;10043.0;5
95700;Mark 55;Mark 14;VELVETFRUIT_EXTRACT;XIREC;5259.0;8
96600;Mark 01;Mark 55;VELVETFRUIT_EXTRACT;XIREC;5253.0;4
98400;Mark 55;Mark 14;VELVETFRUIT_EXTRACT;XIREC;5258.0;8
98900;Mark 14;Mark 22;VEV_5200;XIREC;88.0;3
98900;Mark 01;Mark 22;VEV_5300;XIREC;39.0;3
98900;Mark 01;Mark 22;VEV_5400;XIREC;11.0;3
98900;Mark 01;Mark 22;VEV_5500;XIREC;3.0;3
98900;Mark 01;Mark 22;VEV_6000;XIREC;0.0;3
98900;Mark 01;Mark 22;VEV_6500;XIREC;0.0;3
99400;Mark 67;Mark 49;VELVETFRUIT_EXTRACT;XIREC;5253.0;12
100500;Mark 14;Mark 38;HYDROGEL_PACK;XIREC;10010.0;6
101300;Mark 55;Mark 01;VELVETFRUIT_EXTRACT;XIREC;5258.0;4
101900;Mark 01;Mark 55;VELVETFRUIT_EXTRACT;XIREC;5250.0;3
102200;Mark 01;Mark 55;VELVETFRUIT_EXTRACT;XIREC;5253.0;4
103700;Mark 67;Mark 49;VELVETFRUIT_EXTRACT;XIREC;5251.0;8
103800;Mark 14;Mark 55;VELVETFRUIT_EXTRACT;XIREC;5251.0;8
104600;Mark 38;Mark 14;VEV_4000;XIREC;1261.0;1
106800;Mark 14;Mark 38;VEV_4000;XIREC;1239.0;2
108400;Mark 14;Mark 38;HYDROGEL_PACK;XIREC;10026.0;5
108800;Mark 14;Mark 38;VEV_4000;XIREC;1244.0;3
109400;Mark 14;Mark 55;VELVETFRUIT_EXTRACT;XIREC;5252.0;8
109500;Mark 14;Mark 38;HYDROGEL_PACK;XIREC;10013.0;6
110200;Mark 14;Mark 38;HYDROGEL_PACK;XIREC;10019.0;5
111400;Mark 14;Mark 55;VELVETFRUIT_EXTRACT;XIREC;5245.0;4
111600;Mark 49;Mark 22;VELVETFRUIT_EXTRACT;XIREC;5244.0;6
112400;Mark 38;Mark 14;HYDROGEL_PACK;XIREC;10038.0;4
112600;SUBMISSION;;VEV_5300;XIREC;35.0;20
112700;SUBMISSION;;VEV_5300;XIREC;35.0;20
112800;SUBMISSION;;VEV_5300;XIREC;35.0;20
112900;SUBMISSION;;VEV_5300;XIREC;35.0;20
113000;SUBMISSION;;VEV_5300;XIREC;35.0;20
113100;SUBMISSION;;VEV_5200;XIREC;79.0;30
113100;SUBMISSION;;VEV_5300;XIREC;34.0;20
113200;SUBMISSION;;VEV_5200;XIREC;79.0;22
113200;SUBMISSION;;VEV_5300;XIREC;34.0;20
113300;SUBMISSION;;VEV_5200;XIREC;79.0;22
113300;SUBMISSION;;VEV_5300;XIREC;34.0;20
113400;SUBMISSION;;VEV_5200;XIREC;78.0;23
113400;SUBMISSION;;VEV_5300;XIREC;34.0;20
113400;SUBMISSION;;VEV_5400;XIREC;10.0;20
113500;SUBMISSION;;VEV_5200;XIREC;78.0;26
113500;SUBMISSION;;VEV_5300;XIREC;33.0;20
113500;SUBMISSION;;VEV_5400;XIREC;10.0;20
113600;SUBMISSION;;VEV_5200;XIREC;78.0;30
113600;SUBMISSION;;VEV_5300;XIREC;34.0;20
113700;SUBMISSION;;VEV_5200;XIREC;79.0;18
113700;SUBMISSION;;VEV_5300;XIREC;34.0;20
113800;SUBMISSION;;VEV_5200;XIREC;79.0;18
113800;SUBMISSION;;VEV_5300;XIREC;34.0;17
113900;SUBMISSION;;VEV_5200;XIREC;79.0;28
113900;SUBMISSION;;VEV_5300;XIREC;34.0;18
114000;SUBMISSION;;VEV_5300;XIREC;35.0;20
114100;SUBMISSION;;VEV_5300;XIREC;35.0;5
115000;Mark 67;Mark 22;VELVETFRUIT_EXTRACT;XIREC;5239.0;9
115500;SUBMISSION;;VEV_5200;XIREC;79.0;6
115500;SUBMISSION;;VEV_5200;XIREC;80.0;12
115700;SUBMISSION;;VEV_5200;XIREC;79.0;28
115800;SUBMISSION;;VEV_5200;XIREC;79.0;30
117200;SUBMISSION;;VEV_5200;XIREC;79.0;7
117400;SUBMISSION;;VEV_5000;XIREC;238.0;9
117400;SUBMISSION;;VEV_5000;XIREC;239.0;15
117400;SUBMISSION;;VEV_5100;XIREC;148.0;24
117400;SUBMISSION;;VEV_5400;XIREC;9.0;20
117400;Mark 67;Mark 49;VELVETFRUIT_EXTRACT;XIREC;5231.0;9
117500;SUBMISSION;;VEV_5100;XIREC;149.0;27
117500;SUBMISSION;;VEV_5400;XIREC;10.0;16
117600;SUBMISSION;;VEV_5100;XIREC;149.0;24
117600;SUBMISSION;;VEV_5400;XIREC;10.0;20
117800;Mark 38;Mark 14;VEV_4000;XIREC;1247.0;1
118500;Mark 38;Mark 14;HYDROGEL_PACK;XIREC;10043.0;5
118700;SUBMISSION;;VEV_5100;XIREC;148.0;4
118700;SUBMISSION;;VEV_5100;XIREC;151.0;23
118700;Mark 01;Mark 22;VEV_5400;XIREC;9.0;4
118700;Mark 01;Mark 22;VEV_5500;XIREC;2.0;4
118700;Mark 01;Mark 22;VEV_6000;XIREC;0.0;4
118700;Mark 01;Mark 22;VEV_6500;XIREC;0.0;4
119000;Mark 14;Mark 38;HYDROGEL_PACK;XIREC;10028.0;6
119700;Mark 55;Mark 01;VELVETFRUIT_EXTRACT;XIREC;5241.0;6
119900;Mark 14;Mark 38;HYDROGEL_PACK;XIREC;10022.0;2
120300;;SUBMISSION;VEV_5000;XIREC;245.0;8
120300;;SUBMISSION;VEV_5000;XIREC;244.0;15
120500;;SUBMISSION;VEV_5000;XIREC;245.0;1
121500;Mark 38;Mark 14;HYDROGEL_PACK;XIREC;10030.0;4
121800;Mark 67;Mark 22;VELVETFRUIT_EXTRACT;XIREC;5243.0;8
122400;Mark 14;Mark 55;VELVETFRUIT_EXTRACT;XIREC;5241.0;5
122600;Mark 14;Mark 38;HYDROGEL_PACK;XIREC;10012.0;4
123100;Mark 38;Mark 14;VEV_4000;XIREC;1255.0;3
123700;Mark 14;Mark 38;HYDROGEL_PACK;XIREC;10010.0;2
124700;Mark 55;Mark 14;VELVETFRUIT_EXTRACT;XIREC;5242.0;4
125300;Mark 38;Mark 14;HYDROGEL_PACK;XIREC;10029.0;4
125700;Mark 38;Mark 14;VEV_4000;XIREC;1249.0;1
126600;Mark 14;Mark 38;HYDROGEL_PACK;XIREC;10020.0;6
126600;Mark 01;Mark 22;VEV_5400;XIREC;9.0;5
126600;Mark 01;Mark 22;VEV_5500;XIREC;2.0;5
126600;Mark 01;Mark 22;VEV_6000;XIREC;0.0;5
126600;Mark 01;Mark 22;VEV_6500;XIREC;0.0;5
127100;Mark 55;Mark 14;VELVETFRUIT_EXTRACT;XIREC;5242.0;7
128200;Mark 38;Mark 14;HYDROGEL_PACK;XIREC;10029.0;2
128700;Mark 01;Mark 22;VEV_5200;XIREC;77.0;3
128700;Mark 14;Mark 22;VEV_5300;XIREC;33.0;3
128700;Mark 01;Mark 22;VEV_5400;XIREC;9.0;3
128700;Mark 01;Mark 22;VEV_5500;XIREC;2.0;3
128700;Mark 01;Mark 22;VEV_6000;XIREC;0.0;3
128700;Mark 01;Mark 22;VEV_6500;XIREC;0.0;3
129000;Mark 55;Mark 01;VELVETFRUIT_EXTRACT;XIREC;5240.0;8
129800;Mark 14;Mark 38;VEV_4000;XIREC;1233.0;1
130000;Mark 14;Mark 38;HYDROGEL_PACK;XIREC;10014.0;4
130600;;SUBMISSION;VEV_5100;XIREC;157.0;9
130600;;SUBMISSION;VEV_5100;XIREC;156.0;23
130700;;SUBMISSION;VEV_5100;XIREC;156.0;21
130700;Mark 38;Mark 14;HYDROGEL_PACK;XIREC;10026.0;2
130800;;SUBMISSION;VEV_5100;XIREC;157.0;6
130800;;SUBMISSION;VEV_5100;XIREC;156.0;16
130800;Mark 67;Mark 22;VELVETFRUIT_EXTRACT;XIREC;5247.0;9
131100;;SUBMISSION;VEV_5100;XIREC;157.0;9
131100;;SUBMISSION;VEV_5100;XIREC;156.0;14
131200;;SUBMISSION;VEV_5100;XIREC;158.0;4
131500;Mark 38;Mark 14;HYDROGEL_PACK;XIREC;10020.0;5
132100;Mark 01;Mark 22;VEV_5400;XIREC;10.0;4
132100;Mark 01;Mark 22;VEV_5500;XIREC;3.0;4
132100;Mark 01;Mark 22;VEV_6000;XIREC;0.0;4
132100;Mark 01;Mark 22;VEV_6500;XIREC;0.0;4
132500;Mark 55;Mark 14;VELVETFRUIT_EXTRACT;XIREC;5253.0;3
132600;;SUBMISSION;VEV_5200;XIREC;87.0;12
132600;;SUBMISSION;VEV_5200;XIREC;86.0;17
132700;;SUBMISSION;VEV_5200;XIREC;86.0;29
132800;;SUBMISSION;VEV_5200;XIREC;86.0;24
132900;;SUBMISSION;VEV_5200;XIREC;87.0;12
132900;;SUBMISSION;VEV_5200;XIREC;86.0;14
133000;;SUBMISSION;VEV_5200;XIREC;86.0;30
133100;;SUBMISSION;VEV_5200;XIREC;87.0;29
133200;;SUBMISSION;VEV_5200;XIREC;87.0;25
133300;;SUBMISSION;VEV_5200;XIREC;87.0;20
133400;;SUBMISSION;VEV_5200;XIREC;88.0;26
133500;;SUBMISSION;VEV_5200;XIREC;88.0;23
133600;;SUBMISSION;VEV_5200;XIREC;88.0;28
133700;;SUBMISSION;VEV_5200;XIREC;88.0;11
135900;Mark 55;Mark 14;VELVETFRUIT_EXTRACT;XIREC;5255.0;6
136100;Mark 14;Mark 38;HYDROGEL_PACK;XIREC;10018.0;6
137700;Mark 01;Mark 22;VEV_5300;XIREC;36.0;4
137700;Mark 01;Mark 22;VEV_5400;XIREC;10.0;4
137700;Mark 01;Mark 22;VEV_5500;XIREC;3.0;4
137700;Mark 01;Mark 22;VEV_6000;XIREC;0.0;4
137700;Mark 01;Mark 22;VEV_6500;XIREC;0.0;4
138200;Mark 38;Mark 14;HYDROGEL_PACK;XIREC;10023.0;4
139400;Mark 38;Mark 14;VEV_4000;XIREC;1254.0;1
140700;Mark 38;Mark 14;VEV_4000;XIREC;1251.0;2
141100;SUBMISSION;;VEV_5200;XIREC;79.0;25
141900;Mark 14;Mark 55;VELVETFRUIT_EXTRACT;XIREC;5236.0;6
142700;Mark 38;Mark 14;HYDROGEL_PACK;XIREC;10015.0;6
142700;Mark 01;Mark 22;VEV_5400;XIREC;9.0;5
142700;Mark 01;Mark 22;VEV_5500;XIREC;2.0;5
142700;Mark 01;Mark 22;VEV_6000;XIREC;0.0;5
142700;Mark 01;Mark 22;VEV_6500;XIREC;0.0;5
143400;SUBMISSION;;HYDROGEL_PACK;XIREC;10011.0;10
143400;SUBMISSION;;HYDROGEL_PACK;XIREC;10013.0;20
143500;SUBMISSION;;HYDROGEL_PACK;XIREC;10010.0;10
143500;SUBMISSION;;HYDROGEL_PACK;XIREC;10012.0;24
143600;Mark 14;Mark 55;VELVETFRUIT_EXTRACT;XIREC;5243.0;4
144100;SUBMISSION;;HYDROGEL_PACK;XIREC;10011.0;13
144100;SUBMISSION;;HYDROGEL_PACK;XIREC;10013.0;29
144200;SUBMISSION;;HYDROGEL_PACK;XIREC;10011.0;14
144200;SUBMISSION;;HYDROGEL_PACK;XIREC;10014.0;28
144300;SUBMISSION;;HYDROGEL_PACK;XIREC;10011.0;10
144300;SUBMISSION;;HYDROGEL_PACK;XIREC;10013.0;28
144400;SUBMISSION;;HYDROGEL_PACK;XIREC;10010.0;14
144500;Mark 55;Mark 01;VELVETFRUIT_EXTRACT;XIREC;5247.0;7
144800;Mark 01;Mark 22;VEV_5400;XIREC;10.0;3
144800;Mark 01;Mark 22;VEV_5500;XIREC;2.0;3
144800;Mark 01;Mark 22;VEV_6000;XIREC;0.0;3
144800;Mark 01;Mark 22;VEV_6500;XIREC;0.0;3
145100;Mark 14;Mark 55;VELVETFRUIT_EXTRACT;XIREC;5243.0;5
145500;Mark 14;Mark 38;VEV_4000;XIREC;1235.0;2
148500;Mark 14;Mark 38;HYDROGEL_PACK;XIREC;9999.0;3
148800;Mark 14;Mark 38;VEV_4000;XIREC;1234.0;2
150300;Mark 14;Mark 38;HYDROGEL_PACK;XIREC;9988.0;3
150700;Mark 14;Mark 38;HYDROGEL_PACK;XIREC;9990.0;3
151400;Mark 38;Mark 14;HYDROGEL_PACK;XIREC;10015.0;6
151600;Mark 55;Mark 01;VELVETFRUIT_EXTRACT;XIREC;5245.0;7
152300;Mark 38;Mark 14;HYDROGEL_PACK;XIREC;10019.0;4
153500;Mark 14;Mark 55;VELVETFRUIT_EXTRACT;XIREC;5240.0;7
153700;Mark 14;Mark 38;HYDROGEL_PACK;XIREC;10012.0;3
155400;Mark 38;Mark 22;VEV_4000;XIREC;1239.0;2
155400;Mark 38;Mark 22;VEV_4500;XIREC;739.0;2
155400;Mark 38;Mark 22;VEV_5000;XIREC;242.0;2
155400;Mark 38;Mark 22;VEV_5100;XIREC;151.0;2
155400;Mark 38;Mark 22;VEV_5200;XIREC;79.0;2
155400;Mark 01;Mark 22;VEV_5300;XIREC;33.0;2
155400;Mark 01;Mark 22;VEV_5400;XIREC;9.0;2
155400;Mark 01;Mark 22;VEV_5500;XIREC;2.0;2
155400;Mark 01;Mark 22;VEV_6000;XIREC;0.0;2
155400;Mark 01;Mark 22;VEV_6500;XIREC;0.0;2
156100;SUBMISSION;;VEV_5200;XIREC;79.0;7
156100;SUBMISSION;;VEV_5200;XIREC;80.0;16
156200;SUBMISSION;;VEV_5200;XIREC;78.0;27
156300;SUBMISSION;;VEV_5200;XIREC;78.0;29
156400;SUBMISSION;;VEV_5200;XIREC;78.0;25
156500;SUBMISSION;;VEV_5200;XIREC;78.0;23
156600;SUBMISSION;;VEV_5200;XIREC;78.0;25
156700;SUBMISSION;;VEV_5100;XIREC;148.0;8
156700;SUBMISSION;;VEV_5100;XIREC;149.0;22
156700;SUBMISSION;;VEV_5200;XIREC;77.0;30
156700;SUBMISSION;;VEV_5400;XIREC;10.0;20
156800;SUBMISSION;;VEV_5100;XIREC;148.0;7
156800;SUBMISSION;;VEV_5100;XIREC;149.0;14
156800;SUBMISSION;;VEV_5200;XIREC;77.0;21
156800;SUBMISSION;;VEV_5400;XIREC;10.0;20
156900;SUBMISSION;;VEV_5100;XIREC;148.0;28
156900;SUBMISSION;;VEV_5200;XIREC;76.0;28
156900;SUBMISSION;;VEV_5400;XIREC;9.0;20
157000;SUBMISSION;;VEV_5100;XIREC;148.0;6
157000;SUBMISSION;;VEV_5100;XIREC;149.0;20
157000;SUBMISSION;;VEV_5200;XIREC;77.0;26
157000;SUBMISSION;;VEV_5400;XIREC;10.0;20
157100;SUBMISSION;;VEV_5100;XIREC;148.0;8
157100;SUBMISSION;;VEV_5100;XIREC;149.0;19
157100;SUBMISSION;;VEV_5200;XIREC;77.0;18
157100;SUBMISSION;;VEV_5400;XIREC;10.0;19
157200;SUBMISSION;;VEV_5100;XIREC;148.0;12
157200;SUBMISSION;;VEV_5100;XIREC;149.0;16
157200;SUBMISSION;;VEV_5400;XIREC;10.0;20
157300;SUBMISSION;;VEV_5100;XIREC;148.0;6
157300;SUBMISSION;;VEV_5100;XIREC;149.0;20
157300;SUBMISSION;;VEV_5400;XIREC;9.0;6
157300;SUBMISSION;;VEV_5400;XIREC;10.0;14
157400;SUBMISSION;;VEV_5100;XIREC;149.0;31
157400;SUBMISSION;;VEV_5400;XIREC;10.0;20
157500;SUBMISSION;;VEV_5100;XIREC;149.0;23
157500;SUBMISSION;;VEV_5400;XIREC;10.0;19
157500;Mark 38;Mark 14;HYDROGEL_PACK;XIREC;10033.0;6
157600;SUBMISSION;;VEV_5100;XIREC;148.0;27
157600;SUBMISSION;;VEV_5400;XIREC;9.0;20
157700;SUBMISSION;;VEV_5400;XIREC;10.0;6
157800;SUBMISSION;;VEV_5100;XIREC;149.0;8
157800;SUBMISSION;;VEV_5100;XIREC;150.0;12
157900;;SUBMISSION;HYDROGEL_PACK;XIREC;10019.0;12
157900;;SUBMISSION;HYDROGEL_PACK;XIREC;10017.0;25
157900;SUBMISSION;;VEV_5100;XIREC;149.0;13
158000;;SUBMISSION;HYDROGEL_PACK;XIREC;10020.0;10
158000;;SUBMISSION;HYDROGEL_PACK;XIREC;10018.0;26
158000;Mark 55;Mark 01;VELVETFRUIT_EXTRACT;XIREC;5237.0;8
158100;;SUBMISSION;HYDROGEL_PACK;XIREC;10021.0;14
158100;;SUBMISSION;HYDROGEL_PACK;XIREC;10018.0;20
158200;;SUBMISSION;HYDROGEL_PACK;XIREC;10020.0;11
158200;;SUBMISSION;HYDROGEL_PACK;XIREC;10017.0;30
158300;;SUBMISSION;HYDROGEL_PACK;XIREC;10019.0;10
158300;;SUBMISSION;HYDROGEL_PACK;XIREC;10017.0;25
158400;;SUBMISSION;HYDROGEL_PACK;XIREC;10024.0;12
158400;;SUBMISSION;HYDROGEL_PACK;XIREC;10021.0;5
158400;SUBMISSION;;VEV_5000;XIREC;236.0;6
158400;SUBMISSION;;VEV_5000;XIREC;237.0;21
158500;SUBMISSION;;VEV_5000;XIREC;236.0;6
158500;SUBMISSION;;VEV_5000;XIREC;237.0;20
158600;SUBMISSION;;VEV_5000;XIREC;237.0;10
158600;SUBMISSION;;VEV_5000;XIREC;238.0;14
158700;SUBMISSION;;VEV_5000;XIREC;237.0;9
158700;SUBMISSION;;VEV_5000;XIREC;238.0;13
159100;SUBMISSION;;VEV_5000;XIREC;238.0;25
160000;Mark 55;Mark 14;VELVETFRUIT_EXTRACT;XIREC;5236.0;8
160100;Mark 38;Mark 14;HYDROGEL_PACK;XIREC;10044.0;4
165300;Mark 38;Mark 14;VEV_4000;XIREC;1251.0;3
165600;Mark 01;Mark 55;VELVETFRUIT_EXTRACT;XIREC;5237.0;6
166000;Mark 01;Mark 22;VEV_5400;XIREC;9.0;5
166000;Mark 01;Mark 22;VEV_5500;XIREC;2.0;5
166000;Mark 01;Mark 22;VEV_6000;XIREC;0.0;5
166000;Mark 01;Mark 22;VEV_6500;XIREC;0.0;5
167900;Mark 14;Mark 38;VEV_4000;XIREC;1232.0;1
170200;;SUBMISSION;VEV_5000;XIREC;245.0;28
170600;;SUBMISSION;VEV_5000;XIREC;245.0;8
170600;;SUBMISSION;VEV_5000;XIREC;244.0;19
170700;;SUBMISSION;VEV_5000;XIREC;247.0;6
170700;;SUBMISSION;VEV_5000;XIREC;246.0;24
170800;;SUBMISSION;VEV_5000;XIREC;247.0;11
170800;;SUBMISSION;VEV_5000;XIREC;246.0;24
170900;;SUBMISSION;VEV_5000;XIREC;246.0;4
170900;Mark 55;Mark 01;VELVETFRUIT_EXTRACT;XIREC;5249.0;5
171200;;SUBMISSION;VEV_5100;XIREC;157.0;7
171200;;SUBMISSION;VEV_5100;XIREC;156.0;18
171500;;SUBMISSION;VEV_5100;XIREC;156.0;30
171600;;SUBMISSION;VEV_5100;XIREC;157.0;18
172300;Mark 01;Mark 22;VEV_5500;XIREC;3.0;2
172300;Mark 01;Mark 22;VEV_6000;XIREC;0.0;2
172300;Mark 01;Mark 22;VEV_6500;XIREC;0.0;2
172400;;SUBMISSION;VEV_5100;XIREC;158.0;29
172500;;SUBMISSION;VEV_5100;XIREC;157.0;21
172600;;SUBMISSION;VEV_5100;XIREC;157.0;22
172700;;SUBMISSION;VEV_5100;XIREC;157.0;8
172700;;SUBMISSION;VEV_5100;XIREC;156.0;23
173200;;SUBMISSION;VEV_5100;XIREC;157.0;11
173200;;SUBMISSION;VEV_5100;XIREC;156.0;16
173300;;SUBMISSION;VEV_5100;XIREC;157.0;6
173300;;SUBMISSION;VEV_5100;XIREC;156.0;13
173400;;SUBMISSION;VEV_5100;XIREC;157.0;8
173400;;SUBMISSION;VEV_5100;XIREC;156.0;18
173700;;SUBMISSION;VEV_5100;XIREC;157.0;11
173700;;SUBMISSION;VEV_5100;XIREC;156.0;15
173800;Mark 38;Mark 14;HYDROGEL_PACK;XIREC;10037.0;5
174100;Mark 38;Mark 14;HYDROGEL_PACK;XIREC;10040.0;2
174200;;SUBMISSION;VEV_5100;XIREC;158.0;10
174200;;SUBMISSION;VEV_5100;XIREC;157.0;16
174800;Mark 55;Mark 01;VELVETFRUIT_EXTRACT;XIREC;5253.0;5
175100;Mark 38;Mark 14;VEV_4000;XIREC;1259.0;3
175300;Mark 55;Mark 14;VELVETFRUIT_EXTRACT;XIREC;5250.0;7
176700;Mark 14;Mark 38;VEV_4000;XIREC;1238.0;1
177200;Mark 14;Mark 38;HYDROGEL_PACK;XIREC;10030.0;2
180300;Mark 38;Mark 14;VEV_4000;XIREC;1258.0;3
180800;Mark 14;Mark 38;HYDROGEL_PACK;XIREC;10018.0;5
181200;Mark 14;Mark 38;VEV_4000;XIREC;1235.0;2
182100;Mark 38;Mark 14;HYDROGEL_PACK;XIREC;10019.0;6
182100;Mark 14;Mark 38;VEV_4000;XIREC;1237.0;3
182500;Mark 14;Mark 38;HYDROGEL_PACK;XIREC;10007.0;6
182600;Mark 14;Mark 55;VELVETFRUIT_EXTRACT;XIREC;5245.0;6
183100;Mark 14;Mark 38;VEV_4000;XIREC;1237.0;3
183400;Mark 38;Mark 14;HYDROGEL_PACK;XIREC;10031.0;4
186200;Mark 01;Mark 55;VELVETFRUIT_EXTRACT;XIREC;5242.0;8
187900;SUBMISSION;;HYDROGEL_PACK;XIREC;10011.0;15
187900;SUBMISSION;;HYDROGEL_PACK;XIREC;10013.0;28
188000;SUBMISSION;;HYDROGEL_PACK;XIREC;10011.0;14
188000;SUBMISSION;;HYDROGEL_PACK;XIREC;10014.0;30
188400;SUBMISSION;;HYDROGEL_PACK;XIREC;10011.0;10
188400;SUBMISSION;;HYDROGEL_PACK;XIREC;10013.0;28
188500;SUBMISSION;;HYDROGEL_PACK;XIREC;10011.0;14
188500;SUBMISSION;;HYDROGEL_PACK;XIREC;10013.0;24
188700;SUBMISSION;;HYDROGEL_PACK;XIREC;10009.0;12
188700;SUBMISSION;;HYDROGEL_PACK;XIREC;10011.0;20
188800;SUBMISSION;;HYDROGEL_PACK;XIREC;10009.0;5
189000;;SUBMISSION;VEV_5200;XIREC;86.0;19
189100;Mark 14;Mark 38;HYDROGEL_PACK;XIREC;9992.0;4
189400;;SUBMISSION;VEV_5200;XIREC;86.0;27
189500;;SUBMISSION;VEV_5200;XIREC;86.0;20
190700;Mark 01;Mark 55;VELVETFRUIT_EXTRACT;XIREC;5247.0;3
191300;Mark 38;Mark 14;VEV_4000;XIREC;1259.0;1
191900;Mark 14;Mark 38;VEV_4000;XIREC;1236.0;1
192600;Mark 01;Mark 55;VELVETFRUIT_EXTRACT;XIREC;5247.0;6
194700;Mark 14;Mark 38;HYDROGEL_PACK;XIREC;10006.0;3
195800;Mark 55;Mark 01;VELVETFRUIT_EXTRACT;XIREC;5250.0;7
196600;Mark 14;Mark 38;VEV_4000;XIREC;1234.0;1
197500;Mark 55;Mark 14;VELVETFRUIT_EXTRACT;XIREC;5247.0;3
198700;SUBMISSION;;VEV_5200;XIREC;79.0;30
198800;SUBMISSION;;VEV_5200;XIREC;79.0;24
198800;Mark 38;Mark 14;HYDROGEL_PACK;XIREC;10029.0;5
198900;SUBMISSION;;VEV_5200;XIREC;79.0;12
199000;Mark 01;Mark 55;VELVETFRUIT_EXTRACT;XIREC;5236.0;3
200100;Mark 38;Mark 14;HYDROGEL_PACK;XIREC;10028.0;3
201600;Mark 01;Mark 55;VELVETFRUIT_EXTRACT;XIREC;5239.0;4
202200;Mark 14;Mark 38;HYDROGEL_PACK;XIREC;9995.0;5
202500;Mark 38;Mark 14;VEV_4000;XIREC;1247.0;1
203300;SUBMISSION;;VEV_5100;XIREC;149.0;12
203300;SUBMISSION;;VEV_5100;XIREC;150.0;17
203300;Mark 14;Mark 38;HYDROGEL_PACK;XIREC;10000.0;4
203400;SUBMISSION;;VEV_5100;XIREC;149.0;28
203500;SUBMISSION;;VEV_5100;XIREC;149.0;33
203500;Mark 14;Mark 38;HYDROGEL_PACK;XIREC;10003.0;3
203600;SUBMISSION;;VEV_5100;XIREC;149.0;6
203600;SUBMISSION;;VEV_5100;XIREC;150.0;19
203700;SUBMISSION;;VEV_5100;XIREC;149.0;19
203800;SUBMISSION;;VEV_5100;XIREC;149.0;32
203800;Mark 38;Mark 14;VEV_4000;XIREC;1245.0;1
203900;SUBMISSION;;VEV_5100;XIREC;149.0;25
204000;SUBMISSION;;VEV_5100;XIREC;149.0;9
204000;SUBMISSION;;VEV_5100;XIREC;150.0;15
204800;Mark 14;Mark 38;HYDROGEL_PACK;XIREC;9993.0;4
205100;Mark 14;Mark 38;HYDROGEL_PACK;XIREC;9986.0;5
205400;Mark 38;Mark 14;HYDROGEL_PACK;XIREC;10005.0;4
206300;SUBMISSION;;VEV_5100;XIREC;149.0;8
206300;SUBMISSION;;VEV_5100;XIREC;150.0;21
206300;Mark 14;Mark 38;HYDROGEL_PACK;XIREC;9981.0;6
206500;SUBMISSION;;VEV_5100;XIREC;149.0;8
206500;SUBMISSION;;VEV_5100;XIREC;150.0;22
206800;SUBMISSION;;VEV_5100;XIREC;148.0;6
206800;SUBMISSION;;VEV_5100;XIREC;149.0;15
206900;SUBMISSION;;VEV_5100;XIREC;149.0;5
207500;Mark 55;Mark 14;VELVETFRUIT_EXTRACT;XIREC;5237.0;8
207600;Mark 55;Mark 14;VELVETFRUIT_EXTRACT;XIREC;5237.0;5
208400;Mark 55;Mark 14;VELVETFRUIT_EXTRACT;XIREC;5239.0;5
209200;Mark 14;Mark 38;HYDROGEL_PACK;XIREC;9972.0;5
212500;SUBMISSION;;VEV_5000;XIREC;238.0;8
212500;SUBMISSION;;VEV_5000;XIREC;239.0;21
212800;SUBMISSION;;VEV_5000;XIREC;238.0;6
212800;SUBMISSION;;VEV_5000;XIREC;239.0;22
212900;SUBMISSION;;VEV_5000;XIREC;238.0;25
213400;Mark 14;Mark 38;HYDROGEL_PACK;XIREC;9994.0;3
214000;Mark 14;Mark 55;VELVETFRUIT_EXTRACT;XIREC;5233.0;5
214300;SUBMISSION;;VEV_5000;XIREC;238.0;7
214300;SUBMISSION;;VEV_5000;XIREC;239.0;19
214600;SUBMISSION;;VEV_5000;XIREC;238.0;7
214600;SUBMISSION;;VEV_5000;XIREC;239.0;15
214700;SUBMISSION;;VEV_5000;XIREC;238.0;7
214700;SUBMISSION;;VEV_5000;XIREC;239.0;19
214800;SUBMISSION;;VEV_5000;XIREC;238.0;9
214800;SUBMISSION;;VEV_5000;XIREC;239.0;23
215000;SUBMISSION;;VEV_5000;XIREC;238.0;11
215000;SUBMISSION;;VEV_5000;XIREC;239.0;23
215100;SUBMISSION;;VEV_5000;XIREC;238.0;9
215100;SUBMISSION;;VEV_5000;XIREC;239.0;13
215100;Mark 67;Mark 49;VELVETFRUIT_EXTRACT;XIREC;5231.0;14
215200;SUBMISSION;;VEV_5000;XIREC;238.0;10
215200;SUBMISSION;;VEV_5000;XIREC;239.0;14
215300;SUBMISSION;;VEV_5000;XIREC;236.0;8
215300;SUBMISSION;;VEV_5000;XIREC;237.0;19
215400;SUBMISSION;;VEV_5000;XIREC;237.0;5
215700;Mark 55;Mark 14;VELVETFRUIT_EXTRACT;XIREC;5234.0;3
216400;SUBMISSION;;VELVETFRUIT_EXTRACT;XIREC;5232.0;16
216400;SUBMISSION;;VELVETFRUIT_EXTRACT;XIREC;5233.0;34
216400;SUBMISSION;;VEV_4000;XIREC;1240.0;13
216400;SUBMISSION;;VEV_4000;XIREC;1242.0;28
216400;SUBMISSION;;VEV_4500;XIREC;737.0;9
216400;SUBMISSION;;VEV_4500;XIREC;739.0;15
216500;SUBMISSION;;VELVETFRUIT_EXTRACT;XIREC;5232.0;19
216500;SUBMISSION;;VELVETFRUIT_EXTRACT;XIREC;5233.0;31
216500;SUBMISSION;;VEV_4000;XIREC;1240.0;9
216500;SUBMISSION;;VEV_4000;XIREC;1243.0;28
216600;SUBMISSION;;VELVETFRUIT_EXTRACT;XIREC;5231.0;20
216600;SUBMISSION;;VELVETFRUIT_EXTRACT;XIREC;5232.0;30
216600;SUBMISSION;;VEV_4000;XIREC;1239.0;8
216600;SUBMISSION;;VEV_4000;XIREC;1242.0;19
216600;SUBMISSION;;VEV_4500;XIREC;737.0;11
216600;SUBMISSION;;VEV_4500;XIREC;738.0;14
216700;SUBMISSION;;VELVETFRUIT_EXTRACT;XIREC;5230.0;50
216700;SUBMISSION;;VEV_4000;XIREC;1238.0;15
216700;SUBMISSION;;VEV_4000;XIREC;1240.0;23
216700;SUBMISSION;;VEV_4500;XIREC;735.0;10
216700;SUBMISSION;;VEV_4500;XIREC;737.0;21
216800;SUBMISSION;;VEV_4000;XIREC;1239.0;14
216800;SUBMISSION;;VEV_4000;XIREC;1241.0;17
216800;SUBMISSION;;VEV_4500;XIREC;736.0;6
216800;SUBMISSION;;VEV_4500;XIREC;738.0;12
216900;SUBMISSION;;VEV_4000;XIREC;1239.0;7
216900;SUBMISSION;;VEV_4000;XIREC;1242.0;18
216900;SUBMISSION;;VEV_4500;XIREC;737.0;10
216900;SUBMISSION;;VEV_4500;XIREC;739.0;20
217000;SUBMISSION;;VEV_4000;XIREC;1237.0;13
217000;SUBMISSION;;VEV_4000;XIREC;1239.0;23
217000;SUBMISSION;;VEV_4500;XIREC;734.0;7
217000;SUBMISSION;;VEV_4500;XIREC;736.0;12
217100;SUBMISSION;;VEV_4000;XIREC;1238.0;14
217100;SUBMISSION;;VEV_4000;XIREC;1240.0;23
217100;SUBMISSION;;VEV_4500;XIREC;735.0;8
217100;SUBMISSION;;VEV_4500;XIREC;737.0;16
217100;Mark 38;Mark 22;HYDROGEL_PACK;XIREC;10020.0;3
217200;SUBMISSION;;VEV_4000;XIREC;1238.0;7
217200;SUBMISSION;;VEV_4000;XIREC;1241.0;18
217200;SUBMISSION;;VEV_4500;XIREC;736.0;9
217200;SUBMISSION;;VEV_4500;XIREC;738.0;18
217300;SUBMISSION;;VEV_4000;XIREC;1238.0;3
217300;SUBMISSION;;VEV_4500;XIREC;735.0;11
217300;SUBMISSION;;VEV_4500;XIREC;737.0;12
217400;SUBMISSION;;VEV_4500;XIREC;736.0;11
217400;SUBMISSION;;VEV_4500;XIREC;737.0;13
217500;SUBMISSION;;VEV_4500;XIREC;736.0;6
217500;SUBMISSION;;VEV_4500;XIREC;738.0;21
217600;SUBMISSION;;VEV_4500;XIREC;736.0;11
217600;SUBMISSION;;VEV_4500;XIREC;738.0;17
217700;;SUBMISSION;HYDROGEL_PACK;XIREC;10019.0;15
217700;;SUBMISSION;HYDROGEL_PACK;XIREC;10016.0;29
217800;;SUBMISSION;HYDROGEL_PACK;XIREC;10020.0;14
217800;;SUBMISSION;HYDROGEL_PACK;XIREC;10018.0;25
217900;;SUBMISSION;HYDROGEL_PACK;XIREC;10019.0;13
217900;;SUBMISSION;HYDROGEL_PACK;XIREC;10017.0;21
218200;Mark 55;Mark 01;VELVETFRUIT_EXTRACT;XIREC;5233.0;8
218300;Mark 01;Mark 22;VEV_5300;XIREC;29.0;5
218300;Mark 01;Mark 22;VEV_5400;XIREC;8.0;5
218300;Mark 01;Mark 22;VEV_5500;XIREC;2.0;5
218300;Mark 01;Mark 22;VEV_6000;XIREC;0.0;5
218300;Mark 01;Mark 22;VEV_6500;XIREC;0.0;5
220600;Mark 14;Mark 38;HYDROGEL_PACK;XIREC;10013.0;5
220800;Mark 01;Mark 22;VEV_5300;XIREC;31.0;4
220800;Mark 01;Mark 22;VEV_5400;XIREC;8.0;4
220800;Mark 01;Mark 22;VEV_5500;XIREC;2.0;4
220800;Mark 01;Mark 22;VEV_6000;XIREC;0.0;4
220800;Mark 01;Mark 22;VEV_6500;XIREC;0.0;4
221500;;SUBMISSION;HYDROGEL_PACK;XIREC;10020.0;12
221500;;SUBMISSION;HYDROGEL_PACK;XIREC;10018.0;22
221600;;SUBMISSION;HYDROGEL_PACK;XIREC;10019.0;15
221600;;SUBMISSION;HYDROGEL_PACK;XIREC;10017.0;21
221900;;SUBMISSION;HYDROGEL_PACK;XIREC;10020.0;11
221900;;SUBMISSION;HYDROGEL_PACK;XIREC;10017.0;2
221900;Mark 38;Mark 14;HYDROGEL_PACK;XIREC;10036.0;5
222300;Mark 38;Mark 14;HYDROGEL_PACK;XIREC;10035.0;2
222400;Mark 01;Mark 22;VEV_5200;XIREC;71.0;2
222400;Mark 01;Mark 22;VEV_5300;XIREC;29.0;2
222400;Mark 01;Mark 22;VEV_5400;XIREC;8.0;2
222400;Mark 01;Mark 22;VEV_5500;XIREC;2.0;2
222400;Mark 01;Mark 22;VEV_6000;XIREC;0.0;2
222400;Mark 01;Mark 22;VEV_6500;XIREC;0.0;2
224400;Mark 55;Mark 14;VELVETFRUIT_EXTRACT;XIREC;5231.0;4
224600;SUBMISSION;;HYDROGEL_PACK;XIREC;10005.0;6
224600;SUBMISSION;;HYDROGEL_PACK;XIREC;10013.0;12
224600;SUBMISSION;;HYDROGEL_PACK;XIREC;10016.0;23
224900;SUBMISSION;;HYDROGEL_PACK;XIREC;10008.0;11
224900;SUBMISSION;;HYDROGEL_PACK;XIREC;10010.0;26
225000;SUBMISSION;;HYDROGEL_PACK;XIREC;10004.0;13
225000;SUBMISSION;;HYDROGEL_PACK;XIREC;10007.0;30
225000;Mark 55;Mark 14;VELVETFRUIT_EXTRACT;XIREC;5232.0;7
225100;SUBMISSION;;HYDROGEL_PACK;XIREC;10004.0;11
225100;SUBMISSION;;HYDROGEL_PACK;XIREC;10007.0;23
225200;SUBMISSION;;HYDROGEL_PACK;XIREC;10005.0;10
225200;SUBMISSION;;HYDROGEL_PACK;XIREC;10008.0;22
225300;SUBMISSION;;HYDROGEL_PACK;XIREC;10006.0;13
228600;;SUBMISSION;VEV_4500;XIREC;734.0;9
228600;;SUBMISSION;VEV_4500;XIREC;732.0;12
229000;;SUBMISSION;VEV_4500;XIREC;734.0;8
229000;;SUBMISSION;VEV_4500;XIREC;732.0;22
229100;;SUBMISSION;VELVETFRUIT_EXTRACT;XIREC;5240.0;50
229100;;SUBMISSION;VEV_4000;XIREC;1233.0;12
229100;;SUBMISSION;VEV_4000;XIREC;1230.0;17
229100;;SUBMISSION;VEV_4500;XIREC;735.0;6
229100;;SUBMISSION;VEV_4500;XIREC;733.0;18
229200;;SUBMISSION;VELVETFRUIT_EXTRACT;XIREC;5240.0;50
229200;;SUBMISSION;VEV_4000;XIREC;1232.0;11
229200;;SUBMISSION;VEV_4000;XIREC;1230.0;23
229200;;SUBMISSION;VEV_4500;XIREC;735.0;12
229200;;SUBMISSION;VEV_4500;XIREC;733.0;18
229300;;SUBMISSION;VELVETFRUIT_EXTRACT;XIREC;5241.0;25
229300;;SUBMISSION;VELVETFRUIT_EXTRACT;XIREC;5240.0;25
229300;;SUBMISSION;VEV_4000;XIREC;1233.0;9
229300;;SUBMISSION;VEV_4000;XIREC;1230.0;18
229300;;SUBMISSION;VEV_4500;XIREC;735.0;10
229300;;SUBMISSION;VEV_4500;XIREC;733.0;14
229500;Mark 14;Mark 55;VELVETFRUIT_EXTRACT;XIREC;5239.0;4
229500;Mark 38;Mark 14;VEV_4000;XIREC;1252.0;2
229600;;SUBMISSION;VELVETFRUIT_EXTRACT;XIREC;5240.0;18
229600;;SUBMISSION;VELVETFRUIT_EXTRACT;XIREC;5239.0;32
229600;;SUBMISSION;VEV_4000;XIREC;1232.0;12
229600;;SUBMISSION;VEV_4000;XIREC;1229.0;24
229600;;SUBMISSION;VEV_4500;XIREC;734.0;8
229600;;SUBMISSION;VEV_4500;XIREC;733.0;22
229700;;SUBMISSION;VEV_4000;XIREC;1233.0;9
229700;;SUBMISSION;VEV_4000;XIREC;1230.0;17
229700;;SUBMISSION;VEV_4500;XIREC;735.0;10
229700;;SUBMISSION;VEV_4500;XIREC;733.0;14
229800;;SUBMISSION;VEV_4000;XIREC;1234.0;7
229800;;SUBMISSION;VEV_4000;XIREC;1231.0;17
229800;;SUBMISSION;VEV_4500;XIREC;736.0;12
229800;;SUBMISSION;VEV_4500;XIREC;734.0;15
229900;;SUBMISSION;VEV_4000;XIREC;1232.0;11
229900;;SUBMISSION;VEV_4000;XIREC;1230.0;23
229900;;SUBMISSION;VEV_4500;XIREC;735.0;6
229900;;SUBMISSION;VEV_4500;XIREC;733.0;16
230000;;SUBMISSION;VEV_4000;XIREC;1234.0;9
230000;;SUBMISSION;VEV_4000;XIREC;1231.0;17
230000;;SUBMISSION;VEV_4500;XIREC;736.0;12
230000;;SUBMISSION;VEV_4500;XIREC;735.0;17
230100;;SUBMISSION;VEV_4000;XIREC;1234.0;9
230100;;SUBMISSION;VEV_4000;XIREC;1232.0;27
230100;;SUBMISSION;VEV_4500;XIREC;737.0;8
230100;;SUBMISSION;VEV_4500;XIREC;735.0;12
230200;;SUBMISSION;VEV_4000;XIREC;1243.0;2
230200;;SUBMISSION;VEV_4000;XIREC;1233.0;12
230200;;SUBMISSION;VEV_4000;XIREC;1231.0;14
230200;;SUBMISSION;VEV_4500;XIREC;743.0;2
230200;;SUBMISSION;VEV_4500;XIREC;736.0;12
230200;;SUBMISSION;VEV_4500;XIREC;734.0;5
230200;;SUBMISSION;VEV_5000;XIREC;246.0;2
230200;;SUBMISSION;VEV_5000;XIREC;243.0;30
230300;Mark 14;Mark 38;HYDROGEL_PACK;XIREC;9972.0;5
230900;Mark 38;Mark 14;HYDROGEL_PACK;XIREC;9984.0;6
231300;Mark 14;Mark 38;HYDROGEL_PACK;XIREC;9968.0;3
231300;Mark 01;Mark 55;VELVETFRUIT_EXTRACT;XIREC;5238.0;7
232400;SUBMISSION;;VEV_5000;XIREC;238.0;6
232400;SUBMISSION;;VEV_5000;XIREC;239.0;18
232900;SUBMISSION;;VEV_5000;XIREC;238.0;8
233100;Mark 14;Mark 38;VEV_4000;XIREC;1222.0;3
233900;Mark 14;Mark 55;VELVETFRUIT_EXTRACT;XIREC;5233.0;8
234500;Mark 55;Mark 14;VELVETFRUIT_EXTRACT;XIREC;5238.0;4
234700;Mark 38;Mark 14;VEV_4000;XIREC;1244.0;2
235900;Mark 14;Mark 38;HYDROGEL_PACK;XIREC;9992.0;3
236100;Mark 01;Mark 55;VELVETFRUIT_EXTRACT;XIREC;5228.0;8
236300;Mark 14;Mark 38;HYDROGEL_PACK;XIREC;9994.0;4
236500;SUBMISSION;;VELVETFRUIT_EXTRACT;XIREC;5232.0;15
236500;SUBMISSION;;VELVETFRUIT_EXTRACT;XIREC;5233.0;35
236700;SUBMISSION;;VELVETFRUIT_EXTRACT;XIREC;5230.0;18
236700;SUBMISSION;;VELVETFRUIT_EXTRACT;XIREC;5233.0;16
236700;SUBMISSION;;VELVETFRUIT_EXTRACT;XIREC;5234.0;16
237500;SUBMISSION;;VELVETFRUIT_EXTRACT;XIREC;5232.0;50
237500;SUBMISSION;;VEV_4000;XIREC;1239.0;8
237500;SUBMISSION;;VEV_4000;XIREC;1242.0;27
237500;SUBMISSION;;VEV_4500;XIREC;737.0;6
237500;SUBMISSION;;VEV_4500;XIREC;739.0;22
237600;SUBMISSION;;VELVETFRUIT_EXTRACT;XIREC;5231.0;20
237600;SUBMISSION;;VELVETFRUIT_EXTRACT;XIREC;5232.0;30
237600;SUBMISSION;;VEV_4000;XIREC;1239.0;13
237600;SUBMISSION;;VEV_4000;XIREC;1241.0;29
237600;SUBMISSION;;VEV_4500;XIREC;736.0;12
237600;SUBMISSION;;VEV_4500;XIREC;738.0;21
237700;SUBMISSION;;VEV_4000;XIREC;1240.0;10
237700;SUBMISSION;;VEV_4000;XIREC;1242.0;25
237700;SUBMISSION;;VEV_4500;XIREC;737.0;12
237700;SUBMISSION;;VEV_4500;XIREC;739.0;15
237800;SUBMISSION;;VEV_4000;XIREC;1238.0;10
237800;SUBMISSION;;VEV_4000;XIREC;1241.0;24
237800;SUBMISSION;;VEV_4500;XIREC;736.0;12
237800;SUBMISSION;;VEV_4500;XIREC;737.0;13
237900;SUBMISSION;;VEV_4000;XIREC;1235.0;11
237900;SUBMISSION;;VEV_4000;XIREC;1238.0;25
237900;SUBMISSION;;VEV_4500;XIREC;733.0;6
237900;SUBMISSION;;VEV_4500;XIREC;734.0;14
238000;SUBMISSION;;VEV_4000;XIREC;1235.0;11
238000;SUBMISSION;;VEV_4000;XIREC;1237.0;18
238000;SUBMISSION;;VEV_4500;XIREC;732.0;9
238000;SUBMISSION;;VEV_4500;XIREC;734.0;22
238100;SUBMISSION;;VEV_4000;XIREC;1235.0;10
238100;SUBMISSION;;VEV_4000;XIREC;1238.0;17
238100;SUBMISSION;;VEV_4500;XIREC;733.0;6
238100;SUBMISSION;;VEV_4500;XIREC;734.0;21
238200;SUBMISSION;;VEV_4000;XIREC;1235.0;8
238200;SUBMISSION;;VEV_4000;XIREC;1237.0;22
238200;SUBMISSION;;VEV_4500;XIREC;732.0;10
238200;SUBMISSION;;VEV_4500;XIREC;734.0;13
238300;SUBMISSION;;VEV_4000;XIREC;1235.0;13
238300;SUBMISSION;;VEV_4000;XIREC;1237.0;19
238300;SUBMISSION;;VEV_4500;XIREC;732.0;7
238300;SUBMISSION;;VEV_4500;XIREC;734.0;14
238400;SUBMISSION;;VEV_4500;XIREC;733.0;9
238400;SUBMISSION;;VEV_4500;XIREC;735.0;19
238500;SUBMISSION;;VEV_4500;XIREC;733.0;7
238500;SUBMISSION;;VEV_4500;XIREC;735.0;22
238700;SUBMISSION;;VEV_4500;XIREC;734.0;7
238700;SUBMISSION;;VEV_4500;XIREC;735.0;1
240100;Mark 14;Mark 38;HYDROGEL_PACK;XIREC;10013.0;2
240700;Mark 14;Mark 38;VEV_4000;XIREC;1225.0;3
241200;Mark 14;Mark 38;VEV_4000;XIREC;1222.0;1
243700;Mark 01;Mark 22;VEV_5300;XIREC;31.0;2
243700;Mark 01;Mark 22;VEV_5400;XIREC;9.0;2
243700;Mark 01;Mark 22;VEV_5500;XIREC;2.0;2
243700;Mark 01;Mark 22;VEV_6000;XIREC;0.0;2
243700;Mark 01;Mark 22;VEV_6500;XIREC;0.0;2
243900;Mark 55;Mark 14;VELVETFRUIT_EXTRACT;XIREC;5239.0;3
245100;Mark 14;Mark 55;VELVETFRUIT_EXTRACT;XIREC;5229.0;8
245500;;SUBMISSION;HYDROGEL_PACK;XIREC;10019.0;12
245500;;SUBMISSION;HYDROGEL_PACK;XIREC;10016.0;26
245600;;SUBMISSION;HYDROGEL_PACK;XIREC;10019.0;13
245600;;SUBMISSION;HYDROGEL_PACK;XIREC;10016.0;22
245700;;SUBMISSION;HYDROGEL_PACK;XIREC;10019.0;14
245700;;SUBMISSION;HYDROGEL_PACK;XIREC;10016.0;29
245700;Mark 14;Mark 55;VELVETFRUIT_EXTRACT;XIREC;5232.0;3
245900;;SUBMISSION;HYDROGEL_PACK;XIREC;10023.0;14
245900;;SUBMISSION;HYDROGEL_PACK;XIREC;10021.0;20
246000;;SUBMISSION;HYDROGEL_PACK;XIREC;10022.0;15
246000;;SUBMISSION;HYDROGEL_PACK;XIREC;10020.0;21
246100;;SUBMISSION;HYDROGEL_PACK;XIREC;10021.0;12
246100;;SUBMISSION;HYDROGEL_PACK;XIREC;10018.0;2
247000;Mark 38;Mark 14;HYDROGEL_PACK;XIREC;10038.0;6
248100;Mark 55;Mark 14;VELVETFRUIT_EXTRACT;XIREC;5239.0;8
249800;;SUBMISSION;VEV_4000;XIREC;1237.0;2
249800;;SUBMISSION;VEV_4000;XIREC;1227.0;9
249800;;SUBMISSION;VEV_4000;XIREC;1224.0;22
250200;Mark 01;Mark 22;VEV_5400;XIREC;9.0;5
250200;Mark 01;Mark 22;VEV_5500;XIREC;2.0;5
250200;Mark 01;Mark 22;VEV_6000;XIREC;0.0;5
250200;Mark 01;Mark 22;VEV_6500;XIREC;0.0;5
251400;Mark 01;Mark 55;VELVETFRUIT_EXTRACT;XIREC;5235.0;4
252100;Mark 55;Mark 01;VELVETFRUIT_EXTRACT;XIREC;5241.0;3
252700;Mark 38;Mark 14;VEV_4000;XIREC;1250.0;1
252900;;SUBMISSION;VEV_4500;XIREC;734.0;8
252900;;SUBMISSION;VEV_4500;XIREC;732.0;13
253300;;SUBMISSION;VEV_4500;XIREC;734.0;10
253300;;SUBMISSION;VEV_4500;XIREC;732.0;12
253400;;SUBMISSION;VELVETFRUIT_EXTRACT;XIREC;5240.0;50
253400;Mark 14;Mark 22;VEV_5200;XIREC;80.0;5
253400;Mark 01;Mark 22;VEV_5500;XIREC;2.0;5
253400;Mark 01;Mark 22;VEV_6000;XIREC;0.0;5
253400;Mark 01;Mark 22;VEV_6500;XIREC;0.0;5
253500;;SUBMISSION;VELVETFRUIT_EXTRACT;XIREC;5240.0;50
253500;;SUBMISSION;VEV_4000;XIREC;1232.0;8
253500;;SUBMISSION;VEV_4000;XIREC;1230.0;17
253500;;SUBMISSION;VEV_4500;XIREC;735.0;9
253500;;SUBMISSION;VEV_4500;XIREC;733.0;16
253600;;SUBMISSION;VEV_4000;XIREC;1232.0;15
253600;;SUBMISSION;VEV_4000;XIREC;1230.0;30
253600;;SUBMISSION;VEV_4500;XIREC;735.0;12
253600;;SUBMISSION;VEV_4500;XIREC;733.0;18
253700;;SUBMISSION;VELVETFRUIT_EXTRACT;XIREC;5240.0;25
253700;;SUBMISSION;VELVETFRUIT_EXTRACT;XIREC;5239.0;25
253700;;SUBMISSION;VEV_4000;XIREC;1232.0;9
253700;;SUBMISSION;VEV_4000;XIREC;1229.0;19
253700;;SUBMISSION;VEV_4500;XIREC;734.0;10
253700;;SUBMISSION;VEV_4500;XIREC;733.0;16
253800;;SUBMISSION;VELVETFRUIT_EXTRACT;XIREC;5240.0;15
253800;;SUBMISSION;VELVETFRUIT_EXTRACT;XIREC;5239.0;35
253800;;SUBMISSION;VEV_4000;XIREC;1232.0;9
253800;;SUBMISSION;VEV_4000;XIREC;1229.0;30
253800;;SUBMISSION;VEV_4500;XIREC;734.0;6
253800;;SUBMISSION;VEV_4500;XIREC;733.0;24
253900;;SUBMISSION;VEV_4000;XIREC;1232.0;12
253900;;SUBMISSION;VEV_4000;XIREC;1229.0;15
253900;;SUBMISSION;VEV_4500;XIREC;734.0;9
253900;;SUBMISSION;VEV_4500;XIREC;732.0;12
254000;;SUBMISSION;VEV_4000;XIREC;1232.0;10
254000;;SUBMISSION;VEV_4000;XIREC;1230.0;19
254000;;SUBMISSION;VEV_4500;XIREC;735.0;11
254000;;SUBMISSION;VEV_4500;XIREC;733.0;15
254000;Mark 67;Mark 22;VELVETFRUIT_EXTRACT;XIREC;5242.0;7
254100;;SUBMISSION;VEV_4500;XIREC;734.0;11
254100;;SUBMISSION;VEV_4500;XIREC;732.0;14
254300;Mark 67;Mark 49;VELVETFRUIT_EXTRACT;XIREC;5239.0;15
254800;Mark 14;Mark 38;HYDROGEL_PACK;XIREC;10031.0;4
254900;Mark 22;Mark 38;HYDROGEL_PACK;XIREC;10036.0;3
256400;Mark 14;Mark 38;HYDROGEL_PACK;XIREC;10032.0;4
258200;Mark 14;Mark 38;HYDROGEL_PACK;XIREC;10010.0;3
259200;Mark 38;Mark 14;HYDROGEL_PACK;XIREC;10023.0;4
259900;Mark 14;Mark 38;HYDROGEL_PACK;XIREC;10001.0;2
260600;Mark 14;Mark 55;VELVETFRUIT_EXTRACT;XIREC;5228.0;6
260700;SUBMISSION;;VELVETFRUIT_EXTRACT;XIREC;5232.0;48
260700;SUBMISSION;;VEV_4000;XIREC;1239.0;15
260700;SUBMISSION;;VEV_4000;XIREC;1242.0;26
260700;SUBMISSION;;VEV_4500;XIREC;737.0;12
260700;SUBMISSION;;VEV_4500;XIREC;739.0;19
260800;SUBMISSION;;VELVETFRUIT_EXTRACT;XIREC;5232.0;50
260800;SUBMISSION;;VEV_4000;XIREC;1240.0;8
260800;SUBMISSION;;VEV_4000;XIREC;1242.0;29
260800;SUBMISSION;;VEV_4500;XIREC;737.0;10
260800;SUBMISSION;;VEV_4500;XIREC;739.0;12
260900;SUBMISSION;;VELVETFRUIT_EXTRACT;XIREC;5232.0;20
260900;SUBMISSION;;VELVETFRUIT_EXTRACT;XIREC;5233.0;30
260900;SUBMISSION;;VEV_4000;XIREC;1240.0;8
260900;SUBMISSION;;VEV_4000;XIREC;1242.0;17
260900;SUBMISSION;;VEV_4500;XIREC;737.0;9
260900;SUBMISSION;;VEV_4500;XIREC;739.0;23
261100;SUBMISSION;;HYDROGEL_PACK;XIREC;10003.0;4
261100;SUBMISSION;;HYDROGEL_PACK;XIREC;10011.0;15
261100;SUBMISSION;;HYDROGEL_PACK;XIREC;10014.0;30
261100;SUBMISSION;;VELVETFRUIT_EXTRACT;XIREC;5231.0;50
261100;SUBMISSION;;VEV_4000;XIREC;1239.0;14
261100;SUBMISSION;;VEV_4000;XIREC;1241.0;20
261100;SUBMISSION;;VEV_4500;XIREC;736.0;6
261100;SUBMISSION;;VEV_4500;XIREC;738.0;20
261200;SUBMISSION;;VELVETFRUIT_EXTRACT;XIREC;5230.0;2
261200;SUBMISSION;;VEV_4000;XIREC;1237.0;8
261200;SUBMISSION;;VEV_4000;XIREC;1240.0;20
261200;SUBMISSION;;VEV_4500;XIREC;735.0;10
261200;SUBMISSION;;VEV_4500;XIREC;737.0;13
261300;SUBMISSION;;VEV_4000;XIREC;1237.0;11
261300;SUBMISSION;;VEV_4000;XIREC;1240.0;24
261300;SUBMISSION;;VEV_4500;XIREC;735.0;12
261300;SUBMISSION;;VEV_4500;XIREC;737.0;24
261400;SUBMISSION;;VEV_4000;XIREC;1239.0;8
261400;SUBMISSION;;VEV_4000;XIREC;1241.0;18
261400;SUBMISSION;;VEV_4500;XIREC;736.0;12
261400;SUBMISSION;;VEV_4500;XIREC;738.0;22
261500;SUBMISSION;;HYDROGEL_PACK;XIREC;10010.0;14
261500;SUBMISSION;;HYDROGEL_PACK;XIREC;10012.0;20
261500;SUBMISSION;;VEV_4500;XIREC;737.0;7
261500;SUBMISSION;;VEV_4500;XIREC;739.0;15
261600;SUBMISSION;;HYDROGEL_PACK;XIREC;10011.0;12
261600;SUBMISSION;;HYDROGEL_PACK;XIREC;10013.0;30
261600;Mark 14;Mark 38;HYDROGEL_PACK;XIREC;9995.0;6
261700;Mark 55;Mark 01;VELVETFRUIT_EXTRACT;XIREC;5231.0;4
261800;SUBMISSION;;HYDROGEL_PACK;XIREC;10011.0;10
261800;SUBMISSION;;HYDROGEL_PACK;XIREC;10014.0;23
261900;SUBMISSION;;HYDROGEL_PACK;XIREC;10011.0;11
261900;SUBMISSION;;HYDROGEL_PACK;XIREC;10014.0;26
262100;SUBMISSION;;HYDROGEL_PACK;XIREC;10011.0;5
262100;Mark 38;Mark 14;HYDROGEL_PACK;XIREC;10011.0;6
262500;Mark 55;Mark 14;VELVETFRUIT_EXTRACT;XIREC;5231.0;5
263200;Mark 14;Mark 38;VEV_4000;XIREC;1216.0;3
263400;Mark 55;Mark 01;VELVETFRUIT_EXTRACT;XIREC;5231.0;3
263500;Mark 55;Mark 14;VELVETFRUIT_EXTRACT;XIREC;5230.0;5
264000;Mark 67;Mark 49;VELVETFRUIT_EXTRACT;XIREC;5230.0;9
265900;Mark 14;Mark 38;HYDROGEL_PACK;XIREC;9982.0;6
266300;Mark 38;Mark 14;HYDROGEL_PACK;XIREC;10001.0;6
268100;Mark 38;Mark 14;VEV_4000;XIREC;1247.0;3
268500;Mark 14;Mark 55;VELVETFRUIT_EXTRACT;XIREC;5236.0;3
268800;Mark 38;Mark 14;HYDROGEL_PACK;XIREC;10005.0;2
269000;Mark 14;Mark 22;VEV_5200;XIREC;76.0;2
269000;Mark 14;Mark 22;VEV_5300;XIREC;32.0;2
269000;Mark 01;Mark 22;VEV_5400;XIREC;9.0;2
269000;Mark 01;Mark 22;VEV_5500;XIREC;2.0;2
269000;Mark 01;Mark 22;VEV_6000;XIREC;0.0;2
269000;Mark 01;Mark 22;VEV_6500;XIREC;0.0;2
270900;Mark 14;Mark 38;HYDROGEL_PACK;XIREC;9994.0;6
272300;Mark 01;Mark 55;VELVETFRUIT_EXTRACT;XIREC;5233.0;6
273400;Mark 01;Mark 22;VEV_5500;XIREC;2.0;5
273400;Mark 01;Mark 22;VEV_6000;XIREC;0.0;5
273400;Mark 01;Mark 22;VEV_6500;XIREC;0.0;5
276600;Mark 14;Mark 38;HYDROGEL_PACK;XIREC;10001.0;6
277500;;SUBMISSION;VEV_4500;XIREC;734.0;12
277500;;SUBMISSION;VEV_4500;XIREC;732.0;19
277600;;SUBMISSION;VELVETFRUIT_EXTRACT;XIREC;5241.0;10
277600;;SUBMISSION;VELVETFRUIT_EXTRACT;XIREC;5239.0;19
277600;;SUBMISSION;VELVETFRUIT_EXTRACT;XIREC;5238.0;21
277600;Mark 22;Mark 55;VELVETFRUIT_EXTRACT;XIREC;5241.0;5
277800;Mark 14;Mark 38;HYDROGEL_PACK;XIREC;9990.0;6
278100;;SUBMISSION;VELVETFRUIT_EXTRACT;XIREC;5239.0;50
278100;;SUBMISSION;VEV_4000;XIREC;1232.0;10
278100;;SUBMISSION;VEV_4000;XIREC;1229.0;22
278100;;SUBMISSION;VEV_4500;XIREC;734.0;9
278100;;SUBMISSION;VEV_4500;XIREC;732.0;22
278200;;SUBMISSION;VELVETFRUIT_EXTRACT;XIREC;5240.0;50
278200;;SUBMISSION;VEV_4000;XIREC;1232.0;13
278200;;SUBMISSION;VEV_4000;XIREC;1230.0;21
278200;;SUBMISSION;VEV_4500;XIREC;735.0;9
278200;;SUBMISSION;VEV_4500;XIREC;733.0;17
278300;;SUBMISSION;VELVETFRUIT_EXTRACT;XIREC;5240.0;25
278300;;SUBMISSION;VELVETFRUIT_EXTRACT;XIREC;5239.0;25
278300;;SUBMISSION;VEV_4000;XIREC;1232.0;11
278300;;SUBMISSION;VEV_4000;XIREC;1229.0;22
278300;;SUBMISSION;VEV_4500;XIREC;734.0;9
278300;;SUBMISSION;VEV_4500;XIREC;733.0;23
278400;;SUBMISSION;VEV_4000;XIREC;1232.0;12
278400;;SUBMISSION;VEV_4000;XIREC;1229.0;21
278400;;SUBMISSION;VEV_4500;XIREC;734.0;10
278400;;SUBMISSION;VEV_4500;XIREC;733.0;12
278500;;SUBMISSION;VEV_4000;XIREC;1232.0;11
278500;;SUBMISSION;VEV_4000;XIREC;1229.0;29
278500;;SUBMISSION;VEV_4500;XIREC;734.0;12
278500;;SUBMISSION;VEV_4500;XIREC;732.0;24
278600;;SUBMISSION;VEV_4500;XIREC;734.0;12
278600;;SUBMISSION;VEV_4500;XIREC;732.0;23
278700;;SUBMISSION;VEV_4500;XIREC;734.0;12
278700;;SUBMISSION;VEV_4500;XIREC;732.0;18
278800;;SUBMISSION;VEV_4000;XIREC;1232.0;12
278800;;SUBMISSION;VEV_4000;XIREC;1229.0;18
278800;;SUBMISSION;VEV_4500;XIREC;734.0;11
278800;;SUBMISSION;VEV_4500;XIREC;732.0;24
278900;;SUBMISSION;VEV_4000;XIREC;1233.0;11
278900;;SUBMISSION;VEV_4000;XIREC;1230.0;29
278900;;SUBMISSION;VEV_4500;XIREC;735.0;10
278900;;SUBMISSION;VEV_4500;XIREC;733.0;12
279000;;SUBMISSION;VEV_4000;XIREC;1232.0;11
279000;;SUBMISSION;VEV_4000;XIREC;1230.0;17
279100;;SUBMISSION;VEV_4000;XIREC;1232.0;15
279100;;SUBMISSION;VEV_4000;XIREC;1230.0;15
281100;Mark 14;Mark 55;VELVETFRUIT_EXTRACT;XIREC;5237.0;8
281800;Mark 14;Mark 55;VELVETFRUIT_EXTRACT;XIREC;5237.0;4
281900;Mark 38;Mark 14;HYDROGEL_PACK;XIREC;10020.0;2
282100;Mark 01;Mark 55;VELVETFRUIT_EXTRACT;XIREC;5235.0;7
283900;Mark 01;Mark 55;VELVETFRUIT_EXTRACT;XIREC;5237.0;6
284300;;SUBMISSION;HYDROGEL_PACK;XIREC;10021.0;13
284300;;SUBMISSION;HYDROGEL_PACK;XIREC;10018.0;28
284600;Mark 14;Mark 55;VELVETFRUIT_EXTRACT;XIREC;5241.0;7
285200;;SUBMISSION;VEV_5000;XIREC;245.0;8
285200;;SUBMISSION;VEV_5000;XIREC;244.0;14
285300;;SUBMISSION;HYDROGEL_PACK;XIREC;10019.0;14
285300;;SUBMISSION;HYDROGEL_PACK;XIREC;10016.0;26
285300;;SUBMISSION;VEV_5000;XIREC;246.0;8
285300;;SUBMISSION;VEV_5000;XIREC;245.0;17
285400;;SUBMISSION;HYDROGEL_PACK;XIREC;10019.0;12
285400;;SUBMISSION;HYDROGEL_PACK;XIREC;10016.0;23
285400;;SUBMISSION;VEV_5000;XIREC;247.0;10
285400;;SUBMISSION;VEV_5000;XIREC;246.0;12
285500;;SUBMISSION;HYDROGEL_PACK;XIREC;10021.0;11
285500;;SUBMISSION;HYDROGEL_PACK;XIREC;10019.0;29
285500;;SUBMISSION;VEV_5000;XIREC;246.0;12
285500;;SUBMISSION;VEV_5000;XIREC;245.0;22
285600;;SUBMISSION;HYDROGEL_PACK;XIREC;10023.0;13
285600;;SUBMISSION;HYDROGEL_PACK;XIREC;10021.0;28
285600;;SUBMISSION;VEV_5000;XIREC;245.0;31
285600;Mark 67;Mark 22;VELVETFRUIT_EXTRACT;XIREC;5245.0;7
285700;;SUBMISSION;HYDROGEL_PACK;XIREC;10024.0;3
285700;;SUBMISSION;VEV_5000;XIREC;245.0;11
285700;;SUBMISSION;VEV_5000;XIREC;244.0;15
285700;Mark 14;Mark 55;VELVETFRUIT_EXTRACT;XIREC;5243.0;5
285900;Mark 55;Mark 14;VELVETFRUIT_EXTRACT;XIREC;5247.0;8
286800;;SUBMISSION;VEV_5000;XIREC;245.0;8
286800;;SUBMISSION;VEV_5000;XIREC;244.0;20
287000;Mark 01;Mark 55;VELVETFRUIT_EXTRACT;XIREC;5241.0;7
289400;Mark 01;Mark 22;VEV_5300;XIREC;31.0;2
289400;Mark 01;Mark 22;VEV_5400;XIREC;8.0;2
289400;Mark 01;Mark 22;VEV_5500;XIREC;2.0;2
289400;Mark 01;Mark 22;VEV_6000;XIREC;0.0;2
289400;Mark 01;Mark 22;VEV_6500;XIREC;0.0;2
289600;Mark 49;Mark 22;VELVETFRUIT_EXTRACT;XIREC;5234.0;6
290100;SUBMISSION;;VEV_5000;XIREC;238.0;11
290100;SUBMISSION;;VEV_5000;XIREC;239.0;20
290200;SUBMISSION;;VEV_5000;XIREC;237.0;8
290200;SUBMISSION;;VEV_5000;XIREC;238.0;21
290400;SUBMISSION;;VEV_5000;XIREC;237.0;25
290500;SUBMISSION;;VEV_5000;XIREC;236.0;6
290500;SUBMISSION;;VEV_5000;XIREC;237.0;20
290600;SUBMISSION;;VELVETFRUIT_EXTRACT;XIREC;5232.0;50
290600;SUBMISSION;;VEV_4000;XIREC;1239.0;9
290600;SUBMISSION;;VEV_4000;XIREC;1242.0;27
290600;SUBMISSION;;VEV_4500;XIREC;737.0;8
290600;SUBMISSION;;VEV_4500;XIREC;739.0;14
290600;SUBMISSION;;VEV_5000;XIREC;235.0;8
290600;SUBMISSION;;VEV_5000;XIREC;236.0;14
290700;SUBMISSION;;VELVETFRUIT_EXTRACT;XIREC;5232.0;19
290700;SUBMISSION;;VELVETFRUIT_EXTRACT;XIREC;5233.0;31
290700;SUBMISSION;;VEV_4000;XIREC;1240.0;10
290700;SUBMISSION;;VEV_4000;XIREC;1242.0;18
290700;SUBMISSION;;VEV_4500;XIREC;737.0;8
290700;SUBMISSION;;VEV_4500;XIREC;739.0;22
290700;SUBMISSION;;VEV_5000;XIREC;236.0;30
290800;SUBMISSION;;VELVETFRUIT_EXTRACT;XIREC;5232.0;17
290800;SUBMISSION;;VELVETFRUIT_EXTRACT;XIREC;5233.0;33
290800;SUBMISSION;;VEV_4000;XIREC;1240.0;9
290800;SUBMISSION;;VEV_4000;XIREC;1243.0;30
290800;SUBMISSION;;VEV_5000;XIREC;236.0;25
290900;SUBMISSION;;VELVETFRUIT_EXTRACT;XIREC;5232.0;15
290900;SUBMISSION;;VELVETFRUIT_EXTRACT;XIREC;5233.0;35
290900;SUBMISSION;;VEV_4000;XIREC;1229.0;4
290900;SUBMISSION;;VEV_4000;XIREC;1240.0;9
290900;SUBMISSION;;VEV_4000;XIREC;1243.0;30
290900;SUBMISSION;;VEV_4500;XIREC;729.0;4
290900;SUBMISSION;;VEV_4500;XIREC;738.0;10
290900;SUBMISSION;;VEV_4500;XIREC;739.0;17
290900;Mark 01;Mark 22;VEV_5300;XIREC;29.0;4
290900;Mark 01;Mark 22;VEV_5400;XIREC;8.0;4
290900;Mark 01;Mark 22;VEV_5500;XIREC;1.0;4
290900;Mark 01;Mark 22;VEV_6000;XIREC;0.0;4
290900;Mark 01;Mark 22;VEV_6500;XIREC;0.0;4
291200;SUBMISSION;;VEV_4000;XIREC;1239.0;11
291200;SUBMISSION;;VEV_4000;XIREC;1241.0;21
291200;SUBMISSION;;VEV_4500;XIREC;736.0;8
291200;SUBMISSION;;VEV_4500;XIREC;738.0;12
291300;SUBMISSION;;VEV_4000;XIREC;1240.0;8
291300;SUBMISSION;;VEV_4000;XIREC;1242.0;21
291300;SUBMISSION;;VEV_4500;XIREC;737.0;9
291300;SUBMISSION;;VEV_4500;XIREC;739.0;16
291500;SUBMISSION;;VEV_4000;XIREC;1239.0;7
291500;SUBMISSION;;VEV_4000;XIREC;1241.0;18
291500;SUBMISSION;;VEV_4500;XIREC;736.0;10
291500;SUBMISSION;;VEV_4500;XIREC;738.0;14
291600;SUBMISSION;;VEV_4000;XIREC;1240.0;10
291600;SUBMISSION;;VEV_4000;XIREC;1243.0;17
291700;SUBMISSION;;VEV_4000;XIREC;1240.0;11
291700;SUBMISSION;;VEV_4000;XIREC;1243.0;28
291800;SUBMISSION;;VEV_4000;XIREC;1239.0;2
291800;SUBMISSION;;VEV_4500;XIREC;737.0;12
291800;SUBMISSION;;VEV_4500;XIREC;739.0;21
291900;SUBMISSION;;VEV_4500;XIREC;736.0;6
291900;SUBMISSION;;VEV_4500;XIREC;737.0;16
292000;SUBMISSION;;VEV_4500;XIREC;735.0;8
292000;SUBMISSION;;VEV_4500;XIREC;737.0;14
292100;SUBMISSION;;VEV_4500;XIREC;734.0;10
292100;SUBMISSION;;VEV_4500;XIREC;736.0;21
292200;SUBMISSION;;VEV_4500;XIREC;734.0;7
292200;SUBMISSION;;VEV_4500;XIREC;736.0;20
292300;SUBMISSION;;VEV_4500;XIREC;735.0;8
292300;SUBMISSION;;VEV_4500;XIREC;736.0;5
292600;Mark 55;Mark 01;VELVETFRUIT_EXTRACT;XIREC;5230.0;7
293300;Mark 14;Mark 55;VELVETFRUIT_EXTRACT;XIREC;5225.0;3
293400;Mark 01;Mark 55;VELVETFRUIT_EXTRACT;XIREC;5223.0;6
294300;Mark 67;Mark 22;VELVETFRUIT_EXTRACT;XIREC;5226.0;10
295400;Mark 01;Mark 55;VELVETFRUIT_EXTRACT;XIREC;5218.0;3
295600;Mark 55;Mark 01;VELVETFRUIT_EXTRACT;XIREC;5221.0;8
296200;Mark 38;Mark 14;HYDROGEL_PACK;XIREC;10033.0;6
296500;Mark 38;Mark 14;VEV_4000;XIREC;1232.0;3
298100;Mark 55;Mark 14;VELVETFRUIT_EXTRACT;XIREC;5225.0;5
298800;Mark 01;Mark 55;VELVETFRUIT_EXTRACT;XIREC;5217.0;7
300900;SUBMISSION;;HYDROGEL_PACK;XIREC;10009.0;11
300900;SUBMISSION;;HYDROGEL_PACK;XIREC;10012.0;22
301000;SUBMISSION;;HYDROGEL_PACK;XIREC;10008.0;14
301000;SUBMISSION;;HYDROGEL_PACK;XIREC;10010.0;20
301100;SUBMISSION;;HYDROGEL_PACK;XIREC;10010.0;10
301100;SUBMISSION;;HYDROGEL_PACK;XIREC;10012.0;29
301200;SUBMISSION;;HYDROGEL_PACK;XIREC;10006.0;13
301200;SUBMISSION;;HYDROGEL_PACK;XIREC;10008.0;24
301300;SUBMISSION;;HYDROGEL_PACK;XIREC;10006.0;11
301300;SUBMISSION;;HYDROGEL_PACK;XIREC;10009.0;20
301400;SUBMISSION;;HYDROGEL_PACK;XIREC;10003.0;15
301400;SUBMISSION;;HYDROGEL_PACK;XIREC;10006.0;11
302800;Mark 55;Mark 49;VELVETFRUIT_EXTRACT;XIREC;5224.0;3
303900;Mark 14;Mark 38;VEV_4000;XIREC;1210.0;3
305500;Mark 55;Mark 14;VELVETFRUIT_EXTRACT;XIREC;5226.0;8
306100;Mark 14;Mark 38;HYDROGEL_PACK;XIREC;9999.0;4
306300;Mark 55;Mark 01;VELVETFRUIT_EXTRACT;XIREC;5226.0;6
309000;Mark 14;Mark 55;VELVETFRUIT_EXTRACT;XIREC;5220.0;6
310300;Mark 55;Mark 14;VELVETFRUIT_EXTRACT;XIREC;5226.0;3
310600;Mark 38;Mark 14;HYDROGEL_PACK;XIREC;9997.0;5
310900;Mark 55;Mark 49;VELVETFRUIT_EXTRACT;XIREC;5226.0;3
312000;Mark 14;Mark 38;HYDROGEL_PACK;XIREC;9978.0;3
312800;Mark 14;Mark 38;HYDROGEL_PACK;XIREC;9974.0;5
314800;Mark 38;Mark 14;HYDROGEL_PACK;XIREC;9995.0;2
315800;Mark 01;Mark 22;VEV_5300;XIREC;28.0;3
315800;Mark 01;Mark 22;VEV_5400;XIREC;7.0;3
315800;Mark 01;Mark 22;VEV_5500;XIREC;1.0;3
315800;Mark 01;Mark 22;VEV_6000;XIREC;0.0;3
315800;Mark 01;Mark 22;VEV_6500;XIREC;0.0;3
317100;Mark 14;Mark 55;VELVETFRUIT_EXTRACT;XIREC;5224.0;6
317200;Mark 01;Mark 22;VEV_5300;XIREC;28.0;4
317200;Mark 01;Mark 22;VEV_5400;XIREC;7.0;4
317200;Mark 01;Mark 22;VEV_5500;XIREC;1.0;4
317200;Mark 01;Mark 22;VEV_6000;XIREC;0.0;4
317200;Mark 01;Mark 22;VEV_6500;XIREC;0.0;4
318600;Mark 55;Mark 01;VELVETFRUIT_EXTRACT;XIREC;5228.0;4
319100;Mark 14;Mark 38;VEV_4000;XIREC;1213.0;3
319400;Mark 14;Mark 55;VELVETFRUIT_EXTRACT;XIREC;5222.0;5
319700;Mark 01;Mark 22;VEV_5300;XIREC;27.0;2
319700;Mark 01;Mark 22;VEV_5400;XIREC;7.0;2
319700;Mark 01;Mark 22;VEV_5500;XIREC;1.0;2
319700;Mark 01;Mark 22;VEV_6000;XIREC;0.0;2
319700;Mark 01;Mark 22;VEV_6500;XIREC;0.0;2
319800;Mark 14;Mark 38;HYDROGEL_PACK;XIREC;9968.0;2
320200;Mark 55;Mark 01;VELVETFRUIT_EXTRACT;XIREC;5226.0;7
320200;Mark 01;Mark 22;VEV_5300;XIREC;27.0;4
320200;Mark 14;Mark 22;VEV_5400;XIREC;7.0;4
320200;Mark 01;Mark 22;VEV_5500;XIREC;1.0;4
320200;Mark 01;Mark 22;VEV_6000;XIREC;0.0;4
320200;Mark 01;Mark 22;VEV_6500;XIREC;0.0;4
321900;Mark 38;Mark 14;HYDROGEL_PACK;XIREC;9979.0;2
323300;Mark 55;Mark 01;VELVETFRUIT_EXTRACT;XIREC;5229.0;7
323600;Mark 14;Mark 38;HYDROGEL_PACK;XIREC;9965.0;2
323600;Mark 14;Mark 38;VEV_4000;XIREC;1218.0;1
326700;Mark 55;Mark 14;VELVETFRUIT_EXTRACT;XIREC;5235.0;3
326800;Mark 01;Mark 55;VELVETFRUIT_EXTRACT;XIREC;5229.0;8
328200;Mark 14;Mark 55;VELVETFRUIT_EXTRACT;XIREC;5227.0;3
328700;Mark 14;Mark 22;VEV_5200;XIREC;72.0;3
328700;Mark 01;Mark 22;VEV_5300;XIREC;29.0;3
328700;Mark 01;Mark 22;VEV_5400;XIREC;7.0;3
328700;Mark 01;Mark 22;VEV_5500;XIREC;1.0;3
328700;Mark 01;Mark 22;VEV_6000;XIREC;0.0;3
328700;Mark 01;Mark 22;VEV_6500;XIREC;0.0;3
329200;Mark 14;Mark 22;VEV_5200;XIREC;73.0;5
329200;Mark 14;Mark 22;VEV_5300;XIREC;30.0;5
329200;Mark 01;Mark 22;VEV_5500;XIREC;1.0;5
329200;Mark 01;Mark 22;VEV_6000;XIREC;0.0;5
329200;Mark 01;Mark 22;VEV_6500;XIREC;0.0;5
329600;Mark 38;Mark 14;HYDROGEL_PACK;XIREC;10000.0;2
330100;Mark 55;Mark 14;VELVETFRUIT_EXTRACT;XIREC;5241.0;3
330700;Mark 14;Mark 38;HYDROGEL_PACK;XIREC;9978.0;3
332000;Mark 14;Mark 55;VELVETFRUIT_EXTRACT;XIREC;5238.0;8
332600;Mark 01;Mark 22;VEV_5300;XIREC;32.0;2
332600;Mark 01;Mark 22;VEV_5400;XIREC;8.0;2
332600;Mark 01;Mark 22;VEV_5500;XIREC;2.0;2
332600;Mark 01;Mark 22;VEV_6000;XIREC;0.0;2
332600;Mark 01;Mark 22;VEV_6500;XIREC;0.0;2
332700;Mark 14;Mark 38;HYDROGEL_PACK;XIREC;9986.0;5
332800;Mark 14;Mark 55;VELVETFRUIT_EXTRACT;XIREC;5235.0;6
332900;Mark 38;Mark 14;VEV_4000;XIREC;1247.0;3
333600;Mark 14;Mark 55;VELVETFRUIT_EXTRACT;XIREC;5232.0;6
334800;Mark 38;Mark 14;HYDROGEL_PACK;XIREC;10000.0;6
334800;Mark 38;Mark 14;VEV_4000;XIREC;1247.0;2
337700;;SUBMISSION;HYDROGEL_PACK;XIREC;10020.0;11
337700;;SUBMISSION;HYDROGEL_PACK;XIREC;10017.0;21
337800;;SUBMISSION;HYDROGEL_PACK;XIREC;10019.0;15
337800;;SUBMISSION;HYDROGEL_PACK;XIREC;10017.0;20
338000;;SUBMISSION;HYDROGEL_PACK;XIREC;10020.0;11
338000;;SUBMISSION;HYDROGEL_PACK;XIREC;10017.0;27
338100;;SUBMISSION;HYDROGEL_PACK;XIREC;10019.0;14
338100;;SUBMISSION;HYDROGEL_PACK;XIREC;10017.0;25
339000;Mark 14;Mark 38;HYDROGEL_PACK;XIREC;10017.0;3
339100;;SUBMISSION;HYDROGEL_PACK;XIREC;10020.0;13
339100;;SUBMISSION;HYDROGEL_PACK;XIREC;10017.0;28
339200;;SUBMISSION;HYDROGEL_PACK;XIREC;10019.0;13
339200;;SUBMISSION;HYDROGEL_PACK;XIREC;10016.0;2
339800;Mark 38;Mark 14;VEV_4000;XIREC;1240.0;1
339900;Mark 01;Mark 55;VELVETFRUIT_EXTRACT;XIREC;5228.0;3
344400;Mark 38;Mark 14;VEV_4000;XIREC;1239.0;1
344800;Mark 38;Mark 14;HYDROGEL_PACK;XIREC;10041.0;6
345900;Mark 38;Mark 14;VEV_4000;XIREC;1240.0;2
346200;Mark 14;Mark 38;HYDROGEL_PACK;XIREC;10021.0;2
346200;Mark 01;Mark 22;VEV_5400;XIREC;7.0;3
346200;Mark 01;Mark 22;VEV_5500;XIREC;1.0;3
346200;Mark 01;Mark 22;VEV_6000;XIREC;0.0;3
346200;Mark 01;Mark 22;VEV_6500;XIREC;0.0;3
346900;Mark 01;Mark 55;VELVETFRUIT_EXTRACT;XIREC;5221.0;3
347100;Mark 38;Mark 14;HYDROGEL_PACK;XIREC;10045.0;5
349100;Mark 67;Mark 22;VELVETFRUIT_EXTRACT;XIREC;5220.0;6
349700;Mark 38;Mark 14;HYDROGEL_PACK;XIREC;10040.0;2
350300;Mark 14;Mark 22;VEV_5200;XIREC;68.0;4
350300;Mark 01;Mark 22;VEV_5300;XIREC;27.0;4
350300;Mark 01;Mark 22;VEV_5500;XIREC;1.0;4
350300;Mark 01;Mark 22;VEV_6000;XIREC;0.0;4
350300;Mark 01;Mark 22;VEV_6500;XIREC;0.0;4
352000;Mark 67;Mark 49;VELVETFRUIT_EXTRACT;XIREC;5221.0;9
357500;Mark 67;Mark 49;VELVETFRUIT_EXTRACT;XIREC;5216.0;11
358100;Mark 38;Mark 14;HYDROGEL_PACK;XIREC;10043.0;3
358100;Mark 14;Mark 38;VEV_4000;XIREC;1206.0;1
360100;Mark 14;Mark 38;HYDROGEL_PACK;XIREC;10022.0;3
360300;Mark 55;Mark 01;VELVETFRUIT_EXTRACT;XIREC;5219.0;5
361700;Mark 38;Mark 14;HYDROGEL_PACK;XIREC;10036.0;3
362400;Mark 38;Mark 14;VEV_4000;XIREC;1229.0;3
363100;Mark 01;Mark 22;VEV_5200;XIREC;68.0;2
363100;Mark 01;Mark 22;VEV_5300;XIREC;27.0;2
363100;Mark 01;Mark 22;VEV_5400;XIREC;6.0;2
363100;Mark 01;Mark 22;VEV_5500;XIREC;1.0;2
363100;Mark 01;Mark 22;VEV_6000;XIREC;0.0;2
363100;Mark 01;Mark 22;VEV_6500;XIREC;0.0;2
363400;Mark 55;Mark 14;VELVETFRUIT_EXTRACT;XIREC;5228.0;8
363700;Mark 38;Mark 14;HYDROGEL_PACK;XIREC;10034.0;3
364600;Mark 14;Mark 55;VELVETFRUIT_EXTRACT;XIREC;5221.0;6
364700;Mark 01;Mark 22;VEV_5300;XIREC;27.0;3
364700;Mark 01;Mark 22;VEV_5400;XIREC;6.0;3
364700;Mark 01;Mark 22;VEV_5500;XIREC;1.0;3
364700;Mark 01;Mark 22;VEV_6000;XIREC;0.0;3
364700;Mark 01;Mark 22;VEV_6500;XIREC;0.0;3
366200;Mark 38;Mark 14;HYDROGEL_PACK;XIREC;10046.0;4
366700;Mark 38;Mark 14;HYDROGEL_PACK;XIREC;10046.0;3
367300;Mark 55;Mark 14;VELVETFRUIT_EXTRACT;XIREC;5228.0;5
367700;Mark 55;Mark 14;VELVETFRUIT_EXTRACT;XIREC;5230.0;4
368400;Mark 14;Mark 38;HYDROGEL_PACK;XIREC;10031.0;3
368900;Mark 14;Mark 38;HYDROGEL_PACK;XIREC;10026.0;5
369300;Mark 55;Mark 14;VELVETFRUIT_EXTRACT;XIREC;5231.0;5
369800;Mark 14;Mark 22;VEV_5200;XIREC;70.0;5
369800;Mark 01;Mark 22;VEV_5300;XIREC;28.0;5
369800;Mark 01;Mark 22;VEV_5400;XIREC;7.0;5
369800;Mark 01;Mark 22;VEV_5500;XIREC;1.0;5
369800;Mark 01;Mark 22;VEV_6000;XIREC;0.0;5
369800;Mark 01;Mark 22;VEV_6500;XIREC;0.0;5
370100;Mark 22;Mark 38;VEV_4000;XIREC;1226.0;3
370100;Mark 22;Mark 38;VEV_4500;XIREC;726.0;3
370100;Mark 22;Mark 38;VEV_5000;XIREC;229.0;3
370100;Mark 22;Mark 38;VEV_5100;XIREC;139.0;3
370100;Mark 22;Mark 38;VEV_5200;XIREC;69.0;3
370100;Mark 22;Mark 38;VEV_5300;XIREC;28.0;3
370200;Mark 14;Mark 38;HYDROGEL_PACK;XIREC;10028.0;4
370900;Mark 14;Mark 38;HYDROGEL_PACK;XIREC;10030.0;3
371300;Mark 55;Mark 14;VELVETFRUIT_EXTRACT;XIREC;5233.0;6
371900;Mark 01;Mark 55;VELVETFRUIT_EXTRACT;XIREC;5229.0;4
372800;Mark 55;Mark 14;VELVETFRUIT_EXTRACT;XIREC;5235.0;4
373000;Mark 01;Mark 55;VELVETFRUIT_EXTRACT;XIREC;5229.0;6
373200;Mark 14;Mark 38;VEV_4000;XIREC;1224.0;3
376000;Mark 01;Mark 55;VELVETFRUIT_EXTRACT;XIREC;5235.0;8
376200;Mark 14;Mark 55;VELVETFRUIT_EXTRACT;XIREC;5233.0;4
377800;Mark 14;Mark 38;HYDROGEL_PACK;XIREC;10034.0;5
378400;Mark 14;Mark 55;VELVETFRUIT_EXTRACT;XIREC;5239.0;7
378500;;SUBMISSION;VELVETFRUIT_EXTRACT;XIREC;5240.0;25
378500;;SUBMISSION;VELVETFRUIT_EXTRACT;XIREC;5239.0;25
378500;;SUBMISSION;VEV_4000;XIREC;1232.0;10
378500;;SUBMISSION;VEV_4000;XIREC;1229.0;20
378500;;SUBMISSION;VEV_4500;XIREC;734.0;6
378500;;SUBMISSION;VEV_4500;XIREC;732.0;22
378700;;SUBMISSION;VELVETFRUIT_EXTRACT;XIREC;5240.0;25
378700;;SUBMISSION;VELVETFRUIT_EXTRACT;XIREC;5239.0;25
378700;;SUBMISSION;VEV_4000;XIREC;1232.0;14
378700;;SUBMISSION;VEV_4000;XIREC;1229.0;15
378700;;SUBMISSION;VEV_4500;XIREC;734.0;7
378700;;SUBMISSION;VEV_4500;XIREC;733.0;22
378800;;SUBMISSION;VELVETFRUIT_EXTRACT;XIREC;5240.0;50
378800;;SUBMISSION;VEV_4000;XIREC;1233.0;12
378800;;SUBMISSION;VEV_4000;XIREC;1230.0;23
378800;;SUBMISSION;VEV_4500;XIREC;735.0;12
378800;;SUBMISSION;VEV_4500;XIREC;733.0;22
378900;;SUBMISSION;VELVETFRUIT_EXTRACT;XIREC;5242.0;23
378900;;SUBMISSION;VELVETFRUIT_EXTRACT;XIREC;5241.0;27
378900;;SUBMISSION;VEV_4000;XIREC;1234.0;11
378900;;SUBMISSION;VEV_4000;XIREC;1231.0;22
378900;;SUBMISSION;VEV_4500;XIREC;736.0;6
378900;;SUBMISSION;VEV_4500;XIREC;734.0;24
379000;;SUBMISSION;VEV_4000;XIREC;1234.0;9
379000;;SUBMISSION;VEV_4000;XIREC;1231.0;19
379000;;SUBMISSION;VEV_4500;XIREC;736.0;9
379000;;SUBMISSION;VEV_4500;XIREC;734.0;23
379100;;SUBMISSION;VEV_4000;XIREC;1234.0;8
379100;;SUBMISSION;VEV_4000;XIREC;1231.0;28
379100;;SUBMISSION;VEV_4500;XIREC;736.0;8
379100;;SUBMISSION;VEV_4500;XIREC;734.0;20
379200;;SUBMISSION;VEV_4000;XIREC;1233.0;15
379200;;SUBMISSION;VEV_4000;XIREC;1230.0;25
379200;;SUBMISSION;VEV_4500;XIREC;735.0;11
379200;;SUBMISSION;VEV_4500;XIREC;734.0;21
379300;;SUBMISSION;VEV_4000;XIREC;1233.0;8
379300;;SUBMISSION;VEV_4000;XIREC;1231.0;24
379300;;SUBMISSION;VEV_4500;XIREC;736.0;11
379300;;SUBMISSION;VEV_4500;XIREC;734.0;21
379400;;SUBMISSION;VEV_4000;XIREC;1234.0;10
379400;;SUBMISSION;VEV_4000;XIREC;1232.0;27
379400;;SUBMISSION;VEV_4500;XIREC;737.0;9
379400;;SUBMISSION;VEV_4500;XIREC;735.0;17
379400;Mark 14;Mark 38;VEV_4000;XIREC;1234.0;1
379500;;SUBMISSION;VEV_4500;XIREC;738.0;11
379500;;SUBMISSION;VEV_4500;XIREC;736.0;14
379500;;SUBMISSION;VEV_5000;XIREC;245.0;25
379600;;SUBMISSION;VEV_4500;XIREC;737.0;4
379600;;SUBMISSION;VEV_5000;XIREC;245.0;9
379600;;SUBMISSION;VEV_5000;XIREC;244.0;19
379700;;SUBMISSION;VEV_5000;XIREC;245.0;11
379700;;SUBMISSION;VEV_5000;XIREC;244.0;16
379900;;SUBMISSION;VEV_5000;XIREC;245.0;10
379900;;SUBMISSION;VEV_5000;XIREC;244.0;12
380200;Mark 38;Mark 14;HYDROGEL_PACK;XIREC;10034.0;6
380200;Mark 55;Mark 01;VELVETFRUIT_EXTRACT;XIREC;5247.0;5
380400;;SUBMISSION;VEV_5000;XIREC;246.0;6
380400;;SUBMISSION;VEV_5000;XIREC;245.0;12
380500;;SUBMISSION;VEV_5000;XIREC;246.0;8
380500;;SUBMISSION;VEV_5000;XIREC;245.0;20
380600;;SUBMISSION;VEV_5000;XIREC;246.0;11
380600;;SUBMISSION;VEV_5000;XIREC;245.0;14
380700;;SUBMISSION;VEV_5000;XIREC;246.0;8
380700;;SUBMISSION;VEV_5000;XIREC;245.0;18
380700;Mark 55;Mark 14;VELVETFRUIT_EXTRACT;XIREC;5249.0;3
380800;;SUBMISSION;VEV_5000;XIREC;247.0;8
380800;;SUBMISSION;VEV_5000;XIREC;246.0;14
380900;;SUBMISSION;VEV_5000;XIREC;247.0;27
381000;;SUBMISSION;VEV_5000;XIREC;247.0;7
381000;;SUBMISSION;VEV_5000;XIREC;246.0;17
381000;Mark 14;Mark 38;HYDROGEL_PACK;XIREC;10020.0;3
381100;;SUBMISSION;VEV_5000;XIREC;247.0;10
381100;;SUBMISSION;VEV_5000;XIREC;246.0;17
381200;;SUBMISSION;VEV_5000;XIREC;248.0;1
381200;;SUBMISSION;VEV_5100;XIREC;157.0;7
381200;;SUBMISSION;VEV_5100;XIREC;156.0;22
381400;;SUBMISSION;VEV_5100;XIREC;156.0;29
381500;;SUBMISSION;VEV_5100;XIREC;157.0;6
381500;;SUBMISSION;VEV_5100;XIREC;156.0;17
381600;;SUBMISSION;VEV_5100;XIREC;157.0;30
381700;;SUBMISSION;VEV_5100;XIREC;157.0;6
381700;;SUBMISSION;VEV_5100;XIREC;156.0;17
381800;;SUBMISSION;VEV_5100;XIREC;158.0;23
381900;;SUBMISSION;VEV_5100;XIREC;158.0;21
382000;;SUBMISSION;VEV_5100;XIREC;159.0;23
382100;;SUBMISSION;VEV_5100;XIREC;160.0;10
382100;;SUBMISSION;VEV_5100;XIREC;159.0;18
382200;;SUBMISSION;VEV_5100;XIREC;159.0;24
382300;;SUBMISSION;VEV_5100;XIREC;160.0;25
382400;;SUBMISSION;VEV_5100;XIREC;160.0;21
382500;;SUBMISSION;VEV_5100;XIREC;159.0;1
382600;Mark 55;Mark 01;VELVETFRUIT_EXTRACT;XIREC;5254.0;5
385400;Mark 01;Mark 22;VEV_5300;XIREC;32.0;4
385400;Mark 01;Mark 22;VEV_5400;XIREC;8.0;4
385400;Mark 01;Mark 22;VEV_5500;XIREC;2.0;4
385400;Mark 01;Mark 22;VEV_6000;XIREC;0.0;4
385400;Mark 01;Mark 22;VEV_6500;XIREC;0.0;4
386400;Mark 14;Mark 38;HYDROGEL_PACK;XIREC;10006.0;5
387000;Mark 55;Mark 14;VELVETFRUIT_EXTRACT;XIREC;5246.0;4
389100;Mark 01;Mark 22;VEV_5300;XIREC;32.0;2
389100;Mark 01;Mark 22;VEV_5400;XIREC;8.0;2
389100;Mark 01;Mark 22;VEV_5500;XIREC;2.0;2
389100;Mark 01;Mark 22;VEV_6000;XIREC;0.0;2
389100;Mark 01;Mark 22;VEV_6500;XIREC;0.0;2
389200;Mark 14;Mark 38;HYDROGEL_PACK;XIREC;10006.0;2
389300;Mark 38;Mark 14;VEV_4000;XIREC;1250.0;3
389800;Mark 01;Mark 55;VELVETFRUIT_EXTRACT;XIREC;5242.0;5
390200;Mark 14;Mark 38;HYDROGEL_PACK;XIREC;9996.0;2
390300;SUBMISSION;;HYDROGEL_PACK;XIREC;10011.0;11
390300;SUBMISSION;;HYDROGEL_PACK;XIREC;10014.0;28
390600;Mark 14;Mark 38;HYDROGEL_PACK;XIREC;10000.0;6
391200;Mark 14;Mark 38;HYDROGEL_PACK;XIREC;10003.0;2
391400;Mark 01;Mark 22;VEV_5300;XIREC;34.0;4
391400;Mark 01;Mark 22;VEV_5400;XIREC;9.0;4
391400;Mark 01;Mark 22;VEV_5500;XIREC;2.0;4
391400;Mark 01;Mark 22;VEV_6000;XIREC;0.0;4
391400;Mark 01;Mark 22;VEV_6500;XIREC;0.0;4
391700;Mark 38;Mark 14;HYDROGEL_PACK;XIREC;10026.0;4
391900;Mark 14;Mark 38;HYDROGEL_PACK;XIREC;10010.0;4
392500;Mark 38;Mark 14;VEV_4000;XIREC;1258.0;1
394800;Mark 14;Mark 38;HYDROGEL_PACK;XIREC;10007.0;6
395400;Mark 38;Mark 14;VEV_4000;XIREC;1259.0;3
395500;Mark 38;Mark 14;HYDROGEL_PACK;XIREC;10031.0;3
396000;Mark 14;Mark 22;VEV_5200;XIREC;85.0;4
396000;Mark 01;Mark 22;VEV_5400;XIREC;10.0;4
396000;Mark 01;Mark 22;VEV_5500;XIREC;2.0;4
396000;Mark 01;Mark 22;VEV_6000;XIREC;0.0;4
396000;Mark 01;Mark 22;VEV_6500;XIREC;0.0;4
396500;Mark 38;Mark 22;HYDROGEL_PACK;XIREC;10018.0;5
396700;Mark 38;Mark 14;VEV_4000;XIREC;1263.0;3
397000;Mark 38;Mark 14;HYDROGEL_PACK;XIREC;10027.0;2
397100;Mark 38;Mark 14;HYDROGEL_PACK;XIREC;10028.0;5
397200;Mark 55;Mark 01;VELVETFRUIT_EXTRACT;XIREC;5255.0;5
397300;Mark 38;Mark 14;VEV_4000;XIREC;1262.0;1
397500;;SUBMISSION;HYDROGEL_PACK;XIREC;10019.0;10
397500;;SUBMISSION;HYDROGEL_PACK;XIREC;10017.0;23
397600;;SUBMISSION;HYDROGEL_PACK;XIREC;10019.0;6
397900;Mark 38;Mark 14;VEV_4000;XIREC;1262.0;2
398500;Mark 14;Mark 38;HYDROGEL_PACK;XIREC;10015.0;6
398900;Mark 55;Mark 14;VELVETFRUIT_EXTRACT;XIREC;5253.0;6
399000;Mark 14;Mark 55;VELVETFRUIT_EXTRACT;XIREC;5248.0;5
399000;Mark 14;Mark 38;VEV_4000;XIREC;1240.0;1
399600;;SUBMISSION;VEV_5200;XIREC;86.0;25
399600;Mark 01;Mark 55;VELVETFRUIT_EXTRACT;XIREC;5252.0;6
399700;;SUBMISSION;VEV_5200;XIREC;86.0;22
399800;Mark 14;Mark 55;VELVETFRUIT_EXTRACT;XIREC;5251.0;6
400200;Mark 38;Mark 14;HYDROGEL_PACK;XIREC;10023.0;3
400900;;SUBMISSION;VEV_5200;XIREC;86.0;28
401000;;SUBMISSION;VEV_5200;XIREC;86.0;21
401100;;SUBMISSION;VEV_5200;XIREC;86.0;24
401200;;SUBMISSION;VEV_5200;XIREC;86.0;26
401300;;SUBMISSION;VEV_5200;XIREC;87.0;8
401300;;SUBMISSION;VEV_5200;XIREC;86.0;22
401400;;SUBMISSION;VEV_5200;XIREC;87.0;18
401500;;SUBMISSION;VEV_5200;XIREC;86.0;32
402000;Mark 14;Mark 38;VEV_4000;XIREC;1241.0;3
402400;SUBMISSION;;HYDROGEL_PACK;XIREC;10011.0;13
402400;SUBMISSION;;HYDROGEL_PACK;XIREC;10014.0;28
402600;SUBMISSION;;HYDROGEL_PACK;XIREC;10009.0;14
402600;SUBMISSION;;HYDROGEL_PACK;XIREC;10011.0;25
402700;SUBMISSION;;HYDROGEL_PACK;XIREC;10007.0;11
402700;SUBMISSION;;HYDROGEL_PACK;XIREC;10010.0;30
402800;SUBMISSION;;HYDROGEL_PACK;XIREC;10009.0;13
402800;SUBMISSION;;HYDROGEL_PACK;XIREC;10011.0;23
402900;SUBMISSION;;HYDROGEL_PACK;XIREC;10008.0;11
402900;SUBMISSION;;HYDROGEL_PACK;XIREC;10011.0;28
403000;SUBMISSION;;HYDROGEL_PACK;XIREC;10006.0;4
404000;Mark 14;Mark 55;VELVETFRUIT_EXTRACT;XIREC;5248.0;6
404300;Mark 14;Mark 38;HYDROGEL_PACK;XIREC;9993.0;6
405400;Mark 67;Mark 22;VELVETFRUIT_EXTRACT;XIREC;5241.0;8
405900;SUBMISSION;;VEV_5200;XIREC;79.0;27
406000;SUBMISSION;;VEV_5200;XIREC;78.0;25
406100;SUBMISSION;;VEV_5200;XIREC;78.0;22
406200;SUBMISSION;;VEV_5200;XIREC;78.0;21
406300;SUBMISSION;;VEV_5200;XIREC;77.0;30
406400;SUBMISSION;;VEV_5200;XIREC;77.0;30
406500;SUBMISSION;;VEV_5200;XIREC;77.0;6
406500;SUBMISSION;;VEV_5200;XIREC;78.0;22
406500;Mark 67;Mark 49;VELVETFRUIT_EXTRACT;XIREC;5236.0;14
406600;SUBMISSION;;VEV_5200;XIREC;77.0;30
406700;SUBMISSION;;VEV_5100;XIREC;149.0;9
406700;SUBMISSION;;VEV_5100;XIREC;150.0;18
406700;SUBMISSION;;VEV_5200;XIREC;76.0;13
406800;Mark 38;Mark 14;HYDROGEL_PACK;XIREC;10002.0;6
406900;SUBMISSION;;VEV_5100;XIREC;149.0;11
406900;SUBMISSION;;VEV_5100;XIREC;150.0;17
406900;Mark 14;Mark 38;VEV_4000;XIREC;1225.0;1
407000;SUBMISSION;;VEV_5100;XIREC;149.0;25
407500;SUBMISSION;;VEV_5100;XIREC;149.0;28
407600;SUBMISSION;;VEV_5100;XIREC;149.0;24
407700;SUBMISSION;;VEV_5100;XIREC;149.0;25
407800;SUBMISSION;;VEV_5100;XIREC;148.0;12
407800;SUBMISSION;;VEV_5100;XIREC;149.0;20
407900;SUBMISSION;;VEV_5100;XIREC;149.0;22
408300;SUBMISSION;;VEV_5100;XIREC;149.0;8
408300;SUBMISSION;;VEV_5100;XIREC;150.0;18
408500;SUBMISSION;;VEV_5100;XIREC;149.0;29
408600;SUBMISSION;;VEV_5100;XIREC;149.0;23
409000;SUBMISSION;;VEV_5100;XIREC;149.0;9
409000;SUBMISSION;;VEV_5100;XIREC;150.0;2
409100;Mark 14;Mark 38;HYDROGEL_PACK;XIREC;9979.0;3
409700;Mark 14;Mark 55;VELVETFRUIT_EXTRACT;XIREC;5232.0;4
410800;Mark 14;Mark 38;VEV_4000;XIREC;1223.0;1
411600;SUBMISSION;;VEV_5000;XIREC;238.0;23
411700;SUBMISSION;;VEV_5000;XIREC;238.0;8
411700;SUBMISSION;;VEV_5000;XIREC;239.0;22
411800;SUBMISSION;;VEV_5000;XIREC;237.0;12
411800;SUBMISSION;;VEV_5000;XIREC;238.0;12
411800;Mark 14;Mark 55;VELVETFRUIT_EXTRACT;XIREC;5229.0;3
411900;SUBMISSION;;VEV_5000;XIREC;236.0;8
411900;SUBMISSION;;VEV_5000;XIREC;237.0;23
412000;SUBMISSION;;VELVETFRUIT_EXTRACT;XIREC;5230.0;13
412000;SUBMISSION;;VELVETFRUIT_EXTRACT;XIREC;5234.0;37
412000;SUBMISSION;;VEV_5000;XIREC;237.0;32
412100;SUBMISSION;;VEV_5000;XIREC;237.0;7
412100;SUBMISSION;;VEV_5000;XIREC;238.0;18
412200;SUBMISSION;;VEV_5000;XIREC;238.0;8
412200;SUBMISSION;;VEV_5000;XIREC;239.0;18
412400;SUBMISSION;;VEV_5000;XIREC;238.0;8
412400;SUBMISSION;;VEV_5000;XIREC;239.0;14
412500;SUBMISSION;;VEV_5000;XIREC;238.0;10
412500;SUBMISSION;;VEV_5000;XIREC;239.0;19
412600;SUBMISSION;;VEV_5000;XIREC;237.0;9
412600;SUBMISSION;;VEV_5000;XIREC;238.0;24
414000;SUBMISSION;;VEV_5000;XIREC;238.0;25
415300;SUBMISSION;;VELVETFRUIT_EXTRACT;XIREC;5232.0;50
415300;SUBMISSION;;VEV_4000;XIREC;1240.0;13
415300;SUBMISSION;;VEV_4000;XIREC;1242.0;17
415300;SUBMISSION;;VEV_4500;XIREC;737.0;10
415300;SUBMISSION;;VEV_4500;XIREC;739.0;12
415400;SUBMISSION;;VEV_4000;XIREC;1240.0;7
415400;SUBMISSION;;VEV_4000;XIREC;1243.0;28
415500;SUBMISSION;;VELVETFRUIT_EXTRACT;XIREC;5232.0;16
415500;SUBMISSION;;VELVETFRUIT_EXTRACT;XIREC;5233.0;34
415500;SUBMISSION;;VEV_4000;XIREC;1240.0;11
415500;SUBMISSION;;VEV_4000;XIREC;1243.0;24
415600;SUBMISSION;;VELVETFRUIT_EXTRACT;XIREC;5232.0;50
415600;SUBMISSION;;VEV_4000;XIREC;1239.0;13
415600;SUBMISSION;;VEV_4000;XIREC;1242.0;25
415600;SUBMISSION;;VEV_4500;XIREC;737.0;9
415600;SUBMISSION;;VEV_4500;XIREC;739.0;21
415700;SUBMISSION;;VEV_4000;XIREC;1239.0;7
415700;SUBMISSION;;VEV_4000;XIREC;1241.0;29
415700;SUBMISSION;;VEV_4500;XIREC;736.0;7
415700;SUBMISSION;;VEV_4500;XIREC;738.0;21
415800;SUBMISSION;;VEV_4000;XIREC;1239.0;11
415800;SUBMISSION;;VEV_4000;XIREC;1242.0;23
415800;SUBMISSION;;VEV_4500;XIREC;737.0;11
415800;SUBMISSION;;VEV_4500;XIREC;739.0;19
415900;SUBMISSION;;VEV_4000;XIREC;1240.0;14
415900;SUBMISSION;;VEV_4000;XIREC;1242.0;21
415900;SUBMISSION;;VEV_4500;XIREC;737.0;11
415900;SUBMISSION;;VEV_4500;XIREC;739.0;14
416000;SUBMISSION;;VEV_4000;XIREC;1238.0;9
416000;SUBMISSION;;VEV_4000;XIREC;1241.0;21
416000;SUBMISSION;;VEV_4500;XIREC;736.0;7
416000;SUBMISSION;;VEV_4500;XIREC;738.0;16
416100;SUBMISSION;;VEV_4000;XIREC;1239.0;11
416100;SUBMISSION;;VEV_4000;XIREC;1242.0;16
416100;SUBMISSION;;VEV_4500;XIREC;737.0;6
416100;SUBMISSION;;VEV_4500;XIREC;738.0;17
416200;SUBMISSION;;VEV_4500;XIREC;737.0;7
416200;SUBMISSION;;VEV_4500;XIREC;739.0;16
416300;SUBMISSION;;VEV_4500;XIREC;736.0;8
416300;SUBMISSION;;VEV_4500;XIREC;738.0;17
416400;SUBMISSION;;VEV_4500;XIREC;735.0;10
416400;SUBMISSION;;VEV_4500;XIREC;737.0;16
416500;SUBMISSION;;VEV_4500;XIREC;736.0;7
416500;SUBMISSION;;VEV_4500;XIREC;738.0;14
416600;SUBMISSION;;VEV_4500;XIREC;736.0;9
416600;SUBMISSION;;VEV_4500;XIREC;738.0;15
417100;Mark 38;Mark 14;HYDROGEL_PACK;XIREC;10013.0;4
418200;Mark 55;Mark 01;VELVETFRUIT_EXTRACT;XIREC;5229.0;6
419200;Mark 14;Mark 38;HYDROGEL_PACK;XIREC;10013.0;2
420300;Mark 38;Mark 14;VEV_4000;XIREC;1241.0;1
422800;Mark 14;Mark 38;VEV_4000;XIREC;1219.0;1
423800;;SUBMISSION;HYDROGEL_PACK;XIREC;10021.0;14
423800;;SUBMISSION;HYDROGEL_PACK;XIREC;10019.0;28
423900;;SUBMISSION;HYDROGEL_PACK;XIREC;10021.0;14
423900;;SUBMISSION;HYDROGEL_PACK;XIREC;10019.0;25
424000;;SUBMISSION;HYDROGEL_PACK;XIREC;10023.0;14
424000;;SUBMISSION;HYDROGEL_PACK;XIREC;10021.0;27
424000;Mark 38;Mark 14;HYDROGEL_PACK;XIREC;10039.0;4
424100;;SUBMISSION;HYDROGEL_PACK;XIREC;10022.0;14
424100;;SUBMISSION;HYDROGEL_PACK;XIREC;10019.0;27
424200;;SUBMISSION;HYDROGEL_PACK;XIREC;10023.0;11
424200;;SUBMISSION;HYDROGEL_PACK;XIREC;10021.0;26
426600;Mark 55;Mark 14;VELVETFRUIT_EXTRACT;XIREC;5220.0;6
427800;Mark 38;Mark 14;VEV_4000;XIREC;1228.0;1
428600;Mark 14;Mark 38;VEV_4000;XIREC;1208.0;1
428900;Mark 14;Mark 22;VEV_5200;XIREC;65.0;5
428900;Mark 01;Mark 22;VEV_5300;XIREC;25.0;5
428900;Mark 01;Mark 22;VEV_5400;XIREC;6.0;5
428900;Mark 01;Mark 22;VEV_5500;XIREC;1.0;5
428900;Mark 01;Mark 22;VEV_6000;XIREC;0.0;5
428900;Mark 01;Mark 22;VEV_6500;XIREC;0.0;5
429300;Mark 55;Mark 14;VELVETFRUIT_EXTRACT;XIREC;5219.0;7
429500;Mark 55;Mark 14;VELVETFRUIT_EXTRACT;XIREC;5221.0;4
430100;Mark 55;Mark 01;VELVETFRUIT_EXTRACT;XIREC;5217.0;6
431900;Mark 01;Mark 22;VEV_5200;XIREC;63.0;5
431900;Mark 01;Mark 22;VEV_5300;XIREC;24.0;5
431900;Mark 01;Mark 22;VEV_5400;XIREC;5.0;5
431900;Mark 01;Mark 22;VEV_5500;XIREC;1.0;5
431900;Mark 01;Mark 22;VEV_6000;XIREC;0.0;5
431900;Mark 01;Mark 22;VEV_6500;XIREC;0.0;5
432800;Mark 55;Mark 01;VELVETFRUIT_EXTRACT;XIREC;5221.0;7
434200;Mark 14;Mark 38;VEV_4000;XIREC;1203.0;2
434400;Mark 38;Mark 14;HYDROGEL_PACK;XIREC;10033.0;4
436000;Mark 38;Mark 14;HYDROGEL_PACK;XIREC;10051.0;2
437400;Mark 55;Mark 14;VELVETFRUIT_EXTRACT;XIREC;5220.0;5
437500;Mark 55;Mark 14;VELVETFRUIT_EXTRACT;XIREC;5220.0;6
438800;Mark 38;Mark 14;HYDROGEL_PACK;XIREC;10051.0;6
439100;Mark 38;Mark 14;HYDROGEL_PACK;XIREC;10051.0;3
439700;Mark 14;Mark 55;VELVETFRUIT_EXTRACT;XIREC;5215.0;3
441900;Mark 55;Mark 14;VELVETFRUIT_EXTRACT;XIREC;5219.0;5
442200;Mark 01;Mark 22;VEV_5300;XIREC;23.0;2
442200;Mark 01;Mark 22;VEV_5400;XIREC;5.0;2
442200;Mark 01;Mark 22;VEV_5500;XIREC;1.0;2
442200;Mark 01;Mark 22;VEV_6000;XIREC;0.0;2
442200;Mark 01;Mark 22;VEV_6500;XIREC;0.0;2
442400;Mark 01;Mark 55;VELVETFRUIT_EXTRACT;XIREC;5213.0;6
442900;Mark 38;Mark 14;HYDROGEL_PACK;XIREC;10052.0;2
443100;Mark 67;Mark 49;VELVETFRUIT_EXTRACT;XIREC;5217.0;11
444100;Mark 01;Mark 55;VELVETFRUIT_EXTRACT;XIREC;5215.0;8
444500;Mark 55;Mark 01;VELVETFRUIT_EXTRACT;XIREC;5218.0;8
445000;Mark 14;Mark 55;VELVETFRUIT_EXTRACT;XIREC;5212.0;6
446100;Mark 38;Mark 14;HYDROGEL_PACK;XIREC;10054.0;2
446200;Mark 01;Mark 55;VELVETFRUIT_EXTRACT;XIREC;5209.0;7
448000;Mark 55;Mark 14;VELVETFRUIT_EXTRACT;XIREC;5210.0;4
450300;Mark 49;Mark 22;VELVETFRUIT_EXTRACT;XIREC;5214.0;10
450700;Mark 01;Mark 55;VELVETFRUIT_EXTRACT;XIREC;5210.0;6
451000;Mark 14;Mark 38;HYDROGEL_PACK;XIREC;10043.0;4
451300;Mark 38;Mark 14;HYDROGEL_PACK;XIREC;10053.0;6
451300;Mark 14;Mark 22;VEV_5300;XIREC;23.0;3
451300;Mark 01;Mark 22;VEV_5400;XIREC;5.0;3
451300;Mark 01;Mark 22;VEV_5500;XIREC;1.0;3
451300;Mark 01;Mark 22;VEV_6000;XIREC;0.0;3
451300;Mark 01;Mark 22;VEV_6500;XIREC;0.0;3
451600;Mark 14;Mark 38;HYDROGEL_PACK;XIREC;10040.0;2
452100;Mark 38;Mark 14;VEV_4000;XIREC;1218.0;1
452800;Mark 14;Mark 38;VEV_4000;XIREC;1201.0;1
453000;Mark 14;Mark 38;HYDROGEL_PACK;XIREC;10046.0;4
454000;Mark 55;Mark 01;VELVETFRUIT_EXTRACT;XIREC;5212.0;4
454100;Mark 14;Mark 55;VELVETFRUIT_EXTRACT;XIREC;5207.0;6
454500;Mark 14;Mark 55;VELVETFRUIT_EXTRACT;XIREC;5211.0;3
454900;Mark 38;Mark 14;HYDROGEL_PACK;XIREC;10068.0;2
456100;Mark 14;Mark 55;VELVETFRUIT_EXTRACT;XIREC;5210.0;3
456400;Mark 55;Mark 01;VELVETFRUIT_EXTRACT;XIREC;5217.0;6
456600;Mark 01;Mark 22;VEV_5300;XIREC;23.0;2
456600;Mark 01;Mark 22;VEV_5400;XIREC;5.0;2
456600;Mark 01;Mark 22;VEV_5500;XIREC;1.0;2
456600;Mark 01;Mark 22;VEV_6000;XIREC;0.0;2
456600;Mark 01;Mark 22;VEV_6500;XIREC;0.0;2
457800;Mark 55;Mark 14;VELVETFRUIT_EXTRACT;XIREC;5214.0;3
459700;Mark 14;Mark 38;HYDROGEL_PACK;XIREC;10073.0;4
459800;Mark 01;Mark 22;VEV_5300;XIREC;23.0;2
459800;Mark 01;Mark 22;VEV_5400;XIREC;5.0;2
459800;Mark 01;Mark 22;VEV_5500;XIREC;1.0;2
459800;Mark 01;Mark 22;VEV_6000;XIREC;0.0;2
459800;Mark 01;Mark 22;VEV_6500;XIREC;0.0;2
461400;Mark 38;Mark 14;HYDROGEL_PACK;XIREC;10080.0;4
462100;Mark 67;Mark 22;VELVETFRUIT_EXTRACT;XIREC;5212.0;9
465000;Mark 14;Mark 38;HYDROGEL_PACK;XIREC;10051.0;6
465500;Mark 14;Mark 38;VEV_4000;XIREC;1207.0;1
465600;Mark 38;Mark 14;HYDROGEL_PACK;XIREC;10066.0;6
466400;Mark 14;Mark 38;HYDROGEL_PACK;XIREC;10050.0;3
466900;Mark 14;Mark 38;HYDROGEL_PACK;XIREC;10049.0;5
467300;Mark 14;Mark 55;VELVETFRUIT_EXTRACT;XIREC;5213.0;7
469100;Mark 01;Mark 55;VELVETFRUIT_EXTRACT;XIREC;5208.0;3
471200;Mark 38;Mark 14;VEV_4000;XIREC;1222.0;1
471700;Mark 14;Mark 55;VELVETFRUIT_EXTRACT;XIREC;5209.0;5
473400;Mark 38;Mark 14;HYDROGEL_PACK;XIREC;10061.0;6
474600;Mark 14;Mark 38;HYDROGEL_PACK;XIREC;10041.0;4
476800;Mark 14;Mark 38;HYDROGEL_PACK;XIREC;10029.0;2
476900;Mark 14;Mark 38;HYDROGEL_PACK;XIREC;10028.0;4
477000;Mark 14;Mark 55;VELVETFRUIT_EXTRACT;XIREC;5210.0;5
478700;Mark 55;Mark 14;VELVETFRUIT_EXTRACT;XIREC;5220.0;4
480000;Mark 14;Mark 38;VEV_4000;XIREC;1207.0;1
480200;Mark 38;Mark 14;HYDROGEL_PACK;XIREC;10040.0;5
481200;Mark 14;Mark 38;HYDROGEL_PACK;XIREC;10020.0;4
481700;Mark 38;Mark 14;VEV_4000;XIREC;1225.0;2
483900;Mark 01;Mark 22;VEV_5300;XIREC;22.0;3
483900;Mark 01;Mark 22;VEV_5500;XIREC;1.0;3
483900;Mark 01;Mark 22;VEV_6000;XIREC;0.0;3
483900;Mark 01;Mark 22;VEV_6500;XIREC;0.0;3
485400;Mark 55;Mark 01;VELVETFRUIT_EXTRACT;XIREC;5218.0;3
485500;Mark 01;Mark 22;VEV_5400;XIREC;5.0;2
485500;Mark 01;Mark 22;VEV_5500;XIREC;1.0;2
485500;Mark 01;Mark 22;VEV_6000;XIREC;0.0;2
485500;Mark 01;Mark 22;VEV_6500;XIREC;0.0;2
486800;Mark 38;Mark 14;HYDROGEL_PACK;XIREC;10059.0;4
489800;Mark 14;Mark 55;VELVETFRUIT_EXTRACT;XIREC;5210.0;8
489900;Mark 38;Mark 14;VEV_4000;XIREC;1222.0;3
490700;Mark 38;Mark 14;HYDROGEL_PACK;XIREC;10057.0;4
491400;Mark 38;Mark 14;VEV_4000;XIREC;1218.0;1
491500;Mark 14;Mark 38;VEV_4000;XIREC;1199.0;2
492500;Mark 38;Mark 14;VEV_4000;XIREC;1223.0;2
493200;Mark 01;Mark 55;VELVETFRUIT_EXTRACT;XIREC;5208.0;8
493700;Mark 55;Mark 14;VELVETFRUIT_EXTRACT;XIREC;5212.0;8
494100;Mark 55;Mark 14;VELVETFRUIT_EXTRACT;XIREC;5212.0;4
495400;Mark 38;Mark 14;HYDROGEL_PACK;XIREC;10052.0;4
496900;Mark 14;Mark 38;VEV_4000;XIREC;1197.0;2
497300;Mark 14;Mark 55;VELVETFRUIT_EXTRACT;XIREC;5203.0;7
497600;Mark 14;Mark 38;HYDROGEL_PACK;XIREC;10034.0;5
497700;Mark 55;Mark 14;VELVETFRUIT_EXTRACT;XIREC;5209.0;4
498100;Mark 14;Mark 38;HYDROGEL_PACK;XIREC;10037.0;5
498100;Mark 01;Mark 22;VEV_5300;XIREC;21.0;5
498100;Mark 01;Mark 22;VEV_5400;XIREC;4.0;5
498100;Mark 14;Mark 22;VEV_5500;XIREC;1.0;5
498100;Mark 01;Mark 22;VEV_6000;XIREC;0.0;5
498100;Mark 01;Mark 22;VEV_6500;XIREC;0.0;5
498800;Mark 14;Mark 55;VELVETFRUIT_EXTRACT;XIREC;5196.0;5
499000;Mark 01;Mark 55;VELVETFRUIT_EXTRACT;XIREC;5198.0;6
499800;Mark 14;Mark 38;HYDROGEL_PACK;XIREC;10032.0;2
503300;Mark 14;Mark 38;HYDROGEL_PACK;XIREC;10033.0;2
504500;Mark 38;Mark 14;HYDROGEL_PACK;XIREC;10054.0;6
505300;Mark 14;Mark 38;HYDROGEL_PACK;XIREC;10044.0;3
506200;Mark 14;Mark 55;VELVETFRUIT_EXTRACT;XIREC;5198.0;4
508300;Mark 55;Mark 14;VELVETFRUIT_EXTRACT;XIREC;5207.0;5
508400;Mark 55;Mark 14;VELVETFRUIT_EXTRACT;XIREC;5207.0;7
510600;Mark 38;Mark 14;VEV_4000;XIREC;1217.0;1
511000;Mark 38;Mark 14;VEV_4000;XIREC;1213.0;2
511400;Mark 14;Mark 38;HYDROGEL_PACK;XIREC;10038.0;6
511800;Mark 01;Mark 22;VEV_5200;XIREC;55.0;2
511800;Mark 01;Mark 22;VEV_5300;XIREC;20.0;2
511800;Mark 01;Mark 22;VEV_5400;XIREC;4.0;2
511800;Mark 01;Mark 22;VEV_5500;XIREC;0.0;2
511800;Mark 01;Mark 22;VEV_6000;XIREC;0.0;2
511800;Mark 01;Mark 22;VEV_6500;XIREC;0.0;2
512800;Mark 67;Mark 22;VELVETFRUIT_EXTRACT;XIREC;5203.0;9
516400;Mark 38;Mark 14;HYDROGEL_PACK;XIREC;10051.0;3
516400;Mark 01;Mark 22;VEV_5200;XIREC;60.0;4
516400;Mark 01;Mark 22;VEV_5400;XIREC;4.0;4
516400;Mark 01;Mark 22;VEV_5500;XIREC;1.0;4
516400;Mark 01;Mark 22;VEV_6000;XIREC;0.0;4
516400;Mark 01;Mark 22;VEV_6500;XIREC;0.0;4
517800;Mark 38;Mark 14;HYDROGEL_PACK;XIREC;10062.0;6
518200;Mark 14;Mark 55;VELVETFRUIT_EXTRACT;XIREC;5208.0;3
519500;Mark 14;Mark 38;HYDROGEL_PACK;XIREC;10052.0;6
519700;Mark 14;Mark 38;HYDROGEL_PACK;XIREC;10053.0;6
519700;Mark 55;Mark 14;VELVETFRUIT_EXTRACT;XIREC;5206.0;8
521700;Mark 55;Mark 01;VELVETFRUIT_EXTRACT;XIREC;5207.0;5
522900;Mark 55;Mark 14;VELVETFRUIT_EXTRACT;XIREC;5211.0;8
523200;Mark 55;Mark 01;VELVETFRUIT_EXTRACT;XIREC;5209.0;5
524000;Mark 01;Mark 22;VEV_5200;XIREC;57.0;2
524000;Mark 01;Mark 22;VEV_5300;XIREC;21.0;2
524000;Mark 01;Mark 22;VEV_5400;XIREC;4.0;2
524000;Mark 01;Mark 22;VEV_5500;XIREC;1.0;2
524000;Mark 01;Mark 22;VEV_6000;XIREC;0.0;2
524000;Mark 01;Mark 22;VEV_6500;XIREC;0.0;2
524900;Mark 01;Mark 55;VELVETFRUIT_EXTRACT;XIREC;5201.0;8
527400;Mark 38;Mark 14;HYDROGEL_PACK;XIREC;10045.0;3
528200;Mark 55;Mark 01;VELVETFRUIT_EXTRACT;XIREC;5205.0;4
529600;Mark 14;Mark 22;VEV_5300;XIREC;20.0;2
529600;Mark 01;Mark 22;VEV_5400;XIREC;4.0;2
529600;Mark 01;Mark 22;VEV_5500;XIREC;0.0;2
529600;Mark 01;Mark 22;VEV_6000;XIREC;0.0;2
529600;Mark 01;Mark 22;VEV_6500;XIREC;0.0;2
530300;Mark 01;Mark 55;VELVETFRUIT_EXTRACT;XIREC;5197.0;4
531500;Mark 01;Mark 22;VEV_5300;XIREC;20.0;2
531500;Mark 01;Mark 22;VEV_5400;XIREC;4.0;2
531500;Mark 01;Mark 22;VEV_5500;XIREC;0.0;2
531500;Mark 01;Mark 22;VEV_6000;XIREC;0.0;2
531500;Mark 01;Mark 22;VEV_6500;XIREC;0.0;2
531800;Mark 38;Mark 14;HYDROGEL_PACK;XIREC;10052.0;3
