timestamp;buyer;seller;symbol;currency;price;quantity
5200;SUBMISSION;;VELVETFRUIT_EXTRACT;SEASHELLS;5252;9
6100;;SUBMISSION;VELVETFRUIT_EXTRACT;SEASHELLS;5254;3
6200;;SUBMISSION;HYDROGEL_PACK;SEASHELLS;9953;5
14300;;SUBMISSION;VELVETFRUIT_EXTRACT;SEASHELLS;5237;6
14800;SUBMISSION;;VELVETFRUIT_EXTRACT;SEASHELLS;5233;6
15000;;SUBMISSION;HYDROGEL_PACK;SEASHELLS;9964;4
20200;SUBMISSION;;VELVETFRUIT_EXTRACT;SEASHELLS;5225;5
22800;SUBMISSION;;HYDROGEL_PACK;SEASHELLS;9948;6
24100;SUBMISSION;;VELVETFRUIT_EXTRACT;SEASHELLS;5233;11
30800;SUBMISSION;;HYDROGEL_PACK;SEASHELLS;9942;2
31400;;SUBMISSION;HYDROGEL_PACK;SEASHELLS;9951;3
31700;;SUBMISSION;VELVETFRUIT_EXTRACT;SEASHELLS;5236;4
32000;SUBMISSION;;HYDROGEL_PACK;SEASHELLS;9940;5
32600;;SUBMISSION;VELVETFRUIT_EXTRACT;SEASHELLS;5239;5
33600;SUBMISSION;;HYDROGEL_PACK;SEASHELLS;9950;6
37400;SUBMISSION;;HYDROGEL_PACK;SEASHELLS;9938;4
38700;SUBMISSION;;VELVETFRUIT_EXTRACT;SEASHELLS;5229;8
39800;SUBMISSION;;VELVETFRUIT_EXTRACT;SEASHELLS;5233;4
40900;;SUBMISSION;HYDROGEL_PACK;SEASHELLS;9948;5
41300;;SUBMISSION;HYDROGEL_PACK;SEASHELLS;9950;5
43900;SUBMISSION;;HYDROGEL_PACK;SEASHELLS;9954;6
45200;SUBMISSION;;HYDROGEL_PACK;SEASHELLS;9962;2
48300;SUBMISSION;;HYDROGEL_PACK;SEASHELLS;9961;3
52400;SUBMISSION;;HYDROGEL_PACK;SEASHELLS;9962;5
53000;SUBMISSION;;HYDROGEL_PACK;SEASHELLS;9962;4
59300;SUBMISSION;;HYDROGEL_PACK;SEASHELLS;9950;4
61100;;SUBMISSION;HYDROGEL_PACK;SEASHELLS;9959;2
61400;;SUBMISSION;HYDROGEL_PACK;SEASHELLS;9960;2
63200;;SUBMISSION;HYDROGEL_PACK;SEASHELLS;9948;5
64200;;SUBMISSION;VELVETFRUIT_EXTRACT;SEASHELLS;5244;6
64300;SUBMISSION;;HYDROGEL_PACK;SEASHELLS;9935;4
65400;SUBMISSION;;HYDROGEL_PACK;SEASHELLS;9932;4
65900;SUBMISSION;;HYDROGEL_PACK;SEASHELLS;9936;2
67300;SUBMISSION;;VELVETFRUIT_EXTRACT;SEASHELLS;5245;8
67700;;SUBMISSION;VELVETFRUIT_EXTRACT;SEASHELLS;5249;4
69500;SUBMISSION;;HYDROGEL_PACK;SEASHELLS;9953;2
73400;;SUBMISSION;VELVETFRUIT_EXTRACT;SEASHELLS;5237;2
73500;SUBMISSION;;HYDROGEL_PACK;SEASHELLS;9967;3
74300;;SUBMISSION;VELVETFRUIT_EXTRACT;SEASHELLS;5237;6
76600;;SUBMISSION;HYDROGEL_PACK;SEASHELLS;9993;3
77300;;SUBMISSION;VELVETFRUIT_EXTRACT;SEASHELLS;5240;8
77900;;SUBMISSION;HYDROGEL_PACK;SEASHELLS;9988;15
77900;;SUBMISSION;HYDROGEL_PACK;SEASHELLS;9986;15
78100;;SUBMISSION;HYDROGEL_PACK;SEASHELLS;9996;9
78100;;SUBMISSION;HYDROGEL_PACK;SEASHELLS;9989;13
78100;;SUBMISSION;HYDROGEL_PACK;SEASHELLS;9986;8
78200;;SUBMISSION;HYDROGEL_PACK;SEASHELLS;9993;9
78200;;SUBMISSION;HYDROGEL_PACK;SEASHELLS;9985;15
78200;;SUBMISSION;HYDROGEL_PACK;SEASHELLS;9983;6
79000;SUBMISSION;;HYDROGEL_PACK;SEASHELLS;9985;3
81300;SUBMISSION;;HYDROGEL_PACK;SEASHELLS;9972;6
82300;SUBMISSION;;VELVETFRUIT_EXTRACT;SEASHELLS;5236;3
83200;;SUBMISSION;VELVETFRUIT_EXTRACT;SEASHELLS;5236;7
87900;SUBMISSION;;VELVETFRUIT_EXTRACT;SEASHELLS;5240;3
91100;;SUBMISSION;VELVETFRUIT_EXTRACT;SEASHELLS;5243;6
92000;;SUBMISSION;VELVETFRUIT_EXTRACT;SEASHELLS;5242;8
92100;SUBMISSION;;HYDROGEL_PACK;SEASHELLS;9958;4
92500;SUBMISSION;;HYDROGEL_PACK;SEASHELLS;9958;2
93700;;SUBMISSION;VELVETFRUIT_EXTRACT;SEASHELLS;5245;6
93800;;SUBMISSION;VELVETFRUIT_EXTRACT;SEASHELLS;5245;7
94400;;SUBMISSION;HYDROGEL_PACK;SEASHELLS;9972;4
97100;SUBMISSION;;HYDROGEL_PACK;SEASHELLS;9953;2
98600;;SUBMISSION;HYDROGEL_PACK;SEASHELLS;9961;2
99000;;SUBMISSION;HYDROGEL_PACK;SEASHELLS;9960;3
101400;SUBMISSION;;HYDROGEL_PACK;SEASHELLS;9938;5
101500;SUBMISSION;;HYDROGEL_PACK;SEASHELLS;9937;6
103500;SUBMISSION;;HYDROGEL_PACK;SEASHELLS;9941;3
107100;SUBMISSION;;HYDROGEL_PACK;SEASHELLS;9953;5
107900;;SUBMISSION;VELVETFRUIT_EXTRACT;SEASHELLS;5266;3
107900;;SUBMISSION;VEV_5100;SEASHELLS;177;27
108400;;SUBMISSION;VEV_4000;SEASHELLS;1263;3
108400;;SUBMISSION;VEV_4000;SEASHELLS;1253;15
108400;;SUBMISSION;VEV_4000;SEASHELLS;1251;12
108400;;SUBMISSION;VEV_4500;SEASHELLS;763;3
108400;;SUBMISSION;VEV_4500;SEASHELLS;756;8
108400;;SUBMISSION;VEV_4500;SEASHELLS;754;19
108400;;SUBMISSION;VEV_5000;SEASHELLS;268;3
108400;;SUBMISSION;VEV_5000;SEASHELLS;266;8
108400;;SUBMISSION;VEV_5000;SEASHELLS;265;19
108400;;SUBMISSION;VEV_5100;SEASHELLS;179;3
108400;;SUBMISSION;VEV_5100;SEASHELLS;177;27
108400;;SUBMISSION;VEV_5200;SEASHELLS;106;3
108400;;SUBMISSION;VEV_5200;SEASHELLS;105;27
108500;;SUBMISSION;VEV_5100;SEASHELLS;178;12
108500;;SUBMISSION;VEV_5100;SEASHELLS;177;18
108500;;SUBMISSION;VEV_5200;SEASHELLS;106;12
108500;;SUBMISSION;VEV_5200;SEASHELLS;105;18
108600;;SUBMISSION;VEV_5100;SEASHELLS;178;8
108600;;SUBMISSION;VEV_5100;SEASHELLS;177;18
108700;;SUBMISSION;VEV_5100;SEASHELLS;178;7
108700;;SUBMISSION;VEV_5100;SEASHELLS;177;21
108800;;SUBMISSION;VELVETFRUIT_EXTRACT;SEASHELLS;5264;25
108800;;SUBMISSION;VELVETFRUIT_EXTRACT;SEASHELLS;5263;5
108800;;SUBMISSION;VEV_4000;SEASHELLS;1256;11
108800;;SUBMISSION;VEV_4000;SEASHELLS;1253;16
108800;;SUBMISSION;VEV_4500;SEASHELLS;758;12
108800;;SUBMISSION;VEV_4500;SEASHELLS;756;16
108800;;SUBMISSION;VEV_5000;SEASHELLS;268;12
108800;;SUBMISSION;VEV_5000;SEASHELLS;267;16
108800;;SUBMISSION;VEV_5100;SEASHELLS;179;28
108800;;SUBMISSION;VEV_5200;SEASHELLS;107;12
108800;;SUBMISSION;VEV_5200;SEASHELLS;106;16
108900;;SUBMISSION;VELVETFRUIT_EXTRACT;SEASHELLS;5264;18
108900;;SUBMISSION;VELVETFRUIT_EXTRACT;SEASHELLS;5263;12
108900;;SUBMISSION;VEV_4000;SEASHELLS;1256;7
108900;;SUBMISSION;VEV_4000;SEASHELLS;1253;20
108900;;SUBMISSION;VEV_5000;SEASHELLS;268;8
108900;;SUBMISSION;VEV_5000;SEASHELLS;267;12
108900;;SUBMISSION;VEV_5100;SEASHELLS;179;20
108900;;SUBMISSION;VEV_5200;SEASHELLS;106;20
109000;SUBMISSION;;VELVETFRUIT_EXTRACT;SEASHELLS;5265;12
109000;;SUBMISSION;VEV_4000;SEASHELLS;1256;15
109000;;SUBMISSION;VEV_4000;SEASHELLS;1253;15
109000;;SUBMISSION;VEV_4500;SEASHELLS;758;11
109000;;SUBMISSION;VEV_4500;SEASHELLS;756;16
109000;;SUBMISSION;VEV_5000;SEASHELLS;268;11
109000;;SUBMISSION;VEV_5000;SEASHELLS;267;16
109000;;SUBMISSION;VEV_5100;SEASHELLS;179;27
109000;;SUBMISSION;VEV_5200;SEASHELLS;107;11
109000;;SUBMISSION;VEV_5200;SEASHELLS;106;16
109100;SUBMISSION;;HYDROGEL_PACK;SEASHELLS;9958;2
109100;;SUBMISSION;VELVETFRUIT_EXTRACT;SEASHELLS;5264;30
109100;;SUBMISSION;VEV_4000;SEASHELLS;1256;11
109100;;SUBMISSION;VEV_4000;SEASHELLS;1254;19
109100;;SUBMISSION;VEV_4500;SEASHELLS;759;7
109100;;SUBMISSION;VEV_4500;SEASHELLS;757;15
109100;;SUBMISSION;VEV_5000;SEASHELLS;268;22
109100;;SUBMISSION;VEV_5100;SEASHELLS;180;7
109100;;SUBMISSION;VEV_5100;SEASHELLS;179;15
109100;;SUBMISSION;VEV_5200;SEASHELLS;107;22
109100;;SUBMISSION;VEV_5400;SEASHELLS;20;25
109200;;SUBMISSION;VEV_5000;SEASHELLS;267;12
109200;;SUBMISSION;VEV_5000;SEASHELLS;266;18
109200;;SUBMISSION;VEV_5100;SEASHELLS;179;12
109200;;SUBMISSION;VEV_5100;SEASHELLS;178;18
109200;;SUBMISSION;VEV_5200;SEASHELLS;106;30
109300;;SUBMISSION;VELVETFRUIT_EXTRACT;SEASHELLS;5264;30
109300;;SUBMISSION;VEV_4000;SEASHELLS;1256;12
109300;;SUBMISSION;VEV_4000;SEASHELLS;1254;18
109300;;SUBMISSION;VEV_4500;SEASHELLS;759;11
109300;;SUBMISSION;VEV_4500;SEASHELLS;757;12
109300;;SUBMISSION;VEV_5000;SEASHELLS;268;23
109300;;SUBMISSION;VEV_5100;SEASHELLS;180;11
109300;;SUBMISSION;VEV_5100;SEASHELLS;179;12
109300;;SUBMISSION;VEV_5200;SEASHELLS;107;23
109300;;SUBMISSION;VEV_5400;SEASHELLS;20;18
109400;;SUBMISSION;VELVETFRUIT_EXTRACT;SEASHELLS;5266;30
109400;;SUBMISSION;VEV_4000;SEASHELLS;1258;8
109400;;SUBMISSION;VEV_4000;SEASHELLS;1256;22
109400;;SUBMISSION;VEV_4500;SEASHELLS;761;6
109400;;SUBMISSION;VEV_4500;SEASHELLS;759;15
109400;;SUBMISSION;VEV_5000;SEASHELLS;270;6
109400;;SUBMISSION;VEV_5000;SEASHELLS;269;15
109400;;SUBMISSION;VEV_5100;SEASHELLS;181;4
109400;;SUBMISSION;VEV_5200;SEASHELLS;108;21
109400;;SUBMISSION;VEV_5300;SEASHELLS;55;9
109400;;SUBMISSION;VEV_5300;SEASHELLS;54;18
109400;;SUBMISSION;VEV_5400;SEASHELLS;21;9
109400;;SUBMISSION;VEV_5400;SEASHELLS;20;18
109500;;SUBMISSION;VELVETFRUIT_EXTRACT;SEASHELLS;5266;30
109500;;SUBMISSION;VEV_4000;SEASHELLS;1258;11
109500;;SUBMISSION;VEV_4000;SEASHELLS;1255;19
109500;;SUBMISSION;VEV_4500;SEASHELLS;760;12
109500;;SUBMISSION;VEV_4500;SEASHELLS;759;18
109500;;SUBMISSION;VEV_5000;SEASHELLS;270;12
109500;;SUBMISSION;VEV_5000;SEASHELLS;269;18
109500;;SUBMISSION;VEV_5200;SEASHELLS;108;30
109500;;SUBMISSION;VEV_5300;SEASHELLS;54;24
109500;;SUBMISSION;VEV_5400;SEASHELLS;21;10
109500;;SUBMISSION;VEV_5400;SEASHELLS;20;14
109600;;SUBMISSION;VELVETFRUIT_EXTRACT;SEASHELLS;5268;3
109600;;SUBMISSION;VEV_4000;SEASHELLS;1259;8
109600;;SUBMISSION;VEV_4000;SEASHELLS;1257;16
109600;;SUBMISSION;VEV_4500;SEASHELLS;762;10
109600;;SUBMISSION;VEV_4500;SEASHELLS;760;20
109600;;SUBMISSION;VEV_5000;SEASHELLS;271;30
109600;;SUBMISSION;VEV_5200;SEASHELLS;109;30
109600;;SUBMISSION;VEV_5300;SEASHELLS;55;26
109600;;SUBMISSION;VEV_5400;SEASHELLS;21;26
109700;;SUBMISSION;VEV_4000;SEASHELLS;1260;8
109700;;SUBMISSION;VEV_4000;SEASHELLS;1257;19
109700;;SUBMISSION;VEV_4500;SEASHELLS;762;12
109700;;SUBMISSION;VEV_4500;SEASHELLS;760;18
109700;;SUBMISSION;VEV_5000;SEASHELLS;272;12
109700;;SUBMISSION;VEV_5000;SEASHELLS;271;18
109700;;SUBMISSION;VEV_5200;SEASHELLS;109;4
109700;;SUBMISSION;VEV_5300;SEASHELLS;55;16
109700;;SUBMISSION;VEV_5400;SEASHELLS;21;16
109800;;SUBMISSION;VEV_4000;SEASHELLS;1261;9
109800;;SUBMISSION;VEV_4000;SEASHELLS;1258;1
109800;;SUBMISSION;VEV_4500;SEASHELLS;763;8
109800;;SUBMISSION;VEV_4500;SEASHELLS;761;15
109800;;SUBMISSION;VEV_5000;SEASHELLS;272;4
109800;;SUBMISSION;VEV_5300;SEASHELLS;56;10
109800;;SUBMISSION;VEV_5300;SEASHELLS;55;10
109800;;SUBMISSION;VEV_5400;SEASHELLS;21;20
109900;;SUBMISSION;VEV_4500;SEASHELLS;762;10
109900;;SUBMISSION;VEV_4500;SEASHELLS;760;20
109900;;SUBMISSION;VEV_5300;SEASHELLS;55;22
109900;;SUBMISSION;VEV_5400;SEASHELLS;21;22
110000;;SUBMISSION;VEV_4500;SEASHELLS;762;1
110000;;SUBMISSION;VEV_5300;SEASHELLS;55;26
110000;;SUBMISSION;VEV_5400;SEASHELLS;21;26
110100;SUBMISSION;;VELVETFRUIT_EXTRACT;SEASHELLS;5269;4
110100;;SUBMISSION;VEV_5400;SEASHELLS;20;26
110200;;SUBMISSION;VELVETFRUIT_EXTRACT;SEASHELLS;5265;4
110200;;SUBMISSION;VEV_5400;SEASHELLS;20;23
110300;;SUBMISSION;VEV_5400;SEASHELLS;20;24
110400;;SUBMISSION;VEV_5300;SEASHELLS;54;22
110400;;SUBMISSION;VEV_5400;SEASHELLS;20;18
112000;SUBMISSION;;VELVETFRUIT_EXTRACT;SEASHELLS;5264;3
112700;SUBMISSION;;HYDROGEL_PACK;SEASHELLS;9950;2
113900;;SUBMISSION;HYDROGEL_PACK;SEASHELLS;9955;2
115500;SUBMISSION;;HYDROGEL_PACK;SEASHELLS;9939;3
118800;SUBMISSION;;VELVETFRUIT_EXTRACT;SEASHELLS;5261;3
119400;;SUBMISSION;HYDROGEL_PACK;SEASHELLS;9961;3
120700;;SUBMISSION;HYDROGEL_PACK;SEASHELLS;9957;2
123300;SUBMISSION;;VELVETFRUIT_EXTRACT;SEASHELLS;5266;7
126000;;SUBMISSION;HYDROGEL_PACK;SEASHELLS;9952;4
129500;;SUBMISSION;HYDROGEL_PACK;SEASHELLS;9966;6
129800;SUBMISSION;;HYDROGEL_PACK;SEASHELLS;9954;4
130800;SUBMISSION;;HYDROGEL_PACK;SEASHELLS;9949;5
131300;SUBMISSION;;VELVETFRUIT_EXTRACT;SEASHELLS;5267;5
131800;SUBMISSION;;VELVETFRUIT_EXTRACT;SEASHELLS;5266;5
133100;SUBMISSION;;VEV_4000;SEASHELLS;1258;3
133700;SUBMISSION;;HYDROGEL_PACK;SEASHELLS;9951;4
134000;SUBMISSION;;VELVETFRUIT_EXTRACT;SEASHELLS;5268;8
134500;SUBMISSION;;HYDROGEL_PACK;SEASHELLS;9946;6
135500;SUBMISSION;;VELVETFRUIT_EXTRACT;SEASHELLS;5261;7
135900;SUBMISSION;;VEV_5300;SEASHELLS;53;3
135900;SUBMISSION;;VEV_5400;SEASHELLS;20;3
137000;SUBMISSION;;VEV_4000;SEASHELLS;1257;3
137300;SUBMISSION;;VEV_4000;SEASHELLS;1256;3
137800;SUBMISSION;;HYDROGEL_PACK;SEASHELLS;9945;3
138000;SUBMISSION;;VELVETFRUIT_EXTRACT;SEASHELLS;5258;7
138100;;SUBMISSION;HYDROGEL_PACK;SEASHELLS;9958;2
144500;SUBMISSION;;VELVETFRUIT_EXTRACT;SEASHELLS;5262;5
145600;;SUBMISSION;HYDROGEL_PACK;SEASHELLS;9961;5
146500;;SUBMISSION;HYDROGEL_PACK;SEASHELLS;9962;6
146700;SUBMISSION;;VELVETFRUIT_EXTRACT;SEASHELLS;5263;7
147900;SUBMISSION;;VEV_4000;SEASHELLS;1261;1
148000;;SUBMISSION;HYDROGEL_PACK;SEASHELLS;9971;3
148300;SUBMISSION;;VELVETFRUIT_EXTRACT;SEASHELLS;5267;4
150600;SUBMISSION;;VEV_5300;SEASHELLS;54;2
151100;SUBMISSION;;HYDROGEL_PACK;SEASHELLS;9948;4
151200;SUBMISSION;;HYDROGEL_PACK;SEASHELLS;9947;6
151400;SUBMISSION;;VELVETFRUIT_EXTRACT;SEASHELLS;5265;7
152700;SUBMISSION;;HYDROGEL_PACK;SEASHELLS;9946;5
154100;SUBMISSION;;VEV_4000;SEASHELLS;1247;3
155900;;SUBMISSION;HYDROGEL_PACK;SEASHELLS;9965;4
156200;SUBMISSION;;VEV_4000;SEASHELLS;1242;1
156400;SUBMISSION;;HYDROGEL_PACK;SEASHELLS;9952;6
159900;SUBMISSION;;HYDROGEL_PACK;SEASHELLS;9963;3
161200;SUBMISSION;;HYDROGEL_PACK;SEASHELLS;9958;6
164000;SUBMISSION;;VELVETFRUIT_EXTRACT;SEASHELLS;5254;5
164300;;SUBMISSION;HYDROGEL_PACK;SEASHELLS;9972;5
165500;SUBMISSION;;VELVETFRUIT_EXTRACT;SEASHELLS;5251;4
167300;SUBMISSION;;HYDROGEL_PACK;SEASHELLS;9959;3
167600;SUBMISSION;;VELVETFRUIT_EXTRACT;SEASHELLS;5252;6
167600;SUBMISSION;;VEV_4000;SEASHELLS;1248;2
168400;SUBMISSION;;VELVETFRUIT_EXTRACT;SEASHELLS;5251;3
170500;SUBMISSION;;VEV_5300;SEASHELLS;47;3
171400;;SUBMISSION;HYDROGEL_PACK;SEASHELLS;9991;6
171700;SUBMISSION;;VELVETFRUIT_EXTRACT;SEASHELLS;5251;7
172400;SUBMISSION;;VEV_4000;SEASHELLS;1243;1
172500;SUBMISSION;;VEV_5300;SEASHELLS;47;5
174200;;SUBMISSION;HYDROGEL_PACK;SEASHELLS;9987;5
174400;;SUBMISSION;HYDROGEL_PACK;SEASHELLS;9990;6
176400;;SUBMISSION;HYDROGEL_PACK;SEASHELLS;9993;13
176400;;SUBMISSION;HYDROGEL_PACK;SEASHELLS;9990;17
176500;;SUBMISSION;HYDROGEL_PACK;SEASHELLS;9991;13
176500;;SUBMISSION;HYDROGEL_PACK;SEASHELLS;9989;17
176600;;SUBMISSION;HYDROGEL_PACK;SEASHELLS;9992;12
176600;;SUBMISSION;HYDROGEL_PACK;SEASHELLS;9989;18
176700;;SUBMISSION;HYDROGEL_PACK;SEASHELLS;9991;12
176700;;SUBMISSION;HYDROGEL_PACK;SEASHELLS;9989;18
176800;;SUBMISSION;HYDROGEL_PACK;SEASHELLS;9991;12
176800;;SUBMISSION;HYDROGEL_PACK;SEASHELLS;9989;18
176900;;SUBMISSION;HYDROGEL_PACK;SEASHELLS;9991;13
178000;SUBMISSION;;HYDROGEL_PACK;SEASHELLS;9993;3
179000;;SUBMISSION;HYDROGEL_PACK;SEASHELLS;9992;3
179200;SUBMISSION;;VELVETFRUIT_EXTRACT;SEASHELLS;5246;4
182100;SUBMISSION;;HYDROGEL_PACK;SEASHELLS;10018;3
182200;;SUBMISSION;HYDROGEL_PACK;SEASHELLS;10012;3
182800;SUBMISSION;;HYDROGEL_PACK;SEASHELLS;10016;5
182900;;SUBMISSION;HYDROGEL_PACK;SEASHELLS;10008;5
188800;SUBMISSION;;VELVETFRUIT_EXTRACT;SEASHELLS;5234;6
190100;SUBMISSION;;VEV_5300;SEASHELLS;43;3
190600;SUBMISSION;;VELVETFRUIT_EXTRACT;SEASHELLS;5237;6
191100;SUBMISSION;;VELVETFRUIT_EXTRACT;SEASHELLS;5239;8
192600;SUBMISSION;;VELVETFRUIT_EXTRACT;SEASHELLS;5233;3
192800;SUBMISSION;;HYDROGEL_PACK;SEASHELLS;10012;5
192900;;SUBMISSION;HYDROGEL_PACK;SEASHELLS;10008;5
194400;SUBMISSION;;VELVETFRUIT_EXTRACT;SEASHELLS;5236;5
195600;SUBMISSION;;VEV_5300;SEASHELLS;42;3
196700;SUBMISSION;;VEV_4000;SEASHELLS;1230;1
197600;SUBMISSION;;VELVETFRUIT_EXTRACT;SEASHELLS;5237;9
203200;SUBMISSION;;HYDROGEL_PACK;SEASHELLS;10020;6
203300;;SUBMISSION;HYDROGEL_PACK;SEASHELLS;10011;6
205400;SUBMISSION;;VELVETFRUIT_EXTRACT;SEASHELLS;5243;13
206800;SUBMISSION;;VELVETFRUIT_EXTRACT;SEASHELLS;5243;6
210300;SUBMISSION;;VELVETFRUIT_EXTRACT;SEASHELLS;5252;5
210600;SUBMISSION;;HYDROGEL_PACK;SEASHELLS;9996;5
211100;SUBMISSION;;HYDROGEL_PACK;SEASHELLS;10002;6
211800;;SUBMISSION;HYDROGEL_PACK;SEASHELLS;10000;10
211800;;SUBMISSION;HYDROGEL_PACK;SEASHELLS;9997;1
214400;SUBMISSION;;VELVETFRUIT_EXTRACT;SEASHELLS;5252;3
215000;SUBMISSION;;VELVETFRUIT_EXTRACT;SEASHELLS;5250;4
218900;SUBMISSION;;VELVETFRUIT_EXTRACT;SEASHELLS;5250;8
221800;SUBMISSION;;VELVETFRUIT_EXTRACT;SEASHELLS;5242;7
222900;SUBMISSION;;VEV_4000;SEASHELLS;1242;3
226100;SUBMISSION;;HYDROGEL_PACK;SEASHELLS;9980;5
231300;;SUBMISSION;HYDROGEL_PACK;SEASHELLS;10002;5
235900;SUBMISSION;;HYDROGEL_PACK;SEASHELLS;10003;3
236400;;SUBMISSION;HYDROGEL_PACK;SEASHELLS;10005;3
237900;;SUBMISSION;VELVETFRUIT_EXTRACT;SEASHELLS;5253;6
239400;SUBMISSION;;VELVETFRUIT_EXTRACT;SEASHELLS;5252;6
239600;SUBMISSION;;HYDROGEL_PACK;SEASHELLS;10011;4
239700;;SUBMISSION;HYDROGEL_PACK;SEASHELLS;10005;4
240600;SUBMISSION;;HYDROGEL_PACK;SEASHELLS;10019;3
240700;;SUBMISSION;HYDROGEL_PACK;SEASHELLS;10015;3
241900;SUBMISSION;;HYDROGEL_PACK;SEASHELLS;10011;2
242000;;SUBMISSION;HYDROGEL_PACK;SEASHELLS;10004;2
248300;SUBMISSION;;VELVETFRUIT_EXTRACT;SEASHELLS;5258;5
250500;SUBMISSION;;VELVETFRUIT_EXTRACT;SEASHELLS;5261;4
250600;SUBMISSION;;VEV_4000;SEASHELLS;1257;2
251200;SUBMISSION;;VELVETFRUIT_EXTRACT;SEASHELLS;5263;8
252400;;SUBMISSION;VELVETFRUIT_EXTRACT;SEASHELLS;5266;6
252500;SUBMISSION;;HYDROGEL_PACK;SEASHELLS;9994;3
252500;SUBMISSION;;VEV_5300;SEASHELLS;54;2
252500;SUBMISSION;;VEV_5400;SEASHELLS;20;2
253900;;SUBMISSION;VELVETFRUIT_EXTRACT;SEASHELLS;5265;3
255000;SUBMISSION;;HYDROGEL_PACK;SEASHELLS;9986;4
255300;SUBMISSION;;HYDROGEL_PACK;SEASHELLS;9979;2
255400;SUBMISSION;;HYDROGEL_PACK;SEASHELLS;9979;3
262200;SUBMISSION;;VELVETFRUIT_EXTRACT;SEASHELLS;5251;4
263900;;SUBMISSION;VELVETFRUIT_EXTRACT;SEASHELLS;5256;7
265600;SUBMISSION;;VELVETFRUIT_EXTRACT;SEASHELLS;5249;5
265700;SUBMISSION;;VELVETFRUIT_EXTRACT;SEASHELLS;5247;14
265800;;SUBMISSION;VELVETFRUIT_EXTRACT;SEASHELLS;5251;7
265900;SUBMISSION;;VEV_4000;SEASHELLS;1245;1
266500;;SUBMISSION;VELVETFRUIT_EXTRACT;SEASHELLS;5252;5
267400;;SUBMISSION;VELVETFRUIT_EXTRACT;SEASHELLS;5252;3
268700;;SUBMISSION;VELVETFRUIT_EXTRACT;SEASHELLS;5250;5
269300;SUBMISSION;;HYDROGEL_PACK;SEASHELLS;9978;3
269300;SUBMISSION;;VELVETFRUIT_EXTRACT;SEASHELLS;5248;5
271600;SUBMISSION;;VEV_4000;SEASHELLS;1253;1
274900;SUBMISSION;;VELVETFRUIT_EXTRACT;SEASHELLS;5256;13
275300;;SUBMISSION;VELVETFRUIT_EXTRACT;SEASHELLS;5258;8
276500;;SUBMISSION;VELVETFRUIT_EXTRACT;SEASHELLS;5254;7
278300;;SUBMISSION;VELVETFRUIT_EXTRACT;SEASHELLS;5257;5
279600;;SUBMISSION;VELVETFRUIT_EXTRACT;SEASHELLS;5259;4
281100;SUBMISSION;;HYDROGEL_PACK;SEASHELLS;9957;3
282000;SUBMISSION;;VELVETFRUIT_EXTRACT;SEASHELLS;5256;10
282200;SUBMISSION;;VELVETFRUIT_EXTRACT;SEASHELLS;5261;7
283400;;SUBMISSION;VELVETFRUIT_EXTRACT;SEASHELLS;5258;7
285400;SUBMISSION;;HYDROGEL_PACK;SEASHELLS;9970;5
286300;;SUBMISSION;VELVETFRUIT_EXTRACT;SEASHELLS;5265;6
290200;;SUBMISSION;VEV_5300;SEASHELLS;57;28
290400;;SUBMISSION;VEV_5300;SEASHELLS;57;9
290400;;SUBMISSION;VEV_5300;SEASHELLS;56;19
290800;;SUBMISSION;VEV_5300;SEASHELLS;57;20
290900;;SUBMISSION;VEV_5300;SEASHELLS;57;8
290900;;SUBMISSION;VEV_5300;SEASHELLS;56;17
291200;;SUBMISSION;VEV_5300;SEASHELLS;57;20
291300;;SUBMISSION;VELVETFRUIT_EXTRACT;SEASHELLS;5272;30
291300;;SUBMISSION;VEV_4000;SEASHELLS;1264;7
291300;;SUBMISSION;VEV_4000;SEASHELLS;1261;18
291300;;SUBMISSION;VEV_5300;SEASHELLS;57;12
291500;;SUBMISSION;VELVETFRUIT_EXTRACT;SEASHELLS;5272;16
291500;;SUBMISSION;VELVETFRUIT_EXTRACT;SEASHELLS;5271;14
292800;SUBMISSION;;HYDROGEL_PACK;SEASHELLS;9956;6
294300;;SUBMISSION;VELVETFRUIT_EXTRACT;SEASHELLS;5272;16
294300;;SUBMISSION;VELVETFRUIT_EXTRACT;SEASHELLS;5271;14
294400;;SUBMISSION;VELVETFRUIT_EXTRACT;SEASHELLS;5272;30
294500;;SUBMISSION;VELVETFRUIT_EXTRACT;SEASHELLS;5275;25
294500;;SUBMISSION;VELVETFRUIT_EXTRACT;SEASHELLS;5274;5
294500;;SUBMISSION;VEV_5400;SEASHELLS;22;5
294600;;SUBMISSION;VELVETFRUIT_EXTRACT;SEASHELLS;5275;18
294600;;SUBMISSION;VELVETFRUIT_EXTRACT;SEASHELLS;5274;12
294700;;SUBMISSION;VELVETFRUIT_EXTRACT;SEASHELLS;5275;2
296900;SUBMISSION;;VELVETFRUIT_EXTRACT;SEASHELLS;5275;5
297500;SUBMISSION;;VEV_4000;SEASHELLS;1267;1
298100;SUBMISSION;;VELVETFRUIT_EXTRACT;SEASHELLS;5269;15
302400;SUBMISSION;;HYDROGEL_PACK;SEASHELLS;9941;6
304000;SUBMISSION;;VEV_5400;SEASHELLS;20;3
304200;SUBMISSION;;HYDROGEL_PACK;SEASHELLS;9949;2
308000;SUBMISSION;;HYDROGEL_PACK;SEASHELLS;9949;3
308100;SUBMISSION;;HYDROGEL_PACK;SEASHELLS;9950;4
310500;SUBMISSION;;HYDROGEL_PACK;SEASHELLS;9939;12
310500;SUBMISSION;;HYDROGEL_PACK;SEASHELLS;9942;18
310500;SUBMISSION;;VELVETFRUIT_EXTRACT;SEASHELLS;5266;11
310600;SUBMISSION;;HYDROGEL_PACK;SEASHELLS;9939;10
310600;SUBMISSION;;HYDROGEL_PACK;SEASHELLS;9942;20
310600;SUBMISSION;;VELVETFRUIT_EXTRACT;SEASHELLS;5268;3
310700;SUBMISSION;;HYDROGEL_PACK;SEASHELLS;9937;10
310700;SUBMISSION;;HYDROGEL_PACK;SEASHELLS;9939;20
310800;SUBMISSION;;HYDROGEL_PACK;SEASHELLS;9937;14
310800;SUBMISSION;;HYDROGEL_PACK;SEASHELLS;9939;16
310900;SUBMISSION;;HYDROGEL_PACK;SEASHELLS;9937;13
310900;SUBMISSION;;HYDROGEL_PACK;SEASHELLS;9939;17
311000;SUBMISSION;;HYDROGEL_PACK;SEASHELLS;9935;13
311000;SUBMISSION;;HYDROGEL_PACK;SEASHELLS;9937;17
311100;SUBMISSION;;HYDROGEL_PACK;SEASHELLS;9937;12
311100;SUBMISSION;;HYDROGEL_PACK;SEASHELLS;9939;18
311200;SUBMISSION;;HYDROGEL_PACK;SEASHELLS;9936;11
311200;SUBMISSION;;HYDROGEL_PACK;SEASHELLS;9938;19
311300;SUBMISSION;;HYDROGEL_PACK;SEASHELLS;9939;15
311300;SUBMISSION;;HYDROGEL_PACK;SEASHELLS;9942;15
311400;SUBMISSION;;HYDROGEL_PACK;SEASHELLS;9937;14
311400;SUBMISSION;;HYDROGEL_PACK;SEASHELLS;9939;16
311500;SUBMISSION;;HYDROGEL_PACK;SEASHELLS;9938;15
311500;SUBMISSION;;HYDROGEL_PACK;SEASHELLS;9941;15
311600;SUBMISSION;;HYDROGEL_PACK;SEASHELLS;9936;10
311600;SUBMISSION;;HYDROGEL_PACK;SEASHELLS;9938;6
314500;SUBMISSION;;VELVETFRUIT_EXTRACT;SEASHELLS;5255;4
316200;;SUBMISSION;HYDROGEL_PACK;SEASHELLS;9933;5
316300;SUBMISSION;;HYDROGEL_PACK;SEASHELLS;9936;5
318300;;SUBMISSION;HYDROGEL_PACK;SEASHELLS;9944;4
322000;SUBMISSION;;VEV_5400;SEASHELLS;17;2
322600;SUBMISSION;;VEV_5200;SEASHELLS;99;4
323300;;SUBMISSION;HYDROGEL_PACK;SEASHELLS;9951;5
324600;;SUBMISSION;HYDROGEL_PACK;SEASHELLS;9941;6
325300;SUBMISSION;;VEV_4000;SEASHELLS;1242;2
327700;;SUBMISSION;HYDROGEL_PACK;SEASHELLS;9941;6
328000;SUBMISSION;;VEV_4000;SEASHELLS;1248;1
328400;SUBMISSION;;VEV_4000;SEASHELLS;1245;1
328500;SUBMISSION;;VELVETFRUIT_EXTRACT;SEASHELLS;5253;4
331400;SUBMISSION;;VEV_4000;SEASHELLS;1237;1
333100;SUBMISSION;;VELVETFRUIT_EXTRACT;SEASHELLS;5240;4
334900;SUBMISSION;;VEV_4000;SEASHELLS;1242;1
335300;SUBMISSION;;VELVETFRUIT_EXTRACT;SEASHELLS;5249;3
335500;;SUBMISSION;HYDROGEL_PACK;SEASHELLS;9955;4
340500;SUBMISSION;;VELVETFRUIT_EXTRACT;SEASHELLS;5249;9
342000;SUBMISSION;;VELVETFRUIT_EXTRACT;SEASHELLS;5252;6
343100;;SUBMISSION;HYDROGEL_PACK;SEASHELLS;9961;2
345700;;SUBMISSION;HYDROGEL_PACK;SEASHELLS;9952;6
345700;SUBMISSION;;VELVETFRUIT_EXTRACT;SEASHELLS;5248;7
345900;;SUBMISSION;HYDROGEL_PACK;SEASHELLS;9953;3
350300;SUBMISSION;;VEV_5400;SEASHELLS;16;4
351000;;SUBMISSION;HYDROGEL_PACK;SEASHELLS;9969;3
356800;SUBMISSION;;VEV_4000;SEASHELLS;1239;2
357100;;SUBMISSION;HYDROGEL_PACK;SEASHELLS;9958;6
358100;SUBMISSION;;VELVETFRUIT_EXTRACT;SEASHELLS;5248;6
358300;SUBMISSION;;VEV_4000;SEASHELLS;1242;3
358500;;SUBMISSION;HYDROGEL_PACK;SEASHELLS;9955;6
363100;;SUBMISSION;HYDROGEL_PACK;SEASHELLS;9978;4
364800;;SUBMISSION;HYDROGEL_PACK;SEASHELLS;9973;5
364900;SUBMISSION;;VELVETFRUIT_EXTRACT;SEASHELLS;5254;7
365000;SUBMISSION;;VEV_4000;SEASHELLS;1247;2
365600;SUBMISSION;;VELVETFRUIT_EXTRACT;SEASHELLS;5253;8
368500;;SUBMISSION;HYDROGEL_PACK;SEASHELLS;9978;6
373400;;SUBMISSION;HYDROGEL_PACK;SEASHELLS;9966;3
374100;SUBMISSION;;VELVETFRUIT_EXTRACT;SEASHELLS;5256;6
374400;SUBMISSION;;VELVETFRUIT_EXTRACT;SEASHELLS;5256;4
374800;SUBMISSION;;VEV_4000;SEASHELLS;1247;3
376300;SUBMISSION;;VEV_4000;SEASHELLS;1241;2
376600;SUBMISSION;;VEV_5300;SEASHELLS;47;5
377900;SUBMISSION;;VEV_5300;SEASHELLS;48;2
380100;;SUBMISSION;HYDROGEL_PACK;SEASHELLS;9953;6
380700;;SUBMISSION;HYDROGEL_PACK;SEASHELLS;9945;4
380900;SUBMISSION;;VELVETFRUIT_EXTRACT;SEASHELLS;5253;8
383300;;SUBMISSION;HYDROGEL_PACK;SEASHELLS;9941;5
383600;;SUBMISSION;HYDROGEL_PACK;SEASHELLS;9944;4
383700;SUBMISSION;;VELVETFRUIT_EXTRACT;SEASHELLS;5248;7
384200;SUBMISSION;;VEV_4000;SEASHELLS;1244;1
384500;SUBMISSION;;VEV_4000;SEASHELLS;1243;3
385800;;SUBMISSION;HYDROGEL_PACK;SEASHELLS;9939;6
385900;SUBMISSION;;VELVETFRUIT_EXTRACT;SEASHELLS;5247;3
386000;SUBMISSION;;VELVETFRUIT_EXTRACT;SEASHELLS;5246;8
390800;SUBMISSION;;VEV_4000;SEASHELLS;1238;3
392300;SUBMISSION;;VELVETFRUIT_EXTRACT;SEASHELLS;5244;5
393000;SUBMISSION;;VELVETFRUIT_EXTRACT;SEASHELLS;5244;4
393900;SUBMISSION;;VELVETFRUIT_EXTRACT;SEASHELLS;5242;6
394700;SUBMISSION;;VELVETFRUIT_EXTRACT;SEASHELLS;5239;8
396200;SUBMISSION;;VELVETFRUIT_EXTRACT;SEASHELLS;5242;7
396300;;SUBMISSION;HYDROGEL_PACK;SEASHELLS;9952;4
397800;;SUBMISSION;HYDROGEL_PACK;SEASHELLS;9946;4
398400;SUBMISSION;;VELVETFRUIT_EXTRACT;SEASHELLS;5236;6
399900;SUBMISSION;;VEV_4000;SEASHELLS;1236;1
400100;SUBMISSION;;VELVETFRUIT_EXTRACT;SEASHELLS;5241;8
401900;SUBMISSION;;VELVETFRUIT_EXTRACT;SEASHELLS;5243;8
402400;SUBMISSION;;VELVETFRUIT_EXTRACT;SEASHELLS;5241;6
402700;SUBMISSION;;HYDROGEL_PACK;SEASHELLS;9933;10
402700;SUBMISSION;;HYDROGEL_PACK;SEASHELLS;9936;20
402800;SUBMISSION;;HYDROGEL_PACK;SEASHELLS;9935;12
402800;SUBMISSION;;HYDROGEL_PACK;SEASHELLS;9938;18
403500;SUBMISSION;;VELVETFRUIT_EXTRACT;SEASHELLS;5240;8
404200;SUBMISSION;;HYDROGEL_PACK;SEASHELLS;9935;14
404200;SUBMISSION;;HYDROGEL_PACK;SEASHELLS;9937;16
404200;;SUBMISSION;VELVETFRUIT_EXTRACT;SEASHELLS;5246;4
404300;SUBMISSION;;HYDROGEL_PACK;SEASHELLS;9930;12
406400;;SUBMISSION;VELVETFRUIT_EXTRACT;SEASHELLS;5245;5
407900;SUBMISSION;;VELVETFRUIT_EXTRACT;SEASHELLS;5239;12
410600;;SUBMISSION;VELVETFRUIT_EXTRACT;SEASHELLS;5238;6
411000;;SUBMISSION;HYDROGEL_PACK;SEASHELLS;9946;4
411200;;SUBMISSION;VELVETFRUIT_EXTRACT;SEASHELLS;5235;7
411300;;SUBMISSION;VELVETFRUIT_EXTRACT;SEASHELLS;5235;7
411400;;SUBMISSION;HYDROGEL_PACK;SEASHELLS;9947;3
412300;;SUBMISSION;HYDROGEL_PACK;SEASHELLS;9948;2
414000;;SUBMISSION;HYDROGEL_PACK;SEASHELLS;9956;2
419800;SUBMISSION;;VEV_5100;SEASHELLS;150;7
419800;SUBMISSION;;VEV_5100;SEASHELLS;151;19
419900;;SUBMISSION;VELVETFRUIT_EXTRACT;SEASHELLS;5230;6
419900;SUBMISSION;;VEV_5100;SEASHELLS;151;30
420000;SUBMISSION;;VEV_5100;SEASHELLS;150;12
420000;SUBMISSION;;VEV_5100;SEASHELLS;151;18
420100;SUBMISSION;;VEV_5000;SEASHELLS;235;11
420100;SUBMISSION;;VEV_5000;SEASHELLS;236;12
420100;SUBMISSION;;VEV_5100;SEASHELLS;149;11
420100;SUBMISSION;;VEV_5100;SEASHELLS;150;12
420200;SUBMISSION;;VEV_5100;SEASHELLS;150;26
420300;SUBMISSION;;VEV_5100;SEASHELLS;150;28
420400;SUBMISSION;;VEV_5100;SEASHELLS;150;30
420500;SUBMISSION;;VEV_5100;SEASHELLS;149;7
420500;SUBMISSION;;VEV_5100;SEASHELLS;150;22
420600;SUBMISSION;;VEV_5000;SEASHELLS;235;27
420600;SUBMISSION;;VEV_5100;SEASHELLS;149;27
420600;SUBMISSION;;VEV_5200;SEASHELLS;84;27
420700;SUBMISSION;;VEV_5000;SEASHELLS;235;18
420700;SUBMISSION;;VEV_5100;SEASHELLS;149;18
420700;SUBMISSION;;VEV_5200;SEASHELLS;84;18
420800;SUBMISSION;;VEV_5000;SEASHELLS;235;28
420800;SUBMISSION;;VEV_5100;SEASHELLS;149;28
420800;SUBMISSION;;VEV_5200;SEASHELLS;84;8
420800;SUBMISSION;;VEV_5200;SEASHELLS;85;20
420900;SUBMISSION;;VEV_5000;SEASHELLS;235;7
420900;SUBMISSION;;VEV_5000;SEASHELLS;236;23
420900;SUBMISSION;;VEV_5100;SEASHELLS;149;7
420900;SUBMISSION;;VEV_5100;SEASHELLS;150;23
421000;SUBMISSION;;VEV_5100;SEASHELLS;151;11
421000;SUBMISSION;;VEV_5100;SEASHELLS;152;19
421100;SUBMISSION;;VEV_5100;SEASHELLS;151;30
421200;SUBMISSION;;VEV_5100;SEASHELLS;150;20
421300;SUBMISSION;;VEV_5100;SEASHELLS;151;11
421300;SUBMISSION;;VEV_5100;SEASHELLS;152;19
421400;SUBMISSION;;VEV_5100;SEASHELLS;151;28
421500;SUBMISSION;;VEV_5100;SEASHELLS;150;12
421500;SUBMISSION;;VEV_5100;SEASHELLS;151;16
421600;SUBMISSION;;VEV_5100;SEASHELLS;151;25
421700;SUBMISSION;;VEV_5100;SEASHELLS;151;24
421800;SUBMISSION;;VEV_5100;SEASHELLS;151;29
421900;SUBMISSION;;VEV_5100;SEASHELLS;151;9
421900;SUBMISSION;;VEV_5100;SEASHELLS;152;12
426800;SUBMISSION;;VELVETFRUIT_EXTRACT;SEASHELLS;5233;8
431000;;SUBMISSION;VELVETFRUIT_EXTRACT;SEASHELLS;5232;5
432700;SUBMISSION;;HYDROGEL_PACK;SEASHELLS;9933;11
435300;SUBMISSION;;VELVETFRUIT_EXTRACT;SEASHELLS;5226;8
436200;;SUBMISSION;HYDROGEL_PACK;SEASHELLS;9930;5
436400;SUBMISSION;;HYDROGEL_PACK;SEASHELLS;9933;5
437100;;SUBMISSION;VEV_5100;SEASHELLS;151;1
438000;SUBMISSION;;VELVETFRUIT_EXTRACT;SEASHELLS;5231;7
440300;;SUBMISSION;HYDROGEL_PACK;SEASHELLS;9917;2
440400;SUBMISSION;;HYDROGEL_PACK;SEASHELLS;9921;2
444000;SUBMISSION;;VEV_4000;SEASHELLS;1235;3
444300;SUBMISSION;;VELVETFRUIT_EXTRACT;SEASHELLS;5239;7
445900;;SUBMISSION;VELVETFRUIT_EXTRACT;SEASHELLS;5248;4
448100;;SUBMISSION;VELVETFRUIT_EXTRACT;SEASHELLS;5253;3
448700;SUBMISSION;;VEV_4000;SEASHELLS;1243;3
453500;SUBMISSION;;VELVETFRUIT_EXTRACT;SEASHELLS;5246;8
453600;;SUBMISSION;VELVETFRUIT_EXTRACT;SEASHELLS;5251;4
454800;SUBMISSION;;VELVETFRUIT_EXTRACT;SEASHELLS;5246;3
455200;SUBMISSION;;VELVETFRUIT_EXTRACT;SEASHELLS;5245;6
458400;;SUBMISSION;VELVETFRUIT_EXTRACT;SEASHELLS;5247;3
459900;;SUBMISSION;VELVETFRUIT_EXTRACT;SEASHELLS;5251;8
459900;SUBMISSION;;VEV_4000;SEASHELLS;1244;2
460400;SUBMISSION;;VEV_5300;SEASHELLS;48;3
460400;SUBMISSION;;VEV_5400;SEASHELLS;16;1
460700;;SUBMISSION;VELVETFRUIT_EXTRACT;SEASHELLS;5253;6
462300;;SUBMISSION;VELVETFRUIT_EXTRACT;SEASHELLS;5258;8
462500;;SUBMISSION;HYDROGEL_PACK;SEASHELLS;9926;2
462800;SUBMISSION;;HYDROGEL_PACK;SEASHELLS;9931;2
464200;SUBMISSION;;VEV_4000;SEASHELLS;1246;1
468000;SUBMISSION;;VELVETFRUIT_EXTRACT;SEASHELLS;5248;3
469300;SUBMISSION;;VELVETFRUIT_EXTRACT;SEASHELLS;5253;6
469600;SUBMISSION;;VELVETFRUIT_EXTRACT;SEASHELLS;5253;7
470400;;SUBMISSION;VELVETFRUIT_EXTRACT;SEASHELLS;5256;4
472600;SUBMISSION;;VELVETFRUIT_EXTRACT;SEASHELLS;5250;3
475500;SUBMISSION;;VEV_4000;SEASHELLS;1249;1
476200;;SUBMISSION;HYDROGEL_PACK;SEASHELLS;9954;3
477900;;SUBMISSION;VELVETFRUIT_EXTRACT;SEASHELLS;5257;5
478900;SUBMISSION;;VELVETFRUIT_EXTRACT;SEASHELLS;5251;4
479100;;SUBMISSION;HYDROGEL_PACK;SEASHELLS;9968;5
480900;SUBMISSION;;VEV_4000;SEASHELLS;1244;2
483800;SUBMISSION;;VELVETFRUIT_EXTRACT;SEASHELLS;5239;7
486400;SUBMISSION;;VELVETFRUIT_EXTRACT;SEASHELLS;5240;7
489700;SUBMISSION;;VELVETFRUIT_EXTRACT;SEASHELLS;5238;6
489700;SUBMISSION;;VEV_5300;SEASHELLS;44;4
490900;;SUBMISSION;VELVETFRUIT_EXTRACT;SEASHELLS;5245;5
491100;SUBMISSION;;VEV_4000;SEASHELLS;1238;3
493900;SUBMISSION;;VELVETFRUIT_EXTRACT;SEASHELLS;5238;3
494500;;SUBMISSION;HYDROGEL_PACK;SEASHELLS;9968;4
494700;SUBMISSION;;VEV_4000;SEASHELLS;1233;2
496300;SUBMISSION;;VEV_4000;SEASHELLS;1235;2
498200;SUBMISSION;;VELVETFRUIT_EXTRACT;SEASHELLS;5240;6
498200;;SUBMISSION;VELVETFRUIT_EXTRACT;SEASHELLS;5241;5
499400;;SUBMISSION;HYDROGEL_PACK;SEASHELLS;9995;10
499400;;SUBMISSION;HYDROGEL_PACK;SEASHELLS;9992;20
499500;;SUBMISSION;HYDROGEL_PACK;SEASHELLS;9995;10
499500;;SUBMISSION;HYDROGEL_PACK;SEASHELLS;9992;20
499600;;SUBMISSION;HYDROGEL_PACK;SEASHELLS;9995;13
499600;;SUBMISSION;HYDROGEL_PACK;SEASHELLS;9993;17
499700;;SUBMISSION;HYDROGEL_PACK;SEASHELLS;9995;10
499700;;SUBMISSION;HYDROGEL_PACK;SEASHELLS;9992;20
499900;SUBMISSION;;HYDROGEL_PACK;SEASHELLS;9991;6
500800;SUBMISSION;;HYDROGEL_PACK;SEASHELLS;9988;4
501400;SUBMISSION;;HYDROGEL_PACK;SEASHELLS;9988;6
502000;SUBMISSION;;HYDROGEL_PACK;SEASHELLS;9986;3
502800;;SUBMISSION;HYDROGEL_PACK;SEASHELLS;9995;14
502800;;SUBMISSION;HYDROGEL_PACK;SEASHELLS;9992;16
503000;;SUBMISSION;HYDROGEL_PACK;SEASHELLS;9998;13
503000;;SUBMISSION;HYDROGEL_PACK;SEASHELLS;9996;17
503100;;SUBMISSION;HYDROGEL_PACK;SEASHELLS;9999;14
503100;;SUBMISSION;HYDROGEL_PACK;SEASHELLS;9996;16
503200;;SUBMISSION;HYDROGEL_PACK;SEASHELLS;9999;11
503200;;SUBMISSION;HYDROGEL_PACK;SEASHELLS;9997;19
503400;;SUBMISSION;HYDROGEL_PACK;SEASHELLS;9996;13
503400;;SUBMISSION;HYDROGEL_PACK;SEASHELLS;9993;17
503500;SUBMISSION;;HYDROGEL_PACK;SEASHELLS;9998;6
503500;SUBMISSION;;VEV_4000;SEASHELLS;1244;3
504300;;SUBMISSION;HYDROGEL_PACK;SEASHELLS;10004;8
504300;;SUBMISSION;HYDROGEL_PACK;SEASHELLS;9997;11
504300;;SUBMISSION;HYDROGEL_PACK;SEASHELLS;9994;11
504500;;SUBMISSION;HYDROGEL_PACK;SEASHELLS;9996;12
504500;;SUBMISSION;HYDROGEL_PACK;SEASHELLS;9993;18
504700;;SUBMISSION;HYDROGEL_PACK;SEASHELLS;9998;15
504700;;SUBMISSION;HYDROGEL_PACK;SEASHELLS;9995;15
504800;;SUBMISSION;HYDROGEL_PACK;SEASHELLS;10004;8
504800;;SUBMISSION;HYDROGEL_PACK;SEASHELLS;9996;14
504800;;SUBMISSION;HYDROGEL_PACK;SEASHELLS;9994;8
504900;;SUBMISSION;HYDROGEL_PACK;SEASHELLS;9998;10
504900;;SUBMISSION;HYDROGEL_PACK;SEASHELLS;9995;3
507800;SUBMISSION;;HYDROGEL_PACK;SEASHELLS;9998;6
509100;SUBMISSION;;VEV_4000;SEASHELLS;1254;3
509700;;SUBMISSION;HYDROGEL_PACK;SEASHELLS;10002;6
509900;SUBMISSION;;HYDROGEL_PACK;SEASHELLS;10010;5
510000;;SUBMISSION;HYDROGEL_PACK;SEASHELLS;10002;5
510100;SUBMISSION;;HYDROGEL_PACK;SEASHELLS;10008;3
510200;;SUBMISSION;HYDROGEL_PACK;SEASHELLS;10001;3
515200;SUBMISSION;;HYDROGEL_PACK;SEASHELLS;10006;4
515300;;SUBMISSION;HYDROGEL_PACK;SEASHELLS;9999;4
517900;SUBMISSION;;VEV_4000;SEASHELLS;1253;1
519000;SUBMISSION;;HYDROGEL_PACK;SEASHELLS;10008;5
519100;;SUBMISSION;HYDROGEL_PACK;SEASHELLS;10002;5
519100;SUBMISSION;;VEV_4000;SEASHELLS;1250;2
519500;SUBMISSION;;VEV_5300;SEASHELLS;51;4
520500;SUBMISSION;;VELVETFRUIT_EXTRACT;SEASHELLS;5257;4
521100;SUBMISSION;;VEV_4000;SEASHELLS;1252;2
521800;;SUBMISSION;VELVETFRUIT_EXTRACT;SEASHELLS;5264;3
523300;;SUBMISSION;VELVETFRUIT_EXTRACT;SEASHELLS;5261;3
525500;SUBMISSION;;VEV_4000;SEASHELLS;1251;1
526200;SUBMISSION;;VELVETFRUIT_EXTRACT;SEASHELLS;5251;8
527700;;SUBMISSION;VELVETFRUIT_EXTRACT;SEASHELLS;5254;6
528600;;SUBMISSION;VELVETFRUIT_EXTRACT;SEASHELLS;5253;4
529400;;SUBMISSION;VELVETFRUIT_EXTRACT;SEASHELLS;5255;4
530000;SUBMISSION;;VELVETFRUIT_EXTRACT;SEASHELLS;5250;6
530300;SUBMISSION;;HYDROGEL_PACK;SEASHELLS;10015;3
530400;;SUBMISSION;HYDROGEL_PACK;SEASHELLS;10009;3
530600;SUBMISSION;;HYDROGEL_PACK;SEASHELLS;10015;5
530700;;SUBMISSION;HYDROGEL_PACK;SEASHELLS;10013;5
537500;SUBMISSION;;HYDROGEL_PACK;SEASHELLS;10020;2
537500;;SUBMISSION;VELVETFRUIT_EXTRACT;SEASHELLS;5240;4
537600;;SUBMISSION;HYDROGEL_PACK;SEASHELLS;10011;2
540700;SUBMISSION;;VELVETFRUIT_EXTRACT;SEASHELLS;5239;7
544400;;SUBMISSION;VELVETFRUIT_EXTRACT;SEASHELLS;5239;6
545000;SUBMISSION;;VELVETFRUIT_EXTRACT;SEASHELLS;5236;4
548900;SUBMISSION;;VEV_5100;SEASHELLS;150;1
549800;;SUBMISSION;VELVETFRUIT_EXTRACT;SEASHELLS;5235;5
550400;SUBMISSION;;HYDROGEL_PACK;SEASHELLS;10003;2
550600;;SUBMISSION;HYDROGEL_PACK;SEASHELLS;10000;2
550900;SUBMISSION;;VEV_4000;SEASHELLS;1225;2
553100;SUBMISSION;;VEV_5300;SEASHELLS;40;4
553100;SUBMISSION;;VEV_5400;SEASHELLS;12;4
553100;SUBMISSION;;VEV_5400;SEASHELLS;13;23
553600;SUBMISSION;;VEV_5400;SEASHELLS;12;24
553800;SUBMISSION;;VEV_5200;SEASHELLS;83;8
553800;SUBMISSION;;VEV_5200;SEASHELLS;84;15
553800;SUBMISSION;;VEV_5400;SEASHELLS;12;27
555900;SUBMISSION;;VEV_5200;SEASHELLS;83;30
555900;SUBMISSION;;VEV_5400;SEASHELLS;12;23
556000;SUBMISSION;;VEV_5200;SEASHELLS;83;6
556000;SUBMISSION;;VEV_5200;SEASHELLS;84;13
556000;SUBMISSION;;VEV_5400;SEASHELLS;12;22
556100;SUBMISSION;;VEV_5200;SEASHELLS;83;26
556100;SUBMISSION;;VEV_5400;SEASHELLS;12;20
556200;SUBMISSION;;VEV_5200;SEASHELLS;83;26
556200;SUBMISSION;;VEV_5400;SEASHELLS;12;24
556300;SUBMISSION;;VEV_5200;SEASHELLS;83;30
556300;SUBMISSION;;VEV_5400;SEASHELLS;12;26
556400;;SUBMISSION;VELVETFRUIT_EXTRACT;SEASHELLS;5227;8
556400;SUBMISSION;;VEV_5000;SEASHELLS;234;7
556400;SUBMISSION;;VEV_5000;SEASHELLS;235;15
556400;SUBMISSION;;VEV_5200;SEASHELLS;82;7
556400;SUBMISSION;;VEV_5200;SEASHELLS;83;15
556400;SUBMISSION;;VEV_5400;SEASHELLS;12;21
556500;SUBMISSION;;VEV_5200;SEASHELLS;83;27
556500;SUBMISSION;;VEV_5400;SEASHELLS;12;28
556600;SUBMISSION;;VEV_5200;SEASHELLS;83;30
556600;SUBMISSION;;VEV_5400;SEASHELLS;12;28
556700;SUBMISSION;;VEV_5400;SEASHELLS;12;9
556700;SUBMISSION;;VEV_5400;SEASHELLS;13;11
556900;SUBMISSION;;VEV_4000;SEASHELLS;1223;3
557200;SUBMISSION;;VELVETFRUIT_EXTRACT;SEASHELLS;5226;4
557600;SUBMISSION;;VEV_5200;SEASHELLS;83;28
557600;SUBMISSION;;VEV_5400;SEASHELLS;12;25
557700;SUBMISSION;;VEV_5000;SEASHELLS;234;30
557700;SUBMISSION;;VEV_5200;SEASHELLS;82;30
557700;SUBMISSION;;VEV_5400;SEASHELLS;12;24
557800;SUBMISSION;;VEV_5000;SEASHELLS;234;12
557800;SUBMISSION;;VEV_5000;SEASHELLS;235;18
557800;SUBMISSION;;VEV_5200;SEASHELLS;82;12
557800;SUBMISSION;;VEV_5200;SEASHELLS;83;18
557800;SUBMISSION;;VEV_5400;SEASHELLS;12;28
557900;SUBMISSION;;VEV_5000;SEASHELLS;233;29
557900;SUBMISSION;;VEV_5200;SEASHELLS;81;10
557900;SUBMISSION;;VEV_5200;SEASHELLS;82;19
557900;SUBMISSION;;VEV_5400;SEASHELLS;12;29
558000;SUBMISSION;;VEV_4000;SEASHELLS;1233;14
558000;SUBMISSION;;VEV_4000;SEASHELLS;1236;16
558000;SUBMISSION;;VEV_4500;SEASHELLS;731;7
558000;SUBMISSION;;VEV_4500;SEASHELLS;733;16
558000;SUBMISSION;;VEV_5000;SEASHELLS;232;7
558000;SUBMISSION;;VEV_5000;SEASHELLS;233;16
558000;SUBMISSION;;VEV_5200;SEASHELLS;81;23
558000;SUBMISSION;;VEV_5400;SEASHELLS;12;24
558100;SUBMISSION;;VEV_5000;SEASHELLS;234;6
558100;SUBMISSION;;VEV_5000;SEASHELLS;235;17
558100;SUBMISSION;;VEV_5200;SEASHELLS;82;6
558100;SUBMISSION;;VEV_5200;SEASHELLS;83;17
558100;SUBMISSION;;VEV_5400;SEASHELLS;12;28
558200;SUBMISSION;;VEV_5000;SEASHELLS;234;28
558200;SUBMISSION;;VEV_5200;SEASHELLS;82;28
558200;SUBMISSION;;VEV_5400;SEASHELLS;12;28
558300;SUBMISSION;;VEV_4000;SEASHELLS;1233;13
558300;SUBMISSION;;VEV_4000;SEASHELLS;1236;17
558300;SUBMISSION;;VEV_4500;SEASHELLS;731;6
558300;SUBMISSION;;VEV_4500;SEASHELLS;733;13
558300;SUBMISSION;;VEV_5000;SEASHELLS;232;6
558300;SUBMISSION;;VEV_5000;SEASHELLS;233;13
558300;SUBMISSION;;VEV_5200;SEASHELLS;81;19
558300;SUBMISSION;;VEV_5400;SEASHELLS;12;22
558400;SUBMISSION;;VEV_5000;SEASHELLS;233;24
558400;SUBMISSION;;VEV_5200;SEASHELLS;81;10
558400;SUBMISSION;;VEV_5200;SEASHELLS;82;14
558400;SUBMISSION;;VEV_5400;SEASHELLS;12;20
558500;SUBMISSION;;VEV_5000;SEASHELLS;234;6
558500;SUBMISSION;;VEV_5000;SEASHELLS;235;18
558500;SUBMISSION;;VEV_5200;SEASHELLS;82;6
558500;SUBMISSION;;VEV_5200;SEASHELLS;83;18
558500;SUBMISSION;;VEV_5400;SEASHELLS;12;20
558600;SUBMISSION;;VEV_5000;SEASHELLS;234;24
558600;SUBMISSION;;VEV_5200;SEASHELLS;82;22
558600;SUBMISSION;;VEV_5400;SEASHELLS;12;24
558700;SUBMISSION;;VEV_5400;SEASHELLS;12;18
563500;SUBMISSION;;VELVETFRUIT_EXTRACT;SEASHELLS;5227;8
563600;SUBMISSION;;HYDROGEL_PACK;SEASHELLS;9996;2
564000;SUBMISSION;;VELVETFRUIT_EXTRACT;SEASHELLS;5231;12
564300;SUBMISSION;;VEV_5300;SEASHELLS;41;2
564900;;SUBMISSION;VELVETFRUIT_EXTRACT;SEASHELLS;5234;6
565500;;SUBMISSION;VELVETFRUIT_EXTRACT;SEASHELLS;5238;7
565600;;SUBMISSION;HYDROGEL_PACK;SEASHELLS;10001;2
566100;SUBMISSION;;HYDROGEL_PACK;SEASHELLS;10015;4
566200;;SUBMISSION;HYDROGEL_PACK;SEASHELLS;10004;4
568200;;SUBMISSION;VELVETFRUIT_EXTRACT;SEASHELLS;5236;7
568700;SUBMISSION;;HYDROGEL_PACK;SEASHELLS;10005;5
568900;SUBMISSION;;VEV_5300;SEASHELLS;44;4
569700;;SUBMISSION;HYDROGEL_PACK;SEASHELLS;10001;5
569900;SUBMISSION;;VEV_4000;SEASHELLS;1230;1
571600;SUBMISSION;;VELVETFRUIT_EXTRACT;SEASHELLS;5236;7
574000;;SUBMISSION;VELVETFRUIT_EXTRACT;SEASHELLS;5237;3
576400;SUBMISSION;;VELVETFRUIT_EXTRACT;SEASHELLS;5234;3
578800;SUBMISSION;;HYDROGEL_PACK;SEASHELLS;10004;6
580600;SUBMISSION;;HYDROGEL_PACK;SEASHELLS;10006;4
581000;;SUBMISSION;HYDROGEL_PACK;SEASHELLS;10005;5
581000;;SUBMISSION;HYDROGEL_PACK;SEASHELLS;9998;5
581100;;SUBMISSION;VELVETFRUIT_EXTRACT;SEASHELLS;5239;7
581700;;SUBMISSION;VELVETFRUIT_EXTRACT;SEASHELLS;5236;3
584800;SUBMISSION;;VELVETFRUIT_EXTRACT;SEASHELLS;5235;7
584900;SUBMISSION;;VELVETFRUIT_EXTRACT;SEASHELLS;5235;7
587200;SUBMISSION;;VELVETFRUIT_EXTRACT;SEASHELLS;5243;3
588200;SUBMISSION;;VEV_5300;SEASHELLS;46;4
589100;SUBMISSION;;VEV_4000;SEASHELLS;1237;3
590100;SUBMISSION;;HYDROGEL_PACK;SEASHELLS;9995;2
594200;;SUBMISSION;HYDROGEL_PACK;SEASHELLS;10003;2
595300;SUBMISSION;;VELVETFRUIT_EXTRACT;SEASHELLS;5239;8
599600;SUBMISSION;;VEV_4000;SEASHELLS;1229;1
600000;;SUBMISSION;VELVETFRUIT_EXTRACT;SEASHELLS;5236;7
600100;SUBMISSION;;VEV_4000;SEASHELLS;1226;2
601200;SUBMISSION;;VEV_4000;SEASHELLS;1226;1
601700;SUBMISSION;;HYDROGEL_PACK;SEASHELLS;10020;2
601800;;SUBMISSION;HYDROGEL_PACK;SEASHELLS;10015;2
603000;;SUBMISSION;VELVETFRUIT_EXTRACT;SEASHELLS;5233;6
604600;SUBMISSION;;VEV_5300;SEASHELLS;40;5
604700;SUBMISSION;;HYDROGEL_PACK;SEASHELLS;10023;5
604800;;SUBMISSION;HYDROGEL_PACK;SEASHELLS;10020;5
605700;SUBMISSION;;VELVETFRUIT_EXTRACT;SEASHELLS;5227;7
606400;SUBMISSION;;HYDROGEL_PACK;SEASHELLS;10026;5
606500;;SUBMISSION;HYDROGEL_PACK;SEASHELLS;10022;5
606600;SUBMISSION;;VEV_5000;SEASHELLS;233;11
606600;SUBMISSION;;VEV_5000;SEASHELLS;234;19
606800;SUBMISSION;;VEV_5000;SEASHELLS;233;12
606800;SUBMISSION;;VEV_5000;SEASHELLS;234;12
606900;SUBMISSION;;VEV_5000;SEASHELLS;233;6
606900;SUBMISSION;;VEV_5000;SEASHELLS;234;13
607000;SUBMISSION;;VEV_5000;SEASHELLS;232;26
607100;SUBMISSION;;VEV_5000;SEASHELLS;232;30
607200;SUBMISSION;;VEV_5000;SEASHELLS;232;26
607300;SUBMISSION;;VEV_5000;SEASHELLS;233;21
607700;SUBMISSION;;VEV_5000;SEASHELLS;233;9
607700;SUBMISSION;;VEV_5000;SEASHELLS;234;3
607900;SUBMISSION;;VELVETFRUIT_EXTRACT;SEASHELLS;5224;19
607900;SUBMISSION;;VELVETFRUIT_EXTRACT;SEASHELLS;5225;11
607900;SUBMISSION;;VEV_4000;SEASHELLS;1232;13
607900;SUBMISSION;;VEV_4000;SEASHELLS;1234;17
607900;SUBMISSION;;VEV_4500;SEASHELLS;729;11
607900;SUBMISSION;;VEV_4500;SEASHELLS;731;15
608000;SUBMISSION;;VELVETFRUIT_EXTRACT;SEASHELLS;5223;25
608000;SUBMISSION;;VELVETFRUIT_EXTRACT;SEASHELLS;5224;5
608000;SUBMISSION;;VEV_4000;SEASHELLS;1231;15
608000;SUBMISSION;;VEV_4000;SEASHELLS;1234;15
608000;SUBMISSION;;VEV_4500;SEASHELLS;729;12
608000;SUBMISSION;;VEV_4500;SEASHELLS;730;18
608100;SUBMISSION;;VELVETFRUIT_EXTRACT;SEASHELLS;5222;21
608100;SUBMISSION;;VELVETFRUIT_EXTRACT;SEASHELLS;5223;9
608100;SUBMISSION;;VEV_4000;SEASHELLS;1230;7
608100;SUBMISSION;;VEV_4000;SEASHELLS;1232;20
608100;SUBMISSION;;VEV_4500;SEASHELLS;727;9
608100;SUBMISSION;;VEV_4500;SEASHELLS;729;13
608100;SUBMISSION;;VEV_5300;SEASHELLS;37;6
608100;SUBMISSION;;VEV_5300;SEASHELLS;38;10
608200;SUBMISSION;;VELVETFRUIT_EXTRACT;SEASHELLS;5223;30
608200;SUBMISSION;;VEV_4000;SEASHELLS;1230;15
608200;SUBMISSION;;VEV_4000;SEASHELLS;1233;15
608200;SUBMISSION;;VEV_4500;SEASHELLS;728;12
608200;SUBMISSION;;VEV_4500;SEASHELLS;730;18
608300;SUBMISSION;;VELVETFRUIT_EXTRACT;SEASHELLS;5223;30
608300;SUBMISSION;;VEV_4000;SEASHELLS;1230;8
608300;SUBMISSION;;VEV_4000;SEASHELLS;1233;22
608300;SUBMISSION;;VEV_4500;SEASHELLS;728;7
608300;SUBMISSION;;VEV_4500;SEASHELLS;730;20
608400;SUBMISSION;;VELVETFRUIT_EXTRACT;SEASHELLS;5222;24
608400;SUBMISSION;;VEV_4000;SEASHELLS;1230;8
608400;SUBMISSION;;VEV_4000;SEASHELLS;1232;18
608400;SUBMISSION;;VEV_4500;SEASHELLS;727;8
608400;SUBMISSION;;VEV_4500;SEASHELLS;729;19
608400;SUBMISSION;;VEV_5300;SEASHELLS;37;29
608500;;SUBMISSION;VELVETFRUIT_EXTRACT;SEASHELLS;5217;10
608500;SUBMISSION;;VEV_4000;SEASHELLS;1229;12
608500;SUBMISSION;;VEV_4000;SEASHELLS;1232;17
608500;SUBMISSION;;VEV_4500;SEASHELLS;727;7
608500;SUBMISSION;;VEV_4500;SEASHELLS;728;16
608500;SUBMISSION;;VEV_5300;SEASHELLS;37;22
608600;SUBMISSION;;VELVETFRUIT_EXTRACT;SEASHELLS;5220;10
608600;SUBMISSION;;VEV_4000;SEASHELLS;1228;15
608600;SUBMISSION;;VEV_4000;SEASHELLS;1230;15
608600;SUBMISSION;;VEV_4500;SEASHELLS;725;9
608600;SUBMISSION;;VEV_4500;SEASHELLS;727;21
608600;SUBMISSION;;VEV_5300;SEASHELLS;37;21
608700;SUBMISSION;;VEV_4000;SEASHELLS;1229;15
608700;SUBMISSION;;VEV_4000;SEASHELLS;1232;15
608700;SUBMISSION;;VEV_4500;SEASHELLS;727;6
608700;SUBMISSION;;VEV_4500;SEASHELLS;729;12
608700;SUBMISSION;;VEV_5300;SEASHELLS;37;24
608800;SUBMISSION;;VEV_4000;SEASHELLS;1230;13
608800;SUBMISSION;;VEV_4000;SEASHELLS;1233;17
608800;SUBMISSION;;VEV_4500;SEASHELLS;728;9
608800;SUBMISSION;;VEV_4500;SEASHELLS;729;21
608900;SUBMISSION;;VEV_4000;SEASHELLS;1231;13
608900;SUBMISSION;;VEV_4000;SEASHELLS;1233;17
608900;SUBMISSION;;VEV_4500;SEASHELLS;728;8
608900;SUBMISSION;;VEV_4500;SEASHELLS;730;12
609000;SUBMISSION;;VEV_4000;SEASHELLS;1232;12
609000;SUBMISSION;;VEV_4000;SEASHELLS;1235;18
609000;SUBMISSION;;VEV_4500;SEASHELLS;730;6
609000;SUBMISSION;;VEV_4500;SEASHELLS;731;24
609100;SUBMISSION;;VEV_4000;SEASHELLS;1232;10
609100;SUBMISSION;;VEV_4000;SEASHELLS;1234;19
609100;SUBMISSION;;VEV_4500;SEASHELLS;729;6
609100;SUBMISSION;;VEV_4500;SEASHELLS;731;18
610700;SUBMISSION;;VEV_4000;SEASHELLS;1232;10
610700;SUBMISSION;;VEV_4000;SEASHELLS;1235;20
610700;SUBMISSION;;VEV_4500;SEASHELLS;730;6
610700;SUBMISSION;;VEV_4500;SEASHELLS;732;16
610800;SUBMISSION;;VEV_4000;SEASHELLS;1232;8
610800;SUBMISSION;;VEV_4000;SEASHELLS;1235;22
610800;SUBMISSION;;VEV_4500;SEASHELLS;730;8
610800;SUBMISSION;;VEV_4500;SEASHELLS;732;14
611700;SUBMISSION;;VEV_4000;SEASHELLS;1232;13
611700;SUBMISSION;;VEV_4000;SEASHELLS;1235;5
611700;SUBMISSION;;VEV_4500;SEASHELLS;730;7
611700;SUBMISSION;;VEV_4500;SEASHELLS;731;15
611800;SUBMISSION;;VEV_4500;SEASHELLS;730;11
611800;SUBMISSION;;VEV_4500;SEASHELLS;731;19
611900;SUBMISSION;;VEV_4500;SEASHELLS;730;8
611900;SUBMISSION;;VEV_4500;SEASHELLS;731;22
612200;SUBMISSION;;VEV_4500;SEASHELLS;729;6
612200;SUBMISSION;;VEV_4500;SEASHELLS;731;16
612400;SUBMISSION;;VEV_4500;SEASHELLS;730;7
612400;SUBMISSION;;VEV_4500;SEASHELLS;731;18
612500;SUBMISSION;;VEV_4500;SEASHELLS;729;6
612500;SUBMISSION;;VEV_4500;SEASHELLS;731;15
612900;;SUBMISSION;VELVETFRUIT_EXTRACT;SEASHELLS;5224;10
614100;SUBMISSION;;HYDROGEL_PACK;SEASHELLS;10004;4
617900;SUBMISSION;;VEV_5300;SEASHELLS;41;2
618300;SUBMISSION;;VEV_5300;SEASHELLS;41;2
618900;;SUBMISSION;VELVETFRUIT_EXTRACT;SEASHELLS;5230;3
619800;;SUBMISSION;VELVETFRUIT_EXTRACT;SEASHELLS;5232;7
620500;;SUBMISSION;VELVETFRUIT_EXTRACT;SEASHELLS;5231;3
621700;;SUBMISSION;VEV_4000;SEASHELLS;1240;3
621800;SUBMISSION;;HYDROGEL_PACK;SEASHELLS;9998;2
621900;;SUBMISSION;VELVETFRUIT_EXTRACT;SEASHELLS;5232;6
624400;SUBMISSION;;VEV_5300;SEASHELLS;43;2
624700;;SUBMISSION;HYDROGEL_PACK;SEASHELLS;10005;6
624700;;SUBMISSION;VELVETFRUIT_EXTRACT;SEASHELLS;5238;5
625100;SUBMISSION;;HYDROGEL_PACK;SEASHELLS;10010;2
625400;;SUBMISSION;HYDROGEL_PACK;SEASHELLS;10005;2
628100;;SUBMISSION;VELVETFRUIT_EXTRACT;SEASHELLS;5227;6
629000;SUBMISSION;;VELVETFRUIT_EXTRACT;SEASHELLS;5224;30
629000;SUBMISSION;;VEV_4000;SEASHELLS;1232;3
629000;SUBMISSION;;VEV_4500;SEASHELLS;729;10
629000;SUBMISSION;;VEV_4500;SEASHELLS;731;7
629100;SUBMISSION;;VELVETFRUIT_EXTRACT;SEASHELLS;5220;9
629100;SUBMISSION;;VELVETFRUIT_EXTRACT;SEASHELLS;5223;1
629100;SUBMISSION;;VEV_5300;SEASHELLS;37;25
629200;SUBMISSION;;VEV_5300;SEASHELLS;37;26
629300;SUBMISSION;;VEV_5300;SEASHELLS;37;25
629400;SUBMISSION;;VEV_5300;SEASHELLS;36;10
629400;SUBMISSION;;VEV_5300;SEASHELLS;37;20
629400;SUBMISSION;;VEV_5500;SEASHELLS;4;10
629400;SUBMISSION;;VEV_5500;SEASHELLS;5;20
629500;SUBMISSION;;VEV_5300;SEASHELLS;37;23
629600;SUBMISSION;;VEV_5300;SEASHELLS;37;21
629700;SUBMISSION;;VEV_5300;SEASHELLS;36;10
629700;SUBMISSION;;VEV_5300;SEASHELLS;37;15
629700;SUBMISSION;;VEV_5500;SEASHELLS;4;10
629700;SUBMISSION;;VEV_5500;SEASHELLS;5;15
629800;SUBMISSION;;VEV_5300;SEASHELLS;37;29
629900;SUBMISSION;;VEV_5300;SEASHELLS;37;26
630000;SUBMISSION;;VEV_5300;SEASHELLS;37;19
630100;SUBMISSION;;VEV_5300;SEASHELLS;37;7
630100;SUBMISSION;;VEV_5300;SEASHELLS;38;18
630200;SUBMISSION;;VEV_5300;SEASHELLS;37;21
630700;SUBMISSION;;VEV_5300;SEASHELLS;37;25
631400;SUBMISSION;;VEV_5300;SEASHELLS;37;5
631400;SUBMISSION;;VEV_5300;SEASHELLS;38;17
631500;;SUBMISSION;VEV_4000;SEASHELLS;1225;3
631500;SUBMISSION;;VEV_5300;SEASHELLS;37;25
631600;SUBMISSION;;VEV_4000;SEASHELLS;1231;3
631600;SUBMISSION;;VEV_5300;SEASHELLS;37;18
631700;SUBMISSION;;VEV_5300;SEASHELLS;36;3
631700;SUBMISSION;;VEV_5300;SEASHELLS;37;25
631700;SUBMISSION;;VEV_5500;SEASHELLS;4;3
631700;SUBMISSION;;VEV_5500;SEASHELLS;5;25
631800;SUBMISSION;;VEV_5300;SEASHELLS;37;22
632200;SUBMISSION;;VEV_5500;SEASHELLS;4;29
632300;SUBMISSION;;VEV_5500;SEASHELLS;4;18
632400;SUBMISSION;;VEV_5500;SEASHELLS;4;21
632500;SUBMISSION;;VEV_5500;SEASHELLS;4;24
632600;SUBMISSION;;VEV_5500;SEASHELLS;4;19
632700;SUBMISSION;;VEV_5500;SEASHELLS;4;22
632800;;SUBMISSION;VELVETFRUIT_EXTRACT;SEASHELLS;5215;7
632800;SUBMISSION;;VEV_5500;SEASHELLS;4;25
632900;SUBMISSION;;VELVETFRUIT_EXTRACT;SEASHELLS;5219;7
632900;SUBMISSION;;VEV_5500;SEASHELLS;4;25
633000;SUBMISSION;;VEV_5500;SEASHELLS;4;18
633100;SUBMISSION;;VEV_5500;SEASHELLS;4;11
634500;;SUBMISSION;VELVETFRUIT_EXTRACT;SEASHELLS;5214;5
634600;SUBMISSION;;VELVETFRUIT_EXTRACT;SEASHELLS;5219;5
634800;;SUBMISSION;VELVETFRUIT_EXTRACT;SEASHELLS;5215;8
634900;SUBMISSION;;HYDROGEL_PACK;SEASHELLS;10016;2
634900;SUBMISSION;;VELVETFRUIT_EXTRACT;SEASHELLS;5219;8
635000;;SUBMISSION;HYDROGEL_PACK;SEASHELLS;10011;2
637500;SUBMISSION;;HYDROGEL_PACK;SEASHELLS;10024;4
637600;;SUBMISSION;HYDROGEL_PACK;SEASHELLS;10020;4
640300;SUBMISSION;;HYDROGEL_PACK;SEASHELLS;10033;3
640400;;SUBMISSION;HYDROGEL_PACK;SEASHELLS;10023;3
644900;;SUBMISSION;VELVETFRUIT_EXTRACT;SEASHELLS;5205;6
645000;SUBMISSION;;VELVETFRUIT_EXTRACT;SEASHELLS;5211;6
645000;;SUBMISSION;VEV_4000;SEASHELLS;1213;3
645100;SUBMISSION;;VEV_4000;SEASHELLS;1218;3
646100;;SUBMISSION;VELVETFRUIT_EXTRACT;SEASHELLS;5207;3
646200;SUBMISSION;;VELVETFRUIT_EXTRACT;SEASHELLS;5212;3
647400;SUBMISSION;;HYDROGEL_PACK;SEASHELLS;9999;2
647600;SUBMISSION;;HYDROGEL_PACK;SEASHELLS;9998;4
647900;SUBMISSION;;HYDROGEL_PACK;SEASHELLS;9996;6
648200;;SUBMISSION;VELVETFRUIT_EXTRACT;SEASHELLS;5206;6
648300;SUBMISSION;;VELVETFRUIT_EXTRACT;SEASHELLS;5209;6
652800;SUBMISSION;;HYDROGEL_PACK;SEASHELLS;9984;2
653200;SUBMISSION;;HYDROGEL_PACK;SEASHELLS;9980;6
653300;SUBMISSION;;HYDROGEL_PACK;SEASHELLS;9979;5
655100;;SUBMISSION;VELVETFRUIT_EXTRACT;SEASHELLS;5206;8
655200;SUBMISSION;;VELVETFRUIT_EXTRACT;SEASHELLS;5209;8
657800;;SUBMISSION;VELVETFRUIT_EXTRACT;SEASHELLS;5209;5
657900;SUBMISSION;;VELVETFRUIT_EXTRACT;SEASHELLS;5213;5
659200;;SUBMISSION;VELVETFRUIT_EXTRACT;SEASHELLS;5210;7
659300;SUBMISSION;;VELVETFRUIT_EXTRACT;SEASHELLS;5214;7
664100;;SUBMISSION;HYDROGEL_PACK;SEASHELLS;10007;11
664100;;SUBMISSION;HYDROGEL_PACK;SEASHELLS;10004;14
667400;;SUBMISSION;VELVETFRUIT_EXTRACT;SEASHELLS;5222;6
668000;SUBMISSION;;VELVETFRUIT_EXTRACT;SEASHELLS;5221;6
673800;SUBMISSION;;HYDROGEL_PACK;SEASHELLS;10005;4
679600;;SUBMISSION;VELVETFRUIT_EXTRACT;SEASHELLS;5223;6
680800;SUBMISSION;;HYDROGEL_PACK;SEASHELLS;10000;2
684500;SUBMISSION;;HYDROGEL_PACK;SEASHELLS;9995;2
685200;;SUBMISSION;VELVETFRUIT_EXTRACT;SEASHELLS;5227;6
688400;;SUBMISSION;VELVETFRUIT_EXTRACT;SEASHELLS;5234;6
688600;;SUBMISSION;VELVETFRUIT_EXTRACT;SEASHELLS;5233;5
692400;;SUBMISSION;HYDROGEL_PACK;SEASHELLS;10009;8
693600;;SUBMISSION;VELVETFRUIT_EXTRACT;SEASHELLS;5234;5
694900;SUBMISSION;;HYDROGEL_PACK;SEASHELLS;10016;3
695000;;SUBMISSION;HYDROGEL_PACK;SEASHELLS;10012;3
695200;SUBMISSION;;HYDROGEL_PACK;SEASHELLS;10015;6
695300;;SUBMISSION;HYDROGEL_PACK;SEASHELLS;10012;6
699100;SUBMISSION;;HYDROGEL_PACK;SEASHELLS;10040;5
699200;;SUBMISSION;HYDROGEL_PACK;SEASHELLS;10039;5
702500;;SUBMISSION;VELVETFRUIT_EXTRACT;SEASHELLS;5244;4
702700;;SUBMISSION;VELVETFRUIT_EXTRACT;SEASHELLS;5245;8
703000;SUBMISSION;;HYDROGEL_PACK;SEASHELLS;10033;3
703100;;SUBMISSION;HYDROGEL_PACK;SEASHELLS;10027;3
703100;;SUBMISSION;VELVETFRUIT_EXTRACT;SEASHELLS;5248;7
704700;;SUBMISSION;VELVETFRUIT_EXTRACT;SEASHELLS;5253;8
713200;;SUBMISSION;VEV_5000;SEASHELLS;269;9
713200;;SUBMISSION;VEV_5000;SEASHELLS;268;21
713200;;SUBMISSION;VEV_5100;SEASHELLS;179;9
713200;;SUBMISSION;VEV_5100;SEASHELLS;178;21
713300;;SUBMISSION;VELVETFRUIT_EXTRACT;SEASHELLS;5267;30
713300;;SUBMISSION;VEV_4000;SEASHELLS;1259;12
713300;;SUBMISSION;VEV_4000;SEASHELLS;1257;18
713300;;SUBMISSION;VEV_4500;SEASHELLS;762;8
713300;;SUBMISSION;VEV_4500;SEASHELLS;760;18
713300;;SUBMISSION;VEV_5000;SEASHELLS;270;8
713300;;SUBMISSION;VEV_5000;SEASHELLS;269;18
713300;;SUBMISSION;VEV_5100;SEASHELLS;180;8
713300;;SUBMISSION;VEV_5100;SEASHELLS;179;18
713300;;SUBMISSION;VEV_5200;SEASHELLS;106;26
713400;;SUBMISSION;VEV_4000;SEASHELLS;1260;13
713400;;SUBMISSION;VEV_4000;SEASHELLS;1257;17
713400;;SUBMISSION;VEV_4500;SEASHELLS;762;10
713400;;SUBMISSION;VEV_4500;SEASHELLS;760;18
713400;;SUBMISSION;VEV_5000;SEASHELLS;270;28
713400;;SUBMISSION;VEV_5100;SEASHELLS;180;28
713400;;SUBMISSION;VEV_5200;SEASHELLS;106;28
713500;;SUBMISSION;VELVETFRUIT_EXTRACT;SEASHELLS;5268;30
713500;;SUBMISSION;VEV_4000;SEASHELLS;1260;10
713500;;SUBMISSION;VEV_4000;SEASHELLS;1258;16
713500;;SUBMISSION;VEV_4500;SEASHELLS;763;12
713500;;SUBMISSION;VEV_4500;SEASHELLS;761;15
713500;;SUBMISSION;VEV_5000;SEASHELLS;271;12
713500;;SUBMISSION;VEV_5000;SEASHELLS;270;15
713500;;SUBMISSION;VEV_5100;SEASHELLS;181;12
713500;;SUBMISSION;VEV_5100;SEASHELLS;180;15
713500;;SUBMISSION;VEV_5200;SEASHELLS;107;12
713500;;SUBMISSION;VEV_5200;SEASHELLS;106;15
713500;;SUBMISSION;VEV_5300;SEASHELLS;55;9
713500;;SUBMISSION;VEV_5300;SEASHELLS;54;15
713600;;SUBMISSION;VELVETFRUIT_EXTRACT;SEASHELLS;5271;15
713600;;SUBMISSION;VELVETFRUIT_EXTRACT;SEASHELLS;5270;15
713600;;SUBMISSION;VEV_4000;SEASHELLS;1263;14
713600;;SUBMISSION;VEV_4000;SEASHELLS;1260;15
713600;;SUBMISSION;VEV_4500;SEASHELLS;765;7
713600;;SUBMISSION;VEV_4500;SEASHELLS;763;12
713600;;SUBMISSION;VEV_5000;SEASHELLS;273;7
713600;;SUBMISSION;VEV_5000;SEASHELLS;272;12
713600;;SUBMISSION;VEV_5100;SEASHELLS;183;7
713600;;SUBMISSION;VEV_5100;SEASHELLS;182;12
713600;;SUBMISSION;VEV_5200;SEASHELLS;108;19
713600;;SUBMISSION;VEV_5300;SEASHELLS;56;10
713600;;SUBMISSION;VEV_5300;SEASHELLS;55;12
713700;;SUBMISSION;VELVETFRUIT_EXTRACT;SEASHELLS;5270;30
713700;;SUBMISSION;VEV_4000;SEASHELLS;1262;13
713700;;SUBMISSION;VEV_4000;SEASHELLS;1260;17
713700;;SUBMISSION;VEV_4500;SEASHELLS;765;11
713700;;SUBMISSION;VEV_4500;SEASHELLS;763;14
713700;;SUBMISSION;VEV_5000;SEASHELLS;273;11
713700;;SUBMISSION;VEV_5000;SEASHELLS;272;14
713700;;SUBMISSION;VEV_5100;SEASHELLS;182;25
713700;;SUBMISSION;VEV_5200;SEASHELLS;108;11
713700;;SUBMISSION;VEV_5200;SEASHELLS;107;14
713700;;SUBMISSION;VEV_5300;SEASHELLS;55;18
713800;;SUBMISSION;VELVETFRUIT_EXTRACT;SEASHELLS;5270;22
713800;;SUBMISSION;VELVETFRUIT_EXTRACT;SEASHELLS;5269;8
713800;;SUBMISSION;VEV_4000;SEASHELLS;1262;11
713800;;SUBMISSION;VEV_4000;SEASHELLS;1259;16
713800;;SUBMISSION;VEV_4500;SEASHELLS;764;8
713800;;SUBMISSION;VEV_4500;SEASHELLS;762;22
713800;;SUBMISSION;VEV_5000;SEASHELLS;272;30
713800;;SUBMISSION;VEV_5100;SEASHELLS;182;8
713800;;SUBMISSION;VEV_5100;SEASHELLS;181;22
713800;;SUBMISSION;VEV_5200;SEASHELLS;108;8
713800;;SUBMISSION;VEV_5200;SEASHELLS;107;22
713800;;SUBMISSION;VEV_5300;SEASHELLS;55;22
713900;;SUBMISSION;VELVETFRUIT_EXTRACT;SEASHELLS;5270;30
713900;;SUBMISSION;VEV_4000;SEASHELLS;1262;13
713900;;SUBMISSION;VEV_4000;SEASHELLS;1259;17
713900;;SUBMISSION;VEV_4500;SEASHELLS;764;10
713900;;SUBMISSION;VEV_4500;SEASHELLS;763;20
713900;;SUBMISSION;VEV_5000;SEASHELLS;272;30
713900;;SUBMISSION;VEV_5100;SEASHELLS;182;30
713900;;SUBMISSION;VEV_5200;SEASHELLS;108;10
713900;;SUBMISSION;VEV_5200;SEASHELLS;107;20
713900;;SUBMISSION;VEV_5300;SEASHELLS;55;22
714000;;SUBMISSION;VELVETFRUIT_EXTRACT;SEASHELLS;5270;30
714000;;SUBMISSION;VEV_4000;SEASHELLS;1262;12
714000;;SUBMISSION;VEV_4000;SEASHELLS;1259;17
714000;;SUBMISSION;VEV_4500;SEASHELLS;764;12
714000;;SUBMISSION;VEV_4500;SEASHELLS;763;12
714000;;SUBMISSION;VEV_5000;SEASHELLS;272;24
714000;;SUBMISSION;VEV_5100;SEASHELLS;182;24
714000;;SUBMISSION;VEV_5200;SEASHELLS;108;12
714000;;SUBMISSION;VEV_5200;SEASHELLS;107;12
714000;;SUBMISSION;VEV_5300;SEASHELLS;55;24
714100;;SUBMISSION;VELVETFRUIT_EXTRACT;SEASHELLS;5269;30
714100;;SUBMISSION;VEV_4000;SEASHELLS;1261;15
714100;;SUBMISSION;VEV_4000;SEASHELLS;1259;15
714100;;SUBMISSION;VEV_4500;SEASHELLS;764;11
714100;;SUBMISSION;VEV_4500;SEASHELLS;762;19
714100;;SUBMISSION;VEV_5000;SEASHELLS;272;11
714100;;SUBMISSION;VEV_5000;SEASHELLS;271;19
714100;;SUBMISSION;VEV_5100;SEASHELLS;181;30
714100;;SUBMISSION;VEV_5200;SEASHELLS;107;30
714100;;SUBMISSION;VEV_5300;SEASHELLS;55;28
714200;;SUBMISSION;VELVETFRUIT_EXTRACT;SEASHELLS;5269;20
714200;;SUBMISSION;VELVETFRUIT_EXTRACT;SEASHELLS;5268;10
714200;;SUBMISSION;VEV_4000;SEASHELLS;1261;10
714200;;SUBMISSION;VEV_4000;SEASHELLS;1258;20
714200;;SUBMISSION;VEV_4500;SEASHELLS;763;7
714200;;SUBMISSION;VEV_4500;SEASHELLS;761;19
714200;;SUBMISSION;VEV_5000;SEASHELLS;271;26
714200;;SUBMISSION;VEV_5100;SEASHELLS;181;26
714200;;SUBMISSION;VEV_5200;SEASHELLS;107;26
714200;;SUBMISSION;VEV_5300;SEASHELLS;55;27
714300;;SUBMISSION;VELVETFRUIT_EXTRACT;SEASHELLS;5269;17
714300;;SUBMISSION;VELVETFRUIT_EXTRACT;SEASHELLS;5268;13
714300;;SUBMISSION;VEV_4000;SEASHELLS;1261;10
714300;;SUBMISSION;VEV_4000;SEASHELLS;1258;20
714300;;SUBMISSION;VEV_4500;SEASHELLS;763;7
714300;;SUBMISSION;VEV_4500;SEASHELLS;761;14
714300;;SUBMISSION;VEV_5000;SEASHELLS;271;21
714300;;SUBMISSION;VEV_5100;SEASHELLS;181;21
714300;;SUBMISSION;VEV_5200;SEASHELLS;107;21
714300;;SUBMISSION;VEV_5300;SEASHELLS;55;21
714400;;SUBMISSION;VELVETFRUIT_EXTRACT;SEASHELLS;5269;30
714400;;SUBMISSION;VEV_4000;SEASHELLS;1261;12
714400;;SUBMISSION;VEV_4000;SEASHELLS;1259;18
714400;;SUBMISSION;VEV_4500;SEASHELLS;764;10
714400;;SUBMISSION;VEV_4500;SEASHELLS;762;15
714400;;SUBMISSION;VEV_5000;SEASHELLS;272;10
714400;;SUBMISSION;VEV_5000;SEASHELLS;271;15
714400;;SUBMISSION;VEV_5100;SEASHELLS;181;25
714400;;SUBMISSION;VEV_5200;SEASHELLS;107;25
714400;;SUBMISSION;VEV_5300;SEASHELLS;55;28
714500;;SUBMISSION;VELVETFRUIT_EXTRACT;SEASHELLS;5269;5
714500;;SUBMISSION;VEV_4000;SEASHELLS;1261;7
714500;;SUBMISSION;VEV_4000;SEASHELLS;1258;23
714500;;SUBMISSION;VEV_4500;SEASHELLS;763;8
714500;;SUBMISSION;VEV_4500;SEASHELLS;761;12
714500;;SUBMISSION;VEV_5000;SEASHELLS;271;8
714500;;SUBMISSION;VEV_5000;SEASHELLS;270;12
714500;;SUBMISSION;VEV_5100;SEASHELLS;181;8
714500;;SUBMISSION;VEV_5100;SEASHELLS;180;12
714500;;SUBMISSION;VEV_5200;SEASHELLS;107;8
714500;;SUBMISSION;VEV_5200;SEASHELLS;106;12
714500;;SUBMISSION;VEV_5300;SEASHELLS;55;19
714600;;SUBMISSION;VEV_4000;SEASHELLS;1260;13
714600;;SUBMISSION;VEV_4000;SEASHELLS;1257;17
714600;;SUBMISSION;VEV_4500;SEASHELLS;762;12
714600;;SUBMISSION;VEV_4500;SEASHELLS;760;12
714600;;SUBMISSION;VEV_5000;SEASHELLS;270;24
714600;;SUBMISSION;VEV_5100;SEASHELLS;180;24
714600;;SUBMISSION;VEV_5200;SEASHELLS;106;24
714700;;SUBMISSION;VEV_5000;SEASHELLS;269;8
714700;;SUBMISSION;VEV_5000;SEASHELLS;268;22
714700;;SUBMISSION;VEV_5100;SEASHELLS;179;30
714800;;SUBMISSION;VEV_4000;SEASHELLS;1259;8
714800;;SUBMISSION;VEV_4000;SEASHELLS;1256;22
714800;;SUBMISSION;VEV_5000;SEASHELLS;269;25
714800;;SUBMISSION;VEV_5100;SEASHELLS;179;25
714900;;SUBMISSION;VEV_5000;SEASHELLS;269;6
714900;;SUBMISSION;VEV_5000;SEASHELLS;268;24
714900;;SUBMISSION;VEV_5100;SEASHELLS;179;6
714900;;SUBMISSION;VEV_5100;SEASHELLS;178;24
715100;;SUBMISSION;VEV_4000;SEASHELLS;1259;11
715100;;SUBMISSION;VEV_4000;SEASHELLS;1256;19
715100;;SUBMISSION;VEV_4500;SEASHELLS;761;12
715100;;SUBMISSION;VEV_4500;SEASHELLS;759;18
715100;;SUBMISSION;VEV_5000;SEASHELLS;269;30
715100;;SUBMISSION;VEV_5100;SEASHELLS;179;30
715200;;SUBMISSION;VEV_4000;SEASHELLS;1259;10
715200;;SUBMISSION;VEV_4000;SEASHELLS;1256;19
715200;;SUBMISSION;VEV_4500;SEASHELLS;761;7
715200;;SUBMISSION;VEV_4500;SEASHELLS;759;22
715200;;SUBMISSION;VEV_5000;SEASHELLS;270;7
715200;;SUBMISSION;VEV_5000;SEASHELLS;269;22
715200;;SUBMISSION;VEV_5100;SEASHELLS;179;29
715200;;SUBMISSION;VEV_5200;SEASHELLS;106;7
715200;;SUBMISSION;VEV_5200;SEASHELLS;105;22
715300;;SUBMISSION;VEV_4000;SEASHELLS;1259;9
715300;;SUBMISSION;VEV_4000;SEASHELLS;1257;21
715300;;SUBMISSION;VEV_4500;SEASHELLS;762;8
715300;;SUBMISSION;VEV_4500;SEASHELLS;760;15
715300;;SUBMISSION;VEV_5000;SEASHELLS;270;8
715300;;SUBMISSION;VEV_5000;SEASHELLS;269;15
715300;;SUBMISSION;VEV_5100;SEASHELLS;180;8
715300;;SUBMISSION;VEV_5100;SEASHELLS;179;15
715300;;SUBMISSION;VEV_5200;SEASHELLS;106;23
715400;;SUBMISSION;VEV_4000;SEASHELLS;1260;15
715400;;SUBMISSION;VEV_4000;SEASHELLS;1258;15
715400;;SUBMISSION;VEV_4500;SEASHELLS;763;11
715400;;SUBMISSION;VEV_4500;SEASHELLS;761;17
715400;;SUBMISSION;VEV_5000;SEASHELLS;271;11
715400;;SUBMISSION;VEV_5000;SEASHELLS;270;17
715400;;SUBMISSION;VEV_5100;SEASHELLS;181;11
715400;;SUBMISSION;VEV_5100;SEASHELLS;180;17
715400;;SUBMISSION;VEV_5200;SEASHELLS;106;28
715400;;SUBMISSION;VEV_5300;SEASHELLS;55;26
715500;;SUBMISSION;VEV_4000;SEASHELLS;1261;14
715500;;SUBMISSION;VEV_4000;SEASHELLS;1259;16
715500;;SUBMISSION;VEV_4500;SEASHELLS;764;6
715500;;SUBMISSION;VEV_4500;SEASHELLS;762;24
715500;;SUBMISSION;VEV_5000;SEASHELLS;272;6
715500;;SUBMISSION;VEV_5000;SEASHELLS;271;4
715500;;SUBMISSION;VEV_5100;SEASHELLS;181;10
715500;;SUBMISSION;VEV_5200;SEASHELLS;107;30
715500;;SUBMISSION;VEV_5300;SEASHELLS;55;21
715600;;SUBMISSION;VEV_4500;SEASHELLS;764;6
715600;;SUBMISSION;VEV_4500;SEASHELLS;763;22
715600;;SUBMISSION;VEV_5200;SEASHELLS;108;6
715600;;SUBMISSION;VEV_5200;SEASHELLS;107;22
715600;;SUBMISSION;VEV_5300;SEASHELLS;55;17
715700;;SUBMISSION;VEV_4500;SEASHELLS;765;10
715700;;SUBMISSION;VEV_4500;SEASHELLS;763;16
715700;;SUBMISSION;VEV_5200;SEASHELLS;108;10
715700;;SUBMISSION;VEV_5200;SEASHELLS;107;16
715700;;SUBMISSION;VEV_5300;SEASHELLS;56;10
715700;;SUBMISSION;VEV_5300;SEASHELLS;55;15
715800;;SUBMISSION;VEV_4500;SEASHELLS;764;9
715800;;SUBMISSION;VEV_4500;SEASHELLS;762;21
715800;;SUBMISSION;VEV_5200;SEASHELLS;107;30
715800;;SUBMISSION;VEV_5300;SEASHELLS;55;19
715900;;SUBMISSION;VEV_4500;SEASHELLS;763;7
715900;;SUBMISSION;VEV_4500;SEASHELLS;761;4
715900;;SUBMISSION;VEV_5200;SEASHELLS;107;7
715900;;SUBMISSION;VEV_5200;SEASHELLS;106;12
715900;;SUBMISSION;VEV_5300;SEASHELLS;55;26
716000;SUBMISSION;;VELVETFRUIT_EXTRACT;SEASHELLS;5274;7
716000;;SUBMISSION;VEV_5200;SEASHELLS;107;22
716000;;SUBMISSION;VEV_5300;SEASHELLS;55;24
716100;;SUBMISSION;VELVETFRUIT_EXTRACT;SEASHELLS;5270;7
716100;;SUBMISSION;VEV_5300;SEASHELLS;55;24
716200;;SUBMISSION;VEV_5300;SEASHELLS;56;24
716300;;SUBMISSION;VEV_5300;SEASHELLS;56;25
716400;;SUBMISSION;VEV_5300;SEASHELLS;56;20
716500;;SUBMISSION;VEV_5300;SEASHELLS;55;19
716600;;SUBMISSION;VEV_5300;SEASHELLS;55;24
716700;;SUBMISSION;VEV_5300;SEASHELLS;55;20
716800;;SUBMISSION;VEV_5300;SEASHELLS;55;21
719600;SUBMISSION;;VEV_4000;SEASHELLS;1259;2
720500;SUBMISSION;;VELVETFRUIT_EXTRACT;SEASHELLS;5268;6
720500;SUBMISSION;;VEV_5300;SEASHELLS;54;2
721200;SUBMISSION;;VELVETFRUIT_EXTRACT;SEASHELLS;5267;4
721900;SUBMISSION;;VEV_4000;SEASHELLS;1258;3
723900;;SUBMISSION;VELVETFRUIT_EXTRACT;SEASHELLS;5267;10
723900;;SUBMISSION;VEV_4000;SEASHELLS;1259;5
724400;SUBMISSION;;HYDROGEL_PACK;SEASHELLS;10072;5
724500;;SUBMISSION;HYDROGEL_PACK;SEASHELLS;10064;5
725000;SUBMISSION;;VEV_5300;SEASHELLS;54;4
725800;SUBMISSION;;HYDROGEL_PACK;SEASHELLS;10075;6
725900;;SUBMISSION;HYDROGEL_PACK;SEASHELLS;10065;6
730700;;SUBMISSION;VEV_5300;SEASHELLS;55;6
730800;SUBMISSION;;HYDROGEL_PACK;SEASHELLS;10064;6
730900;;SUBMISSION;HYDROGEL_PACK;SEASHELLS;10057;6
731900;;SUBMISSION;VEV_5400;SEASHELLS;20;20
732000;;SUBMISSION;VEV_5400;SEASHELLS;20;17
732100;;SUBMISSION;VEV_5400;SEASHELLS;20;20
732200;;SUBMISSION;VEV_5400;SEASHELLS;20;28
732300;;SUBMISSION;VEV_5400;SEASHELLS;20;16
732400;;SUBMISSION;VEV_5400;SEASHELLS;20;20
732500;;SUBMISSION;VEV_5400;SEASHELLS;20;18
732600;;SUBMISSION;VEV_5400;SEASHELLS;20;19
732700;SUBMISSION;;HYDROGEL_PACK;SEASHELLS;10041;2
732800;;SUBMISSION;HYDROGEL_PACK;SEASHELLS;10035;2
733200;;SUBMISSION;VEV_5400;SEASHELLS;20;22
733300;;SUBMISSION;VEV_5400;SEASHELLS;20;15
733400;;SUBMISSION;VEV_5400;SEASHELLS;20;21
733500;;SUBMISSION;VEV_5400;SEASHELLS;20;27
733600;;SUBMISSION;VEV_5400;SEASHELLS;20;24
733700;;SUBMISSION;VEV_5400;SEASHELLS;20;26
733800;;SUBMISSION;VEV_5400;SEASHELLS;20;16
733900;;SUBMISSION;VEV_5400;SEASHELLS;21;24
734000;;SUBMISSION;VEV_5400;SEASHELLS;21;9
734000;;SUBMISSION;VEV_5400;SEASHELLS;20;10
734100;;SUBMISSION;VEV_5400;SEASHELLS;21;25
734200;;SUBMISSION;VEV_5400;SEASHELLS;21;16
734300;;SUBMISSION;VEV_5400;SEASHELLS;20;15
734400;;SUBMISSION;VEV_5400;SEASHELLS;20;21
734500;;SUBMISSION;VEV_5400;SEASHELLS;20;20
734600;;SUBMISSION;VEV_5400;SEASHELLS;21;7
734600;;SUBMISSION;VEV_5400;SEASHELLS;20;10
734700;;SUBMISSION;VEV_5400;SEASHELLS;20;26
734800;;SUBMISSION;VEV_5400;SEASHELLS;21;7
734800;;SUBMISSION;VEV_5400;SEASHELLS;20;13
734900;;SUBMISSION;VEV_5400;SEASHELLS;20;25
735000;;SUBMISSION;VEV_5400;SEASHELLS;21;29
735100;;SUBMISSION;VEV_5400;SEASHELLS;21;5
735100;;SUBMISSION;VEV_5400;SEASHELLS;20;11
735100;SUBMISSION;;VEV_5400;SEASHELLS;21;4
735200;;SUBMISSION;VEV_5400;SEASHELLS;20;12
741600;SUBMISSION;;VELVETFRUIT_EXTRACT;SEASHELLS;5267;5
741900;SUBMISSION;;VEV_5400;SEASHELLS;18;4
743600;SUBMISSION;;VEV_4000;SEASHELLS;1264;3
744000;;SUBMISSION;VELVETFRUIT_EXTRACT;SEASHELLS;5269;5
744000;;SUBMISSION;VEV_4000;SEASHELLS;1261;3
745000;SUBMISSION;;HYDROGEL_PACK;SEASHELLS;10042;6
745100;;SUBMISSION;HYDROGEL_PACK;SEASHELLS;10037;6
746300;SUBMISSION;;VEV_5400;SEASHELLS;20;1
747400;SUBMISSION;;VEV_4000;SEASHELLS;1269;3
747500;;SUBMISSION;VEV_4000;SEASHELLS;1263;3
747700;SUBMISSION;;VEV_4000;SEASHELLS;1266;3
747800;;SUBMISSION;VEV_4000;SEASHELLS;1260;3
749800;SUBMISSION;;HYDROGEL_PACK;SEASHELLS;10050;2
749900;;SUBMISSION;HYDROGEL_PACK;SEASHELLS;10045;2
753400;SUBMISSION;;VEV_4000;SEASHELLS;1258;3
755800;SUBMISSION;;VELVETFRUIT_EXTRACT;SEASHELLS;5264;4
756600;SUBMISSION;;HYDROGEL_PACK;SEASHELLS;10068;6
756700;;SUBMISSION;HYDROGEL_PACK;SEASHELLS;10064;6
758000;;SUBMISSION;VELVETFRUIT_EXTRACT;SEASHELLS;5269;4
758000;;SUBMISSION;VEV_4000;SEASHELLS;1260;3
760000;SUBMISSION;;VEV_5400;SEASHELLS;20;2
762400;SUBMISSION;;VELVETFRUIT_EXTRACT;SEASHELLS;5273;3
762500;;SUBMISSION;VELVETFRUIT_EXTRACT;SEASHELLS;5269;3
762700;SUBMISSION;;VEV_4000;SEASHELLS;1266;2
762800;;SUBMISSION;VEV_4000;SEASHELLS;1261;2
764300;SUBMISSION;;VEV_4000;SEASHELLS;1263;2
765100;SUBMISSION;;VELVETFRUIT_EXTRACT;SEASHELLS;5269;4
765700;;SUBMISSION;VEV_4000;SEASHELLS;1269;2
765800;SUBMISSION;;HYDROGEL_PACK;SEASHELLS;10054;3
765900;;SUBMISSION;HYDROGEL_PACK;SEASHELLS;10050;3
765900;;SUBMISSION;VELVETFRUIT_EXTRACT;SEASHELLS;5269;4
768100;SUBMISSION;;HYDROGEL_PACK;SEASHELLS;10061;4
768200;;SUBMISSION;HYDROGEL_PACK;SEASHELLS;10056;4
768200;SUBMISSION;;HYDROGEL_PACK;SEASHELLS;10061;3
768300;;SUBMISSION;HYDROGEL_PACK;SEASHELLS;10057;3
768700;SUBMISSION;;VELVETFRUIT_EXTRACT;SEASHELLS;5274;5
768800;;SUBMISSION;VELVETFRUIT_EXTRACT;SEASHELLS;5269;5
772500;SUBMISSION;;VELVETFRUIT_EXTRACT;SEASHELLS;5264;7
775100;SUBMISSION;;HYDROGEL_PACK;SEASHELLS;10062;5
775200;;SUBMISSION;HYDROGEL_PACK;SEASHELLS;10058;5
775300;SUBMISSION;;VEV_4000;SEASHELLS;1255;1
783300;SUBMISSION;;VEV_4000;SEASHELLS;1254;3
785200;SUBMISSION;;HYDROGEL_PACK;SEASHELLS;10061;3
785300;;SUBMISSION;HYDROGEL_PACK;SEASHELLS;10060;3
785800;SUBMISSION;;HYDROGEL_PACK;SEASHELLS;10061;3
785900;;SUBMISSION;HYDROGEL_PACK;SEASHELLS;10057;3
786700;SUBMISSION;;HYDROGEL_PACK;SEASHELLS;10059;4
786800;;SUBMISSION;HYDROGEL_PACK;SEASHELLS;10052;4
786900;SUBMISSION;;VEV_4000;SEASHELLS;1255;1
789200;SUBMISSION;;VEV_4000;SEASHELLS;1255;3
792200;SUBMISSION;;VELVETFRUIT_EXTRACT;SEASHELLS;5262;6
794900;SUBMISSION;;VELVETFRUIT_EXTRACT;SEASHELLS;5255;6
796600;SUBMISSION;;VELVETFRUIT_EXTRACT;SEASHELLS;5255;8
797600;SUBMISSION;;HYDROGEL_PACK;SEASHELLS;10031;4
797700;;SUBMISSION;HYDROGEL_PACK;SEASHELLS;10028;4
799900;SUBMISSION;;VELVETFRUIT_EXTRACT;SEASHELLS;5253;8
800100;SUBMISSION;;HYDROGEL_PACK;SEASHELLS;10018;5
800400;SUBMISSION;;VEV_5300;SEASHELLS;46;3
804900;SUBMISSION;;VEV_4000;SEASHELLS;1235;1
805300;SUBMISSION;;HYDROGEL_PACK;SEASHELLS;10004;4
807800;SUBMISSION;;VEV_5300;SEASHELLS;46;3
807800;SUBMISSION;;VEV_5400;SEASHELLS;14;3
812400;SUBMISSION;;VELVETFRUIT_EXTRACT;SEASHELLS;5237;8
812500;SUBMISSION;;VELVETFRUIT_EXTRACT;SEASHELLS;5234;15
812600;SUBMISSION;;VEV_5300;SEASHELLS;41;4
813000;SUBMISSION;;VEV_5400;SEASHELLS;11;3
813000;SUBMISSION;;VEV_5400;SEASHELLS;12;21
813900;SUBMISSION;;VEV_5400;SEASHELLS;11;30
814000;SUBMISSION;;VEV_5200;SEASHELLS;82;23
814000;SUBMISSION;;VEV_5400;SEASHELLS;11;26
814100;SUBMISSION;;VEV_5400;SEASHELLS;11;26
814200;SUBMISSION;;VEV_5400;SEASHELLS;11;21
814400;SUBMISSION;;VEV_5400;SEASHELLS;11;19
814500;SUBMISSION;;HYDROGEL_PACK;SEASHELLS;9994;3
814500;SUBMISSION;;VEV_5400;SEASHELLS;11;21
814600;SUBMISSION;;VEV_5400;SEASHELLS;11;22
814800;SUBMISSION;;VEV_5200;SEASHELLS;82;30
814800;SUBMISSION;;VEV_5400;SEASHELLS;11;19
814900;SUBMISSION;;VEV_5400;SEASHELLS;11;22
815000;SUBMISSION;;VEV_5200;SEASHELLS;82;30
815000;SUBMISSION;;VEV_5400;SEASHELLS;11;27
815100;SUBMISSION;;VEV_5200;SEASHELLS;81;8
815100;SUBMISSION;;VEV_5200;SEASHELLS;82;22
815100;SUBMISSION;;VEV_5400;SEASHELLS;11;28
815200;SUBMISSION;;VEV_5200;SEASHELLS;82;28
815200;SUBMISSION;;VEV_5400;SEASHELLS;11;20
815300;SUBMISSION;;VEV_5200;SEASHELLS;82;20
815300;SUBMISSION;;VEV_5400;SEASHELLS;11;23
815400;SUBMISSION;;VEV_5400;SEASHELLS;11;25
815500;SUBMISSION;;VEV_5400;SEASHELLS;11;28
816200;SUBMISSION;;VEV_5400;SEASHELLS;11;26
816300;SUBMISSION;;VEV_5400;SEASHELLS;11;20
816400;SUBMISSION;;VEV_5400;SEASHELLS;11;18
816500;SUBMISSION;;VEV_5400;SEASHELLS;11;22
816800;SUBMISSION;;HYDROGEL_PACK;SEASHELLS;10004;4
817900;SUBMISSION;;VELVETFRUIT_EXTRACT;SEASHELLS;5232;5
818500;SUBMISSION;;VELVETFRUIT_EXTRACT;SEASHELLS;5234;7
819000;SUBMISSION;;VEV_5400;SEASHELLS;11;30
821100;SUBMISSION;;HYDROGEL_PACK;SEASHELLS;9999;4
821300;SUBMISSION;;VEV_4000;SEASHELLS;1238;2
822200;SUBMISSION;;VELVETFRUIT_EXTRACT;SEASHELLS;5244;7
832100;SUBMISSION;;VELVETFRUIT_EXTRACT;SEASHELLS;5242;8
833400;;SUBMISSION;HYDROGEL_PACK;SEASHELLS;10019;15
833400;;SUBMISSION;HYDROGEL_PACK;SEASHELLS;10016;5
833600;SUBMISSION;;HYDROGEL_PACK;SEASHELLS;10032;2
833700;;SUBMISSION;HYDROGEL_PACK;SEASHELLS;10027;2
834900;SUBMISSION;;VELVETFRUIT_EXTRACT;SEASHELLS;5246;7
836000;SUBMISSION;;VELVETFRUIT_EXTRACT;SEASHELLS;5247;6
840400;SUBMISSION;;VELVETFRUIT_EXTRACT;SEASHELLS;5256;3
843100;SUBMISSION;;VELVETFRUIT_EXTRACT;SEASHELLS;5257;4
845500;SUBMISSION;;HYDROGEL_PACK;SEASHELLS;10018;6
847100;;SUBMISSION;HYDROGEL_PACK;SEASHELLS;10022;6
847200;SUBMISSION;;HYDROGEL_PACK;SEASHELLS;10028;5
847300;;SUBMISSION;HYDROGEL_PACK;SEASHELLS;10023;5
848900;SUBMISSION;;VEV_5300;SEASHELLS;52;5
849200;SUBMISSION;;VEV_4000;SEASHELLS;1261;2
850300;SUBMISSION;;VELVETFRUIT_EXTRACT;SEASHELLS;5261;7
851700;SUBMISSION;;VELVETFRUIT_EXTRACT;SEASHELLS;5262;6
852900;SUBMISSION;;VELVETFRUIT_EXTRACT;SEASHELLS;5266;7
853500;SUBMISSION;;HYDROGEL_PACK;SEASHELLS;10037;4
853600;;SUBMISSION;HYDROGEL_PACK;SEASHELLS;10030;4
853700;;SUBMISSION;VELVETFRUIT_EXTRACT;SEASHELLS;5270;17
853700;;SUBMISSION;VELVETFRUIT_EXTRACT;SEASHELLS;5269;13
853700;;SUBMISSION;VEV_4000;SEASHELLS;1262;7
853700;;SUBMISSION;VEV_4000;SEASHELLS;1259;6
853700;;SUBMISSION;VEV_5200;SEASHELLS;107;30
853900;;SUBMISSION;VELVETFRUIT_EXTRACT;SEASHELLS;5270;25
853900;;SUBMISSION;VELVETFRUIT_EXTRACT;SEASHELLS;5269;5
853900;;SUBMISSION;VEV_5200;SEASHELLS;107;6
853900;;SUBMISSION;VEV_5200;SEASHELLS;106;12
854000;;SUBMISSION;VELVETFRUIT_EXTRACT;SEASHELLS;5272;17
854000;;SUBMISSION;VELVETFRUIT_EXTRACT;SEASHELLS;5271;13
854000;;SUBMISSION;VEV_5200;SEASHELLS;108;30
854100;;SUBMISSION;VELVETFRUIT_EXTRACT;SEASHELLS;5272;25
854100;;SUBMISSION;VELVETFRUIT_EXTRACT;SEASHELLS;5271;5
854100;;SUBMISSION;VEV_5200;SEASHELLS;108;22
854200;;SUBMISSION;VELVETFRUIT_EXTRACT;SEASHELLS;5272;5
854200;;SUBMISSION;VEV_5200;SEASHELLS;108;29
854300;;SUBMISSION;VEV_5200;SEASHELLS;108;25
854300;;SUBMISSION;VEV_5300;SEASHELLS;55;15
854400;;SUBMISSION;VEV_5200;SEASHELLS;109;7
855500;SUBMISSION;;VEV_4000;SEASHELLS;1269;3
855600;;SUBMISSION;VEV_4000;SEASHELLS;1263;3
856600;SUBMISSION;;VELVETFRUIT_EXTRACT;SEASHELLS;5273;3
856700;;SUBMISSION;VELVETFRUIT_EXTRACT;SEASHELLS;5269;3
862900;SUBMISSION;;HYDROGEL_PACK;SEASHELLS;10043;6
863000;;SUBMISSION;HYDROGEL_PACK;SEASHELLS;10038;6
863300;SUBMISSION;;VELVETFRUIT_EXTRACT;SEASHELLS;5254;12
867100;SUBMISSION;;HYDROGEL_PACK;SEASHELLS;10045;5
867200;;SUBMISSION;HYDROGEL_PACK;SEASHELLS;10037;5
868700;SUBMISSION;;VELVETFRUIT_EXTRACT;SEASHELLS;5250;4
869600;SUBMISSION;;VELVETFRUIT_EXTRACT;SEASHELLS;5245;5
870100;SUBMISSION;;VEV_4000;SEASHELLS;1241;3
871500;SUBMISSION;;VELVETFRUIT_EXTRACT;SEASHELLS;5245;8
871700;SUBMISSION;;HYDROGEL_PACK;SEASHELLS;10033;5
871800;;SUBMISSION;HYDROGEL_PACK;SEASHELLS;10025;5
873600;SUBMISSION;;VELVETFRUIT_EXTRACT;SEASHELLS;5242;7
879700;SUBMISSION;;VELVETFRUIT_EXTRACT;SEASHELLS;5238;11
881400;SUBMISSION;;VEV_4000;SEASHELLS;1234;1
881800;SUBMISSION;;VELVETFRUIT_EXTRACT;SEASHELLS;5248;4
883800;SUBMISSION;;VELVETFRUIT_EXTRACT;SEASHELLS;5252;8
883900;SUBMISSION;;VELVETFRUIT_EXTRACT;SEASHELLS;5254;3
884200;SUBMISSION;;VELVETFRUIT_EXTRACT;SEASHELLS;5256;4
884600;SUBMISSION;;VELVETFRUIT_EXTRACT;SEASHELLS;5258;7
886300;SUBMISSION;;VEV_4000;SEASHELLS;1251;3
887800;SUBMISSION;;VELVETFRUIT_EXTRACT;SEASHELLS;5254;8
890200;SUBMISSION;;VELVETFRUIT_EXTRACT;SEASHELLS;5243;4
891000;SUBMISSION;;VELVETFRUIT_EXTRACT;SEASHELLS;5248;3
894300;SUBMISSION;;HYDROGEL_PACK;SEASHELLS;9988;6
894300;SUBMISSION;;VELVETFRUIT_EXTRACT;SEASHELLS;5253;10
896900;SUBMISSION;;VELVETFRUIT_EXTRACT;SEASHELLS;5247;11
898200;SUBMISSION;;HYDROGEL_PACK;SEASHELLS;9999;4
899700;SUBMISSION;;VELVETFRUIT_EXTRACT;SEASHELLS;5250;5
901400;SUBMISSION;;HYDROGEL_PACK;SEASHELLS;9995;4
901900;SUBMISSION;;VELVETFRUIT_EXTRACT;SEASHELLS;5255;3
905200;SUBMISSION;;VELVETFRUIT_EXTRACT;SEASHELLS;5259;6
907300;SUBMISSION;;VELVETFRUIT_EXTRACT;SEASHELLS;5254;4
910900;;SUBMISSION;HYDROGEL_PACK;SEASHELLS;10025;14
912000;SUBMISSION;;HYDROGEL_PACK;SEASHELLS;10036;6
912100;;SUBMISSION;HYDROGEL_PACK;SEASHELLS;10031;6
912600;SUBMISSION;;HYDROGEL_PACK;SEASHELLS;10033;2
912700;;SUBMISSION;HYDROGEL_PACK;SEASHELLS;10026;2
913100;SUBMISSION;;VELVETFRUIT_EXTRACT;SEASHELLS;5262;7
915200;SUBMISSION;;VEV_4000;SEASHELLS;1259;2
918500;SUBMISSION;;HYDROGEL_PACK;SEASHELLS;10015;6
919400;;SUBMISSION;VEV_4000;SEASHELLS;1270;2
919400;;SUBMISSION;VEV_4000;SEASHELLS;1260;7
920200;;SUBMISSION;VELVETFRUIT_EXTRACT;SEASHELLS;5270;16
920200;;SUBMISSION;VELVETFRUIT_EXTRACT;SEASHELLS;5269;14
921500;;SUBMISSION;VELVETFRUIT_EXTRACT;SEASHELLS;5270;18
921500;;SUBMISSION;VELVETFRUIT_EXTRACT;SEASHELLS;5269;12
921700;;SUBMISSION;VELVETFRUIT_EXTRACT;SEASHELLS;5271;30
921800;;SUBMISSION;VELVETFRUIT_EXTRACT;SEASHELLS;5270;16
921800;;SUBMISSION;VELVETFRUIT_EXTRACT;SEASHELLS;5269;14
921900;;SUBMISSION;VELVETFRUIT_EXTRACT;SEASHELLS;5274;10
921900;;SUBMISSION;VELVETFRUIT_EXTRACT;SEASHELLS;5271;4
923000;SUBMISSION;;VELVETFRUIT_EXTRACT;SEASHELLS;5274;6
923100;;SUBMISSION;VELVETFRUIT_EXTRACT;SEASHELLS;5271;6
924500;SUBMISSION;;HYDROGEL_PACK;SEASHELLS;10010;5
925400;SUBMISSION;;VEV_4000;SEASHELLS;1269;3
925500;;SUBMISSION;VEV_4000;SEASHELLS;1266;3
928000;SUBMISSION;;HYDROGEL_PACK;SEASHELLS;9998;2
929800;SUBMISSION;;HYDROGEL_PACK;SEASHELLS;9998;3
931200;SUBMISSION;;VELVETFRUIT_EXTRACT;SEASHELLS;5275;6
931300;;SUBMISSION;VELVETFRUIT_EXTRACT;SEASHELLS;5272;6
932100;SUBMISSION;;HYDROGEL_PACK;SEASHELLS;9996;3
934300;SUBMISSION;;HYDROGEL_PACK;SEASHELLS;10001;3
936500;SUBMISSION;;HYDROGEL_PACK;SEASHELLS;10001;6
936600;SUBMISSION;;VELVETFRUIT_EXTRACT;SEASHELLS;5266;7
936700;SUBMISSION;;HYDROGEL_PACK;SEASHELLS;10002;3
937700;SUBMISSION;;VEV_4000;SEASHELLS;1254;3
937800;SUBMISSION;;VELVETFRUIT_EXTRACT;SEASHELLS;5264;6
948500;SUBMISSION;;VEV_5300;SEASHELLS;46;4
949700;;SUBMISSION;HYDROGEL_PACK;SEASHELLS;10024;10
949700;;SUBMISSION;HYDROGEL_PACK;SEASHELLS;10022;20
950000;;SUBMISSION;HYDROGEL_PACK;SEASHELLS;10025;1
950300;SUBMISSION;;HYDROGEL_PACK;SEASHELLS;10026;5
951200;;SUBMISSION;HYDROGEL_PACK;SEASHELLS;10023;5
957800;SUBMISSION;;HYDROGEL_PACK;SEASHELLS;10003;6
960700;;SUBMISSION;HYDROGEL_PACK;SEASHELLS;10024;6
963300;SUBMISSION;;VELVETFRUIT_EXTRACT;SEASHELLS;5271;5
963500;SUBMISSION;;VELVETFRUIT_EXTRACT;SEASHELLS;5271;5
964000;SUBMISSION;;HYDROGEL_PACK;SEASHELLS;10026;3
964000;;SUBMISSION;VELVETFRUIT_EXTRACT;SEASHELLS;5271;17
964000;;SUBMISSION;VELVETFRUIT_EXTRACT;SEASHELLS;5270;6
964000;;SUBMISSION;VEV_4000;SEASHELLS;1263;3
964700;SUBMISSION;;HYDROGEL_PACK;SEASHELLS;10013;4
964700;;SUBMISSION;VEV_5300;SEASHELLS;56;4
965000;SUBMISSION;;VELVETFRUIT_EXTRACT;SEASHELLS;5276;4
965100;;SUBMISSION;VELVETFRUIT_EXTRACT;SEASHELLS;5273;4
966200;SUBMISSION;;VELVETFRUIT_EXTRACT;SEASHELLS;5272;7
966400;;SUBMISSION;VELVETFRUIT_EXTRACT;SEASHELLS;5271;7
968200;SUBMISSION;;VEV_4000;SEASHELLS;1267;1
970500;SUBMISSION;;HYDROGEL_PACK;SEASHELLS;9987;3
972800;SUBMISSION;;VELVETFRUIT_EXTRACT;SEASHELLS;5261;3
975400;SUBMISSION;;VELVETFRUIT_EXTRACT;SEASHELLS;5259;3
977600;SUBMISSION;;HYDROGEL_PACK;SEASHELLS;9992;2
979200;SUBMISSION;;HYDROGEL_PACK;SEASHELLS;10004;2
982900;SUBMISSION;;HYDROGEL_PACK;SEASHELLS;10003;6
985600;SUBMISSION;;VELVETFRUIT_EXTRACT;SEASHELLS;5252;14
986600;;SUBMISSION;HYDROGEL_PACK;SEASHELLS;10024;12
986600;;SUBMISSION;HYDROGEL_PACK;SEASHELLS;10021;8
988000;SUBMISSION;;HYDROGEL_PACK;SEASHELLS;10022;4
988100;SUBMISSION;;VEV_5200;SEASHELLS;95;5
988100;SUBMISSION;;VEV_5300;SEASHELLS;47;5
988400;SUBMISSION;;HYDROGEL_PACK;SEASHELLS;10022;6
989000;SUBMISSION;;HYDROGEL_PACK;SEASHELLS;10023;4
991500;SUBMISSION;;VELVETFRUIT_EXTRACT;SEASHELLS;5264;4
991600;SUBMISSION;;VELVETFRUIT_EXTRACT;SEASHELLS;5264;7
992100;;SUBMISSION;HYDROGEL_PACK;SEASHELLS;10024;12
992100;;SUBMISSION;HYDROGEL_PACK;SEASHELLS;10021;2
997300;SUBMISSION;;VEV_4000;SEASHELLS;1266;2
