timestamp;buyer;seller;symbol;currency;price;quantity
2500;;;VELVETFRUIT_EXTRACT;XIREC;5250.0;4
2900;SUBMISSION;;VEV_5400;XIREC;22.0;3
2900;SUBMISSION;;VEV_5500;XIREC;8.0;3
2900;;;VEV_6000;XIREC;0.0;3
2900;;;VEV_6500;XIREC;0.0;3
3400;SUBMISSION;;VELVETFRUIT_EXTRACT;XIREC;5247.0;19
3600;SUBMISSION;;VELVETFRUIT_EXTRACT;XIREC;5246.0;16
3800;SUBMISSION;;VELVETFRUIT_EXTRACT;XIREC;5243.0;11
3900;SUBMISSION;;VELVETFRUIT_EXTRACT;XIREC;5246.0;54
5200;;;VELVETFRUIT_EXTRACT;XIREC;5236.0;3
5500;;;VELVETFRUIT_EXTRACT;XIREC;5241.0;8
8000;;SUBMISSION;HYDROGEL_PACK;XIREC;10017.0;6
9000;SUBMISSION;;VEV_4000;XIREC;1227.0;2
9300;;;VELVETFRUIT_EXTRACT;XIREC;5229.0;6
9900;SUBMISSION;;VEV_5200;XIREC;94.0;29
9900;SUBMISSION;;VEV_5300;XIREC;48.0;22
9900;SUBMISSION;;VEV_5400;XIREC;20.0;9
9900;SUBMISSION;;VEV_5400;XIREC;21.0;13
9900;SUBMISSION;;VEV_5500;XIREC;8.0;22
10000;SUBMISSION;;VEV_5200;XIREC;93.0;21
10000;SUBMISSION;;VEV_5300;XIREC;47.0;28
10000;SUBMISSION;;VEV_5400;XIREC;20.0;28
10000;SUBMISSION;;VEV_5500;XIREC;8.0;28
10100;;SUBMISSION;HYDROGEL_PACK;XIREC;10013.0;5
10100;SUBMISSION;;VEV_5200;XIREC;92.0;28
10100;SUBMISSION;;VEV_5300;XIREC;47.0;20
10100;SUBMISSION;;VEV_5400;XIREC;20.0;20
10100;SUBMISSION;;VEV_5500;XIREC;8.0;20
10200;SUBMISSION;;VEV_5200;XIREC;93.0;17
10200;SUBMISSION;;VEV_5300;XIREC;47.0;20
10200;SUBMISSION;;VEV_5400;XIREC;20.0;20
10200;SUBMISSION;;VEV_5500;XIREC;8.0;20
10300;SUBMISSION;;VEV_5300;XIREC;47.0;5
10300;SUBMISSION;;VEV_5400;XIREC;20.0;2
10300;SUBMISSION;;VEV_5500;XIREC;8.0;2
11100;;SUBMISSION;VEV_4000;XIREC;1241.0;1
11900;;;VELVETFRUIT_EXTRACT;XIREC;5237.0;4
14000;;;VELVETFRUIT_EXTRACT;XIREC;5243.0;7
15200;;;VEV_5400;XIREC;21.0;5
15200;;;VEV_5500;XIREC;7.0;5
15200;;;VEV_6000;XIREC;0.0;5
15200;;;VEV_6500;XIREC;0.0;5
15300;;SUBMISSION;HYDROGEL_PACK;XIREC;10025.0;3
15400;SUBMISSION;;VEV_4000;XIREC;1237.0;3
15700;;;HYDROGEL_PACK;XIREC;10009.0;2
16400;;;HYDROGEL_PACK;XIREC;10009.0;4
16500;;SUBMISSION;VEV_5400;XIREC;21.0;7
16700;;SUBMISSION;VEV_5400;XIREC;21.0;6
17000;;;VELVETFRUIT_EXTRACT;XIREC;5239.0;6
17300;;SUBMISSION;VEV_5400;XIREC;21.0;9
18000;;SUBMISSION;VEV_5400;XIREC;20.0;20
18000;SUBMISSION;;VEV_5400;XIREC;21.0;20
18100;;SUBMISSION;VEV_5400;XIREC;20.0;17
18100;SUBMISSION;;VEV_5400;XIREC;21.0;17
18200;SUBMISSION;;VEV_5400;XIREC;21.0;18
18300;SUBMISSION;;VEV_5400;XIREC;21.0;4
18600;;SUBMISSION;VEV_4000;XIREC;1242.0;3
19900;;;VELVETFRUIT_EXTRACT;XIREC;5236.0;7
20300;;;HYDROGEL_PACK;XIREC;10002.0;5
20500;;;HYDROGEL_PACK;XIREC;10000.0;3
20700;;;VELVETFRUIT_EXTRACT;XIREC;5238.0;5
22500;;;VELVETFRUIT_EXTRACT;XIREC;5234.0;4
23200;;;VELVETFRUIT_EXTRACT;XIREC;5234.0;4
23300;;;HYDROGEL_PACK;XIREC;9997.0;2
24100;SUBMISSION;;HYDROGEL_PACK;XIREC;9995.0;5
24400;SUBMISSION;;VEV_4000;XIREC;1230.0;1
25800;;SUBMISSION;VEV_5500;XIREC;6.0;17
25800;SUBMISSION;;VEV_5500;XIREC;7.0;17
26000;;SUBMISSION;VEV_5500;XIREC;6.0;27
26000;SUBMISSION;;VEV_5500;XIREC;7.0;27
26100;;SUBMISSION;VEV_5500;XIREC;6.0;22
26100;SUBMISSION;;VEV_5500;XIREC;7.0;22
26100;;;VELVETFRUIT_EXTRACT;XIREC;5227.0;5
26200;;SUBMISSION;VEV_5500;XIREC;6.0;18
26200;SUBMISSION;;VEV_5500;XIREC;7.0;18
26300;;SUBMISSION;VEV_5500;XIREC;6.0;21
26300;SUBMISSION;;VEV_5500;XIREC;7.0;21
27300;;;VELVETFRUIT_EXTRACT;XIREC;5230.0;3
28400;SUBMISSION;;HYDROGEL_PACK;XIREC;9995.0;14
28400;;;VELVETFRUIT_EXTRACT;XIREC;5230.0;8
28500;SUBMISSION;;HYDROGEL_PACK;XIREC;9994.0;10
28500;;;HYDROGEL_PACK;XIREC;9994.0;5
28600;SUBMISSION;;HYDROGEL_PACK;XIREC;9991.0;12
28600;SUBMISSION;;HYDROGEL_PACK;XIREC;9994.0;29
28700;SUBMISSION;;HYDROGEL_PACK;XIREC;9992.0;13
28700;SUBMISSION;;HYDROGEL_PACK;XIREC;9995.0;24
28800;SUBMISSION;;HYDROGEL_PACK;XIREC;9991.0;7
29100;;;HYDROGEL_PACK;XIREC;9973.0;6
29300;;SUBMISSION;VEV_5500;XIREC;6.0;25
29300;SUBMISSION;;VEV_5500;XIREC;7.0;25
29800;;;VELVETFRUIT_EXTRACT;XIREC;5232.0;4
31700;;;VEV_5400;XIREC;18.0;5
31700;;;VEV_5500;XIREC;6.0;5
31700;;;VEV_6000;XIREC;0.0;5
31700;;;VEV_6500;XIREC;0.0;5
32400;;SUBMISSION;VEV_5500;XIREC;6.0;22
32400;SUBMISSION;;VEV_5500;XIREC;7.0;22
32500;;SUBMISSION;VEV_5500;XIREC;6.0;25
32500;SUBMISSION;;VEV_5500;XIREC;7.0;25
32600;;SUBMISSION;VEV_5500;XIREC;6.0;21
32600;SUBMISSION;;VEV_5500;XIREC;7.0;21
32700;;SUBMISSION;VEV_5400;XIREC;18.0;18
32700;SUBMISSION;;VEV_5400;XIREC;19.0;18
32700;;SUBMISSION;VEV_5500;XIREC;6.0;18
32700;SUBMISSION;;VEV_5500;XIREC;7.0;18
32800;;SUBMISSION;VEV_5400;XIREC;18.0;29
32800;SUBMISSION;;VEV_5400;XIREC;19.0;29
32800;;SUBMISSION;VEV_5500;XIREC;6.0;29
32800;SUBMISSION;;VEV_5500;XIREC;7.0;29
32900;;SUBMISSION;VEV_5400;XIREC;18.0;27
32900;SUBMISSION;;VEV_5400;XIREC;19.0;27
32900;;SUBMISSION;VEV_5500;XIREC;6.0;27
32900;SUBMISSION;;VEV_5500;XIREC;7.0;27
33000;;SUBMISSION;VEV_5400;XIREC;18.0;26
33000;SUBMISSION;;VEV_5400;XIREC;19.0;26
33000;;SUBMISSION;VEV_5500;XIREC;6.0;26
33000;SUBMISSION;;VEV_5500;XIREC;7.0;26
33100;;SUBMISSION;VEV_5500;XIREC;6.0;25
33100;SUBMISSION;;VEV_5500;XIREC;7.0;25
33200;;SUBMISSION;VEV_5500;XIREC;6.0;27
33200;SUBMISSION;;VEV_5500;XIREC;7.0;27
33300;;SUBMISSION;VEV_5500;XIREC;6.0;19
33300;SUBMISSION;;VEV_5500;XIREC;7.0;19
33300;;;VELVETFRUIT_EXTRACT;XIREC;5233.0;6
33400;;SUBMISSION;VEV_5500;XIREC;6.0;29
33400;SUBMISSION;;VEV_5500;XIREC;7.0;29
33500;;SUBMISSION;VEV_5500;XIREC;6.0;22
33500;SUBMISSION;;VEV_5500;XIREC;7.0;22
33600;;SUBMISSION;VEV_5500;XIREC;6.0;28
33600;SUBMISSION;;VEV_5500;XIREC;7.0;28
33700;;SUBMISSION;VEV_5500;XIREC;6.0;20
33700;SUBMISSION;;VEV_5500;XIREC;7.0;20
33800;;SUBMISSION;VEV_5500;XIREC;6.0;22
33800;SUBMISSION;;VEV_5500;XIREC;7.0;22
33900;;SUBMISSION;VEV_5400;XIREC;18.0;19
33900;SUBMISSION;;VEV_5400;XIREC;19.0;19
33900;;SUBMISSION;VEV_5500;XIREC;6.0;19
33900;SUBMISSION;;VEV_5500;XIREC;7.0;19
34000;;SUBMISSION;VEV_5400;XIREC;18.0;22
34000;SUBMISSION;;VEV_5400;XIREC;19.0;22
34000;;SUBMISSION;VEV_5500;XIREC;6.0;22
34000;SUBMISSION;;VEV_5500;XIREC;7.0;22
34100;;SUBMISSION;VEV_5400;XIREC;18.0;17
34100;SUBMISSION;;VEV_5400;XIREC;19.0;17
34100;;SUBMISSION;VEV_5500;XIREC;6.0;17
34100;SUBMISSION;;VEV_5500;XIREC;7.0;17
34200;;SUBMISSION;VEV_5400;XIREC;18.0;22
34200;SUBMISSION;;VEV_5400;XIREC;19.0;22
34200;;SUBMISSION;VEV_5500;XIREC;6.0;22
34200;SUBMISSION;;VEV_5500;XIREC;7.0;22
34300;;SUBMISSION;VEV_5400;XIREC;18.0;17
34300;SUBMISSION;;VEV_5400;XIREC;19.0;17
34300;;SUBMISSION;VEV_5500;XIREC;6.0;17
34300;SUBMISSION;;VEV_5500;XIREC;7.0;17
34400;;SUBMISSION;VEV_5400;XIREC;18.0;22
34400;SUBMISSION;;VEV_5400;XIREC;19.0;22
34400;;SUBMISSION;VEV_5500;XIREC;6.0;22
34400;SUBMISSION;;VEV_5500;XIREC;7.0;22
34500;;SUBMISSION;VEV_5400;XIREC;18.0;21
34500;SUBMISSION;;VEV_5400;XIREC;19.0;21
34500;;SUBMISSION;VEV_5500;XIREC;6.0;21
34500;SUBMISSION;;VEV_5500;XIREC;7.0;21
34600;;SUBMISSION;VEV_5400;XIREC;18.0;16
34600;SUBMISSION;;VEV_5400;XIREC;19.0;16
34600;;SUBMISSION;VEV_5500;XIREC;6.0;16
34600;SUBMISSION;;VEV_5500;XIREC;7.0;16
34700;;SUBMISSION;VEV_5400;XIREC;18.0;26
34700;SUBMISSION;;VEV_5400;XIREC;19.0;26
34700;;SUBMISSION;VEV_5500;XIREC;6.0;26
34700;SUBMISSION;;VEV_5500;XIREC;7.0;26
35000;;SUBMISSION;VEV_5500;XIREC;6.0;22
35000;SUBMISSION;;VEV_5500;XIREC;7.0;22
35100;;SUBMISSION;VEV_5500;XIREC;6.0;16
35100;SUBMISSION;;VEV_5500;XIREC;7.0;16
35200;;SUBMISSION;VEV_5500;XIREC;6.0;23
35200;SUBMISSION;;VEV_5500;XIREC;7.0;23
35300;;SUBMISSION;VEV_5500;XIREC;6.0;18
35300;SUBMISSION;;VEV_5500;XIREC;7.0;18
35900;;SUBMISSION;VEV_5500;XIREC;7.0;7
36000;SUBMISSION;;VEV_5500;XIREC;8.0;7
36200;;SUBMISSION;VEV_5400;XIREC;19.0;10
36200;SUBMISSION;;VEV_5400;XIREC;20.0;10
36500;;;VELVETFRUIT_EXTRACT;XIREC;5229.0;7
36600;;SUBMISSION;VEV_5500;XIREC;6.0;20
36600;SUBMISSION;;VEV_5500;XIREC;7.0;20
36700;;SUBMISSION;VEV_5500;XIREC;6.0;23
36700;SUBMISSION;;VEV_5500;XIREC;7.0;23
36800;;;VELVETFRUIT_EXTRACT;XIREC;5228.0;7
37300;;;VELVETFRUIT_EXTRACT;XIREC;5231.0;5
38200;;SUBMISSION;VEV_5500;XIREC;7.0;6
38200;;;VELVETFRUIT_EXTRACT;XIREC;5232.0;5
38300;SUBMISSION;;VEV_5500;XIREC;8.0;6
38400;;;VELVETFRUIT_EXTRACT;XIREC;5235.0;3
38500;;SUBMISSION;VEV_5500;XIREC;6.0;25
38500;SUBMISSION;;VEV_5500;XIREC;7.0;25
38600;;SUBMISSION;VEV_5500;XIREC;6.0;22
38600;SUBMISSION;;VEV_5500;XIREC;7.0;22
38700;;;VELVETFRUIT_EXTRACT;XIREC;5236.0;6
39500;;SUBMISSION;VEV_5500;XIREC;6.0;17
39500;SUBMISSION;;VEV_5500;XIREC;7.0;17
39600;;SUBMISSION;VEV_5500;XIREC;6.0;21
39600;SUBMISSION;;VEV_5500;XIREC;7.0;21
39900;;SUBMISSION;VEV_5400;XIREC;19.0;8
39900;SUBMISSION;;VEV_5400;XIREC;20.0;8
39900;;;VELVETFRUIT_EXTRACT;XIREC;5230.0;8
40300;;SUBMISSION;VEV_5500;XIREC;7.0;7
40400;;SUBMISSION;VEV_5500;XIREC;7.0;8
40500;SUBMISSION;;VEV_5500;XIREC;8.0;15
40500;;;VELVETFRUIT_EXTRACT;XIREC;5232.0;7
40800;;SUBMISSION;VEV_5500;XIREC;6.0;28
40800;SUBMISSION;;VEV_5500;XIREC;7.0;25
40900;;SUBMISSION;VEV_5500;XIREC;6.0;23
40900;SUBMISSION;;VEV_5500;XIREC;7.0;23
41000;SUBMISSION;;VEV_5500;XIREC;8.0;3
41500;;SUBMISSION;VEV_4000;XIREC;1237.0;1
41800;;SUBMISSION;VEV_5400;XIREC;18.0;21
41800;SUBMISSION;;VEV_5400;XIREC;19.0;21
41800;;SUBMISSION;VEV_5500;XIREC;6.0;21
41800;SUBMISSION;;VEV_5500;XIREC;7.0;21
41900;;SUBMISSION;VEV_5400;XIREC;18.0;21
41900;SUBMISSION;;VEV_5400;XIREC;19.0;21
42000;;SUBMISSION;VEV_5400;XIREC;18.0;18
42000;SUBMISSION;;VEV_5400;XIREC;19.0;18
42000;;SUBMISSION;VEV_5500;XIREC;6.0;18
42000;SUBMISSION;;VEV_5500;XIREC;7.0;18
42100;;SUBMISSION;VEV_5500;XIREC;7.0;8
42200;;SUBMISSION;VEV_5500;XIREC;7.0;10
42300;;SUBMISSION;VEV_5500;XIREC;7.0;10
42400;SUBMISSION;;VEV_5500;XIREC;8.0;20
42500;SUBMISSION;;VEV_5500;XIREC;8.0;8
43400;;SUBMISSION;VEV_5400;XIREC;19.0;9
43400;SUBMISSION;;VEV_5400;XIREC;20.0;9
43600;;SUBMISSION;VEV_5400;XIREC;19.0;9
43600;SUBMISSION;;VEV_5400;XIREC;20.0;9
43900;;SUBMISSION;VEV_5500;XIREC;7.0;5
44100;;SUBMISSION;VEV_5400;XIREC;19.0;9
44100;SUBMISSION;;VEV_5400;XIREC;20.0;9
44500;;SUBMISSION;VEV_5400;XIREC;19.0;9
44500;SUBMISSION;;VEV_5400;XIREC;20.0;9
44700;;SUBMISSION;VEV_5500;XIREC;7.0;7
45100;;;VEV_5400;XIREC;19.0;2
45100;;;VEV_5500;XIREC;7.0;2
45100;;;VEV_6000;XIREC;0.0;2
45100;;;VEV_6500;XIREC;0.0;2
45800;;;HYDROGEL_PACK;XIREC;9978.0;2
46300;;SUBMISSION;VEV_5400;XIREC;20.0;28
46400;;SUBMISSION;VEV_5400;XIREC;20.0;9
46500;;SUBMISSION;VEV_5400;XIREC;20.0;18
46600;;SUBMISSION;VEV_5400;XIREC;20.0;22
47900;;;VELVETFRUIT_EXTRACT;XIREC;5234.0;4
48000;SUBMISSION;;VEV_5400;XIREC;20.0;23
48200;SUBMISSION;;VEV_5400;XIREC;20.0;24
48300;SUBMISSION;;VEV_5400;XIREC;20.0;24
48400;SUBMISSION;;VEV_5400;XIREC;20.0;6
49900;;SUBMISSION;VEV_5400;XIREC;20.0;20
50000;;SUBMISSION;VEV_5400;XIREC;20.0;5
50100;;SUBMISSION;VEV_5400;XIREC;20.0;24
50200;;SUBMISSION;VEV_5400;XIREC;20.0;20
53200;SUBMISSION;;VEV_5400;XIREC;20.0;10
53200;SUBMISSION;;VEV_5400;XIREC;21.0;16
54000;;SUBMISSION;VEV_5400;XIREC;20.0;24
54300;;;VELVETFRUIT_EXTRACT;XIREC;5239.0;4
54600;;;HYDROGEL_PACK;XIREC;9987.0;3
54900;;SUBMISSION;VELVETFRUIT_EXTRACT;XIREC;5240.0;4
55000;SUBMISSION;;VELVETFRUIT_EXTRACT;XIREC;5237.0;4
55000;;;HYDROGEL_PACK;XIREC;9987.0;6
56300;;SUBMISSION;VEV_5500;XIREC;8.0;25
56400;;SUBMISSION;VEV_5500;XIREC;8.0;27
56500;;SUBMISSION;VEV_5500;XIREC;8.0;25
56700;;;HYDROGEL_PACK;XIREC;9991.0;6
57500;;SUBMISSION;VELVETFRUIT_EXTRACT;XIREC;5245.0;4
57900;SUBMISSION;;VEV_4000;XIREC;1237.0;1
60000;;;HYDROGEL_PACK;XIREC;9988.0;4
61900;;SUBMISSION;VELVETFRUIT_EXTRACT;XIREC;5241.0;5
62200;SUBMISSION;;VEV_5400;XIREC;21.0;28
62300;;SUBMISSION;VEV_5400;XIREC;20.0;9
62400;SUBMISSION;;VEV_4000;XIREC;1234.0;2
62400;;SUBMISSION;VEV_5400;XIREC;20.0;25
62500;SUBMISSION;;VEV_5400;XIREC;21.0;30
62600;;SUBMISSION;VEV_5400;XIREC;20.0;17
62700;;SUBMISSION;VEV_5400;XIREC;20.0;19
62800;SUBMISSION;;VEV_5400;XIREC;21.0;18
62900;SUBMISSION;;VEV_5400;XIREC;21.0;20
63000;SUBMISSION;;VEV_5400;XIREC;21.0;27
63100;;SUBMISSION;VEV_5400;XIREC;20.0;26
63200;;SUBMISSION;VEV_5400;XIREC;20.0;25
63300;;SUBMISSION;VEV_5400;XIREC;20.0;27
63500;SUBMISSION;;VEV_5400;XIREC;21.0;19
63900;;;HYDROGEL_PACK;XIREC;9986.0;5
64200;SUBMISSION;;VEV_5400;XIREC;21.0;16
64300;SUBMISSION;;VEV_5400;XIREC;21.0;27
64400;SUBMISSION;;VELVETFRUIT_EXTRACT;XIREC;5237.0;9
64400;SUBMISSION;;VEV_5400;XIREC;20.0;22
64500;SUBMISSION;;VEV_5400;XIREC;20.0;8
65100;;SUBMISSION;VEV_5400;XIREC;19.0;5
65100;SUBMISSION;;VEV_5400;XIREC;20.0;5
65600;;;VELVETFRUIT_EXTRACT;XIREC;5238.0;8
66700;;SUBMISSION;VEV_5400;XIREC;20.0;19
66800;;SUBMISSION;VEV_5400;XIREC;20.0;7
66900;;SUBMISSION;VEV_5400;XIREC;20.0;29
67000;SUBMISSION;;VEV_5400;XIREC;21.0;15
67100;SUBMISSION;;VEV_5400;XIREC;21.0;18
67200;SUBMISSION;;VEV_5400;XIREC;21.0;16
67300;SUBMISSION;;VEV_5400;XIREC;20.0;6
67600;;;HYDROGEL_PACK;XIREC;9993.0;5
68200;;SUBMISSION;VEV_5400;XIREC;19.0;8
68200;SUBMISSION;;VEV_5400;XIREC;20.0;8
68400;SUBMISSION;;VEV_5500;XIREC;7.0;5
68400;SUBMISSION;;VEV_5500;XIREC;8.0;17
68400;;;VEV_6000;XIREC;0.0;5
68400;;;VEV_6500;XIREC;0.0;5
68900;;SUBMISSION;VEV_5400;XIREC;20.0;25
69000;;SUBMISSION;VEV_5400;XIREC;20.0;27
69100;;SUBMISSION;VEV_5400;XIREC;20.0;20
69200;;;VELVETFRUIT_EXTRACT;XIREC;5239.0;8
69500;SUBMISSION;;VEV_5400;XIREC;20.0;5
69500;;;VEV_5300;XIREC;48.0;5
69500;;;VEV_5500;XIREC;7.0;5
69500;;;VEV_6000;XIREC;0.0;5
69500;;;VEV_6500;XIREC;0.0;5
73000;;;HYDROGEL_PACK;XIREC;9980.0;3
75300;;SUBMISSION;VEV_4000;XIREC;1248.0;3
75500;;SUBMISSION;VELVETFRUIT_EXTRACT;XIREC;5242.0;6
75800;SUBMISSION;;VELVETFRUIT_EXTRACT;XIREC;5240.0;3
76300;;SUBMISSION;VELVETFRUIT_EXTRACT;XIREC;5246.0;8
77800;;;HYDROGEL_PACK;XIREC;9990.0;2
79000;SUBMISSION;;VEV_4000;XIREC;1240.0;2
79800;;SUBMISSION;VEV_4000;XIREC;1255.0;1
79800;;;VELVETFRUIT_EXTRACT;XIREC;5247.0;6
79900;;SUBMISSION;VEV_4000;XIREC;1256.0;2
81700;;SUBMISSION;VEV_4000;XIREC;1259.0;1
85200;SUBMISSION;;VEV_5500;XIREC;8.0;9
85200;SUBMISSION;;VEV_5500;XIREC;9.0;15
85300;;SUBMISSION;VELVETFRUIT_EXTRACT;XIREC;5244.0;6
85400;SUBMISSION;;VEV_5500;XIREC;8.0;26
85500;SUBMISSION;;VEV_5500;XIREC;8.0;17
85800;SUBMISSION;;VELVETFRUIT_EXTRACT;XIREC;5239.0;4
86300;;SUBMISSION;VELVETFRUIT_EXTRACT;XIREC;5243.0;7
86800;;SUBMISSION;VELVETFRUIT_EXTRACT;XIREC;5244.0;6
87400;SUBMISSION;;VEV_5400;XIREC;20.0;3
87400;;;VEV_5300;XIREC;47.0;3
87400;;;VEV_5500;XIREC;7.0;3
87400;;;VEV_6000;XIREC;0.0;3
87400;;;VEV_6500;XIREC;0.0;3
87700;SUBMISSION;;VEV_5400;XIREC;21.0;20
87800;SUBMISSION;;VELVETFRUIT_EXTRACT;XIREC;5238.0;21
87800;SUBMISSION;;VELVETFRUIT_EXTRACT;XIREC;5239.0;5
87800;SUBMISSION;;VEV_5400;XIREC;20.0;5
87800;SUBMISSION;;VEV_5400;XIREC;21.0;20
87900;SUBMISSION;;VEV_5400;XIREC;20.0;19
88000;;SUBMISSION;VEV_4000;XIREC;1242.0;1
88900;;;VEV_5500;XIREC;7.0;4
88900;;;VEV_6000;XIREC;0.0;4
88900;;;VEV_6500;XIREC;0.0;4
89300;;;VELVETFRUIT_EXTRACT;XIREC;5237.0;5
90000;;;HYDROGEL_PACK;XIREC;9950.0;6
92600;;;VELVETFRUIT_EXTRACT;XIREC;5232.0;5
92900;;SUBMISSION;VEV_5500;XIREC;7.0;10
92900;SUBMISSION;;VEV_5500;XIREC;8.0;10
93200;;;HYDROGEL_PACK;XIREC;9948.0;6
94600;;;HYDROGEL_PACK;XIREC;9931.0;3
94900;;;HYDROGEL_PACK;XIREC;9934.0;4
96800;;;HYDROGEL_PACK;XIREC;9940.0;2
98200;;SUBMISSION;VEV_4000;XIREC;1241.0;3
99100;;SUBMISSION;VEV_4000;XIREC;1246.0;1
100000;;SUBMISSION;VELVETFRUIT_EXTRACT;XIREC;5240.0;4
100900;SUBMISSION;;VELVETFRUIT_EXTRACT;XIREC;5237.0;4
101800;;SUBMISSION;VELVETFRUIT_EXTRACT;XIREC;5240.0;4
102000;SUBMISSION;;VELVETFRUIT_EXTRACT;XIREC;5236.0;4
102200;;;HYDROGEL_PACK;XIREC;9946.0;5
102600;;;VELVETFRUIT_EXTRACT;XIREC;5236.0;4
104800;;;VELVETFRUIT_EXTRACT;XIREC;5235.0;6
105100;;;HYDROGEL_PACK;XIREC;9943.0;4
105600;;;VELVETFRUIT_EXTRACT;XIREC;5235.0;12
106100;;;HYDROGEL_PACK;XIREC;9943.0;6
107600;;SUBMISSION;VEV_5500;XIREC;7.0;9
107600;SUBMISSION;;VEV_5500;XIREC;8.0;9
108100;;SUBMISSION;VEV_5500;XIREC;7.0;5
108100;SUBMISSION;;VEV_5500;XIREC;8.0;5
108200;;SUBMISSION;VEV_5500;XIREC;7.0;7
108200;SUBMISSION;;VEV_5500;XIREC;8.0;7
108600;;SUBMISSION;VEV_5500;XIREC;6.0;19
108600;SUBMISSION;;VEV_5500;XIREC;7.0;19
108800;;SUBMISSION;VEV_5500;XIREC;6.0;24
108800;SUBMISSION;;VEV_5500;XIREC;7.0;24
108800;;;HYDROGEL_PACK;XIREC;9949.0;2
109000;;SUBMISSION;VEV_5500;XIREC;6.0;16
109000;SUBMISSION;;VEV_5500;XIREC;7.0;16
109100;;SUBMISSION;VEV_5500;XIREC;6.0;17
109100;SUBMISSION;;VEV_5500;XIREC;7.0;17
109300;SUBMISSION;;VEV_4000;XIREC;1221.0;1
109500;;;HYDROGEL_PACK;XIREC;9926.0;2
109700;;;VEV_5300;XIREC;41.0;4
109700;;;VEV_5400;XIREC;17.0;4
109700;;;VEV_5500;XIREC;6.0;4
109700;;;VEV_6000;XIREC;0.0;4
109700;;;VEV_6500;XIREC;0.0;4
110100;;SUBMISSION;VEV_5500;XIREC;6.0;23
110100;SUBMISSION;;VEV_5500;XIREC;7.0;23
110200;;SUBMISSION;VEV_5500;XIREC;6.0;23
110200;SUBMISSION;;VEV_5500;XIREC;7.0;23
110200;;;VELVETFRUIT_EXTRACT;XIREC;5224.0;5
110300;;SUBMISSION;VEV_5500;XIREC;6.0;23
110300;SUBMISSION;;VEV_5500;XIREC;7.0;23
110400;;SUBMISSION;VEV_5500;XIREC;6.0;19
110400;SUBMISSION;;VEV_5500;XIREC;7.0;19
110500;;SUBMISSION;VEV_5500;XIREC;6.0;21
110500;SUBMISSION;;VEV_5500;XIREC;7.0;21
110600;;SUBMISSION;VEV_5500;XIREC;6.0;20
110600;SUBMISSION;;VEV_5500;XIREC;7.0;20
110600;;;VEV_5300;XIREC;41.0;3
110600;;;VEV_5400;XIREC;17.0;3
110600;;;VEV_5500;XIREC;6.0;3
110600;;;VEV_6000;XIREC;0.0;3
110600;;;VEV_6500;XIREC;0.0;3
110700;;SUBMISSION;VEV_5500;XIREC;6.0;21
110700;SUBMISSION;;VEV_5500;XIREC;7.0;21
110800;;SUBMISSION;VEV_5500;XIREC;6.0;29
110800;SUBMISSION;;VEV_5500;XIREC;7.0;29
110900;;SUBMISSION;VEV_5500;XIREC;6.0;23
110900;SUBMISSION;;VEV_5500;XIREC;7.0;23
111000;;SUBMISSION;VEV_5500;XIREC;6.0;27
111000;SUBMISSION;;VEV_5500;XIREC;7.0;27
111100;;SUBMISSION;VEV_5500;XIREC;6.0;19
111100;SUBMISSION;;VEV_5500;XIREC;7.0;19
111200;;SUBMISSION;VEV_5500;XIREC;6.0;20
111200;SUBMISSION;;VEV_5500;XIREC;7.0;20
111300;;SUBMISSION;VEV_5500;XIREC;6.0;17
111300;SUBMISSION;;VEV_5500;XIREC;7.0;17
111400;;SUBMISSION;VEV_5500;XIREC;6.0;18
111400;SUBMISSION;;VEV_5500;XIREC;7.0;18
111500;;SUBMISSION;VEV_5500;XIREC;6.0;20
111500;SUBMISSION;;VEV_5500;XIREC;7.0;20
111600;;SUBMISSION;VEV_5400;XIREC;17.0;8
111600;SUBMISSION;;VEV_5400;XIREC;18.0;8
111600;;SUBMISSION;VEV_5500;XIREC;6.0;28
111600;SUBMISSION;;VEV_5500;XIREC;7.0;28
111700;;SUBMISSION;VEV_5500;XIREC;6.0;28
111700;SUBMISSION;;VEV_5500;XIREC;7.0;28
111800;;SUBMISSION;VEV_5500;XIREC;6.0;19
111800;SUBMISSION;;VEV_5500;XIREC;7.0;19
111900;;SUBMISSION;VEV_5500;XIREC;6.0;25
111900;SUBMISSION;;VEV_5500;XIREC;7.0;25
112000;;SUBMISSION;VEV_5500;XIREC;6.0;26
112000;SUBMISSION;;VEV_5500;XIREC;7.0;26
112100;;SUBMISSION;VEV_5500;XIREC;6.0;28
112100;SUBMISSION;;VEV_5500;XIREC;7.0;28
112200;;SUBMISSION;VEV_5500;XIREC;6.0;20
112200;SUBMISSION;;VEV_5500;XIREC;7.0;20
112300;;SUBMISSION;VEV_5500;XIREC;6.0;28
112300;SUBMISSION;;VEV_5500;XIREC;7.0;28
112400;;SUBMISSION;VEV_5500;XIREC;6.0;15
112400;SUBMISSION;;VEV_5500;XIREC;7.0;15
112500;;SUBMISSION;VEV_5500;XIREC;6.0;25
112500;SUBMISSION;;VEV_5500;XIREC;7.0;25
112600;;SUBMISSION;VEV_5400;XIREC;16.0;25
112600;SUBMISSION;;VEV_5400;XIREC;17.0;25
112600;;SUBMISSION;VEV_5500;XIREC;6.0;25
112600;SUBMISSION;;VEV_5500;XIREC;7.0;25
112700;;SUBMISSION;VEV_5500;XIREC;6.0;15
112700;SUBMISSION;;VEV_5500;XIREC;7.0;15
112800;;SUBMISSION;VEV_5500;XIREC;6.0;27
112800;SUBMISSION;;VEV_5500;XIREC;7.0;27
112900;;SUBMISSION;VEV_5500;XIREC;6.0;20
112900;SUBMISSION;;VEV_5500;XIREC;7.0;20
112900;;;VELVETFRUIT_EXTRACT;XIREC;5224.0;5
113000;;SUBMISSION;VEV_5500;XIREC;6.0;25
113000;SUBMISSION;;VEV_5500;XIREC;7.0;25
113100;;SUBMISSION;VEV_5500;XIREC;6.0;27
113100;SUBMISSION;;VEV_5500;XIREC;7.0;27
113200;;SUBMISSION;VEV_5500;XIREC;6.0;31
113200;SUBMISSION;;VEV_5500;XIREC;7.0;27
113300;;SUBMISSION;VEV_5500;XIREC;6.0;28
113300;SUBMISSION;;VEV_5500;XIREC;7.0;28
113400;;SUBMISSION;VEV_5500;XIREC;6.0;22
113400;SUBMISSION;;VEV_5500;XIREC;7.0;22
113500;;SUBMISSION;VEV_5500;XIREC;6.0;18
113500;SUBMISSION;;VEV_5500;XIREC;7.0;18
113600;;SUBMISSION;VEV_5500;XIREC;6.0;26
113600;SUBMISSION;;VEV_5500;XIREC;7.0;26
113700;;SUBMISSION;VEV_5500;XIREC;6.0;25
113700;SUBMISSION;;VEV_5500;XIREC;7.0;25
113800;;SUBMISSION;VEV_5500;XIREC;6.0;28
113800;SUBMISSION;;VEV_5500;XIREC;7.0;28
113900;;SUBMISSION;VEV_5500;XIREC;6.0;16
113900;SUBMISSION;;VEV_5500;XIREC;7.0;16
114000;;SUBMISSION;VEV_5500;XIREC;6.0;25
114000;SUBMISSION;;VEV_5500;XIREC;7.0;25
114100;;SUBMISSION;VEV_5500;XIREC;6.0;25
114100;SUBMISSION;;VEV_5500;XIREC;7.0;25
114200;;SUBMISSION;VEV_5500;XIREC;6.0;21
114200;SUBMISSION;;VEV_5500;XIREC;7.0;19
114300;;SUBMISSION;VEV_5500;XIREC;6.0;21
114300;SUBMISSION;;VEV_5500;XIREC;7.0;21
114400;;SUBMISSION;VEV_5500;XIREC;6.0;22
114400;SUBMISSION;;VEV_5500;XIREC;7.0;22
114500;;SUBMISSION;VEV_5500;XIREC;6.0;20
114500;SUBMISSION;;VEV_5500;XIREC;7.0;20
114600;;SUBMISSION;VEV_5500;XIREC;6.0;23
114600;SUBMISSION;;VEV_5500;XIREC;7.0;23
114700;;SUBMISSION;VEV_5500;XIREC;6.0;26
114700;SUBMISSION;;VEV_5500;XIREC;7.0;26
114800;;SUBMISSION;VEV_5500;XIREC;6.0;19
114800;SUBMISSION;;VEV_5500;XIREC;7.0;19
114900;;SUBMISSION;VEV_5500;XIREC;6.0;15
114900;SUBMISSION;;VEV_5500;XIREC;7.0;15
115000;;SUBMISSION;VEV_5500;XIREC;6.0;23
115000;SUBMISSION;;VEV_5500;XIREC;7.0;23
115100;;SUBMISSION;VEV_5500;XIREC;6.0;20
115100;SUBMISSION;;VEV_5500;XIREC;7.0;20
115200;;SUBMISSION;VEV_5500;XIREC;6.0;24
115200;SUBMISSION;;VEV_5500;XIREC;7.0;24
115300;;SUBMISSION;VEV_5500;XIREC;6.0;17
115300;SUBMISSION;;VEV_5500;XIREC;7.0;17
115400;;SUBMISSION;VEV_5500;XIREC;6.0;25
115400;SUBMISSION;;VEV_5500;XIREC;7.0;25
115500;;SUBMISSION;VEV_5500;XIREC;6.0;7
115500;SUBMISSION;;VEV_5500;XIREC;7.0;13
115600;;SUBMISSION;VEV_5500;XIREC;6.0;24
115600;SUBMISSION;;VEV_5500;XIREC;7.0;24
116000;SUBMISSION;;VEV_4000;XIREC;1211.0;1
116300;;;HYDROGEL_PACK;XIREC;9929.0;5
116400;;SUBMISSION;VEV_5500;XIREC;6.0;28
116400;SUBMISSION;;VEV_5500;XIREC;7.0;28
116700;;SUBMISSION;VEV_5500;XIREC;6.0;25
116700;SUBMISSION;;VEV_5500;XIREC;7.0;25
116800;;SUBMISSION;VEV_5500;XIREC;6.0;23
116800;SUBMISSION;;VEV_5500;XIREC;7.0;23
116900;;SUBMISSION;VEV_5500;XIREC;6.0;24
116900;SUBMISSION;;VEV_5500;XIREC;7.0;24
117000;;SUBMISSION;VEV_5500;XIREC;6.0;29
117000;SUBMISSION;;VEV_5500;XIREC;7.0;29
117100;;SUBMISSION;VEV_5500;XIREC;6.0;19
117100;SUBMISSION;;VEV_5500;XIREC;7.0;19
117200;;SUBMISSION;VEV_5500;XIREC;6.0;17
117200;SUBMISSION;;VEV_5500;XIREC;7.0;17
117300;;SUBMISSION;VEV_5500;XIREC;6.0;18
117300;SUBMISSION;;VEV_5500;XIREC;7.0;18
117400;;SUBMISSION;VEV_5500;XIREC;6.0;26
117400;SUBMISSION;;VEV_5500;XIREC;7.0;26
117500;;SUBMISSION;VEV_5500;XIREC;6.0;28
117500;SUBMISSION;;VEV_5500;XIREC;7.0;28
117600;;SUBMISSION;VEV_5500;XIREC;6.0;24
117600;SUBMISSION;;VEV_5500;XIREC;7.0;24
117700;;SUBMISSION;VEV_5500;XIREC;6.0;22
117700;SUBMISSION;;VEV_5500;XIREC;7.0;22
117700;;;VELVETFRUIT_EXTRACT;XIREC;5223.0;8
117800;;SUBMISSION;VEV_5500;XIREC;6.0;19
117800;SUBMISSION;;VEV_5500;XIREC;7.0;19
117900;;SUBMISSION;VEV_5500;XIREC;6.0;22
117900;SUBMISSION;;VEV_5500;XIREC;7.0;22
118000;;SUBMISSION;VEV_5500;XIREC;6.0;20
118000;SUBMISSION;;VEV_5500;XIREC;7.0;20
118100;;SUBMISSION;VEV_5500;XIREC;6.0;19
118100;SUBMISSION;;VEV_5500;XIREC;7.0;19
118200;;SUBMISSION;VEV_5500;XIREC;6.0;22
118200;SUBMISSION;;VEV_5500;XIREC;7.0;22
118300;;SUBMISSION;VEV_5500;XIREC;6.0;16
118300;SUBMISSION;;VEV_5500;XIREC;7.0;16
118400;;SUBMISSION;VEV_5500;XIREC;6.0;25
118400;SUBMISSION;;VEV_5500;XIREC;7.0;25
118500;;SUBMISSION;VEV_5500;XIREC;6.0;17
118500;SUBMISSION;;VEV_5500;XIREC;7.0;17
118600;;SUBMISSION;VEV_5500;XIREC;6.0;19
118600;SUBMISSION;;VEV_5500;XIREC;7.0;19
118700;;SUBMISSION;VEV_5500;XIREC;6.0;22
118700;SUBMISSION;;VEV_5500;XIREC;7.0;22
118800;;SUBMISSION;VEV_5500;XIREC;6.0;23
118800;SUBMISSION;;VEV_5500;XIREC;7.0;23
118900;;SUBMISSION;VEV_5500;XIREC;6.0;16
118900;SUBMISSION;;VEV_5500;XIREC;7.0;16
119000;;SUBMISSION;VEV_5500;XIREC;6.0;19
119000;SUBMISSION;;VEV_5500;XIREC;7.0;19
119100;;SUBMISSION;VEV_5500;XIREC;6.0;25
119100;SUBMISSION;;VEV_5500;XIREC;7.0;25
119200;;SUBMISSION;VEV_5500;XIREC;6.0;25
119200;SUBMISSION;;VEV_5500;XIREC;7.0;25
119300;;SUBMISSION;VEV_5500;XIREC;6.0;24
119300;SUBMISSION;;VEV_5500;XIREC;7.0;24
119400;;SUBMISSION;VEV_5500;XIREC;6.0;26
119400;SUBMISSION;;VEV_5500;XIREC;7.0;26
119500;;SUBMISSION;VEV_5500;XIREC;6.0;26
119500;SUBMISSION;;VEV_5500;XIREC;7.0;26
119600;;SUBMISSION;VEV_5500;XIREC;6.0;27
119600;SUBMISSION;;VEV_5500;XIREC;7.0;27
119700;;SUBMISSION;VEV_5500;XIREC;6.0;18
119700;SUBMISSION;;VEV_5500;XIREC;7.0;18
119800;;SUBMISSION;VEV_5500;XIREC;6.0;27
119800;SUBMISSION;;VEV_5500;XIREC;7.0;27
119900;;SUBMISSION;VEV_5500;XIREC;6.0;29
119900;SUBMISSION;;VEV_5500;XIREC;7.0;29
120000;;SUBMISSION;VEV_5500;XIREC;6.0;23
120000;SUBMISSION;;VEV_5500;XIREC;7.0;23
120100;;SUBMISSION;VEV_5500;XIREC;6.0;25
120100;SUBMISSION;;VEV_5500;XIREC;7.0;25
120200;;SUBMISSION;VEV_5500;XIREC;6.0;28
120200;SUBMISSION;;VEV_5500;XIREC;7.0;28
120300;;SUBMISSION;VEV_5500;XIREC;6.0;28
120300;SUBMISSION;;VEV_5500;XIREC;7.0;28
120400;;SUBMISSION;VEV_5500;XIREC;6.0;25
120400;SUBMISSION;;VEV_5500;XIREC;7.0;25
120500;;SUBMISSION;VEV_5500;XIREC;6.0;27
120500;SUBMISSION;;VEV_5500;XIREC;7.0;27
120600;;SUBMISSION;VEV_5500;XIREC;6.0;27
120600;SUBMISSION;;VEV_5500;XIREC;7.0;27
120700;;SUBMISSION;VEV_5500;XIREC;6.0;22
120700;SUBMISSION;;VEV_5500;XIREC;7.0;22
120800;;SUBMISSION;VEV_5500;XIREC;6.0;18
120800;SUBMISSION;;VEV_5500;XIREC;7.0;18
120900;;SUBMISSION;VEV_5500;XIREC;6.0;21
120900;SUBMISSION;;VEV_5500;XIREC;7.0;21
120900;;;VELVETFRUIT_EXTRACT;XIREC;5219.0;5
121000;;SUBMISSION;VEV_5500;XIREC;6.0;24
121000;SUBMISSION;;VEV_5500;XIREC;7.0;24
121100;;SUBMISSION;VEV_5500;XIREC;6.0;20
121100;SUBMISSION;;VEV_5500;XIREC;7.0;20
121200;;SUBMISSION;VEV_5500;XIREC;6.0;21
121200;SUBMISSION;;VEV_5500;XIREC;7.0;21
121300;;SUBMISSION;VEV_5500;XIREC;6.0;18
121300;SUBMISSION;;VEV_5500;XIREC;7.0;18
121400;;SUBMISSION;VEV_5500;XIREC;6.0;21
121400;SUBMISSION;;VEV_5500;XIREC;7.0;21
121500;;SUBMISSION;VEV_5500;XIREC;6.0;26
121500;SUBMISSION;;VEV_5500;XIREC;7.0;26
121500;;;VEV_4000;XIREC;1233.0;2
121600;;SUBMISSION;VEV_5500;XIREC;6.0;24
121600;SUBMISSION;;VEV_5500;XIREC;7.0;24
121700;;SUBMISSION;VEV_5500;XIREC;6.0;27
121700;SUBMISSION;;VEV_5500;XIREC;7.0;27
121800;;SUBMISSION;VEV_5500;XIREC;6.0;22
121800;SUBMISSION;;VEV_5500;XIREC;7.0;22
121900;;SUBMISSION;VEV_5500;XIREC;6.0;17
121900;SUBMISSION;;VEV_5500;XIREC;7.0;17
122300;;SUBMISSION;VEV_5400;XIREC;18.0;6
122300;SUBMISSION;;VEV_5400;XIREC;19.0;6
122400;;SUBMISSION;VEV_5400;XIREC;18.0;6
122400;SUBMISSION;;VEV_5400;XIREC;19.0;6
122600;;SUBMISSION;VEV_4000;XIREC;1237.0;2
122600;;SUBMISSION;VEV_5400;XIREC;18.0;20
122600;SUBMISSION;;VEV_5400;XIREC;19.0;20
122700;;SUBMISSION;VEV_5400;XIREC;18.0;5
122700;SUBMISSION;;VEV_5400;XIREC;19.0;5
122800;;SUBMISSION;VEV_5500;XIREC;7.0;9
122900;;SUBMISSION;VEV_5400;XIREC;18.0;29
122900;SUBMISSION;;VEV_5400;XIREC;19.0;29
123000;;SUBMISSION;VEV_5400;XIREC;18.0;16
123000;SUBMISSION;;VEV_5400;XIREC;19.0;16
123100;;SUBMISSION;VEV_5400;XIREC;18.0;28
123100;SUBMISSION;;VEV_5400;XIREC;19.0;28
123200;;SUBMISSION;VEV_5400;XIREC;18.0;24
123200;SUBMISSION;;VEV_5400;XIREC;19.0;24
123200;;;VELVETFRUIT_EXTRACT;XIREC;5230.0;5
123300;;SUBMISSION;VEV_5400;XIREC;18.0;20
123300;SUBMISSION;;VEV_5400;XIREC;19.0;20
123400;;SUBMISSION;VEV_5400;XIREC;18.0;20
123400;SUBMISSION;;VEV_5400;XIREC;19.0;20
123500;;SUBMISSION;VEV_5400;XIREC;18.0;28
123500;SUBMISSION;;VEV_5400;XIREC;19.0;28
123600;SUBMISSION;;VEV_5500;XIREC;8.0;9
124200;;SUBMISSION;VEV_5400;XIREC;18.0;22
124200;SUBMISSION;;VEV_5400;XIREC;19.0;22
124300;;SUBMISSION;VEV_5400;XIREC;18.0;18
124300;SUBMISSION;;VEV_5400;XIREC;19.0;18
124400;;SUBMISSION;VEV_5400;XIREC;18.0;21
124400;SUBMISSION;;VEV_5400;XIREC;19.0;21
124600;;SUBMISSION;VEV_5400;XIREC;18.0;25
124600;SUBMISSION;;VEV_5400;XIREC;19.0;25
124700;;SUBMISSION;VEV_5400;XIREC;18.0;19
124700;SUBMISSION;;VEV_5400;XIREC;19.0;19
124900;;SUBMISSION;VEV_5400;XIREC;18.0;20
124900;SUBMISSION;;VEV_5400;XIREC;19.0;20
125000;;SUBMISSION;VEV_5400;XIREC;18.0;21
125000;SUBMISSION;;VEV_5400;XIREC;19.0;21
125000;;;HYDROGEL_PACK;XIREC;9972.0;4
125300;;SUBMISSION;VEV_5400;XIREC;18.0;27
125300;SUBMISSION;;VEV_5400;XIREC;19.0;27
125700;;;VEV_5300;XIREC;45.0;4
125700;;;VEV_5500;XIREC;7.0;4
125700;;;VEV_6000;XIREC;0.0;4
125700;;;VEV_6500;XIREC;0.0;4
127700;;SUBMISSION;VELVETFRUIT_EXTRACT;XIREC;5240.0;8
128400;;SUBMISSION;VEV_5400;XIREC;20.0;22
128500;;;HYDROGEL_PACK;XIREC;9955.0;5
128700;;SUBMISSION;VEV_5400;XIREC;20.0;10
128800;;SUBMISSION;VEV_5400;XIREC;20.0;22
128900;;SUBMISSION;VEV_5400;XIREC;20.0;20
128900;;SUBMISSION;VEV_5500;XIREC;8.0;20
129000;;SUBMISSION;VEV_5500;XIREC;8.0;21
129100;;SUBMISSION;VEV_5500;XIREC;8.0;6
129200;;SUBMISSION;VEV_5500;XIREC;8.0;6
130400;;SUBMISSION;VEV_4000;XIREC;1245.0;2
130400;SUBMISSION;;VEV_5400;XIREC;20.0;9
130400;SUBMISSION;;VEV_5400;XIREC;21.0;16
130600;SUBMISSION;;VEV_5400;XIREC;20.0;22
130800;SUBMISSION;;VEV_4000;XIREC;1233.0;1
130800;SUBMISSION;;VEV_5400;XIREC;20.0;27
132000;;SUBMISSION;VEV_5400;XIREC;20.0;9
132000;;;HYDROGEL_PACK;XIREC;9950.0;3
132100;;SUBMISSION;VEV_5400;XIREC;20.0;27
132100;;SUBMISSION;VEV_5500;XIREC;8.0;27
132900;;SUBMISSION;VEV_5400;XIREC;20.0;19
132900;;;HYDROGEL_PACK;XIREC;9956.0;2
133100;;SUBMISSION;VEV_5400;XIREC;20.0;26
133600;;;HYDROGEL_PACK;XIREC;9970.0;5
134400;SUBMISSION;;VEV_4000;XIREC;1236.0;2
135200;SUBMISSION;;VEV_5400;XIREC;20.0;26
135300;SUBMISSION;;VEV_5400;XIREC;20.0;27
135400;SUBMISSION;;VEV_5400;XIREC;20.0;16
135500;SUBMISSION;;VEV_5400;XIREC;20.0;12
135700;;SUBMISSION;VEV_5400;XIREC;19.0;10
135700;SUBMISSION;;VEV_5400;XIREC;20.0;10
135800;;SUBMISSION;VEV_5400;XIREC;19.0;6
135800;SUBMISSION;;VEV_5400;XIREC;20.0;6
136200;;SUBMISSION;VEV_5400;XIREC;19.0;10
136200;SUBMISSION;;VEV_5400;XIREC;20.0;10
136400;;SUBMISSION;VEV_5400;XIREC;19.0;7
136400;SUBMISSION;;VEV_5400;XIREC;20.0;7
136700;;SUBMISSION;VELVETFRUIT_EXTRACT;XIREC;5238.0;3
136800;;;HYDROGEL_PACK;XIREC;9955.0;5
137300;;SUBMISSION;VEV_5400;XIREC;18.0;20
137300;SUBMISSION;;VEV_5400;XIREC;19.0;20
137400;SUBMISSION;;VELVETFRUIT_EXTRACT;XIREC;5234.0;11
137400;;SUBMISSION;VEV_5400;XIREC;18.0;16
137400;SUBMISSION;;VEV_5400;XIREC;19.0;16
137500;SUBMISSION;;VEV_5500;XIREC;8.0;24
137600;SUBMISSION;;VEV_5500;XIREC;7.0;8
137600;SUBMISSION;;VEV_5500;XIREC;8.0;10
137700;SUBMISSION;;VEV_5500;XIREC;7.0;6
137700;SUBMISSION;;VEV_5500;XIREC;8.0;19
137800;SUBMISSION;;VEV_5500;XIREC;8.0;13
138000;;SUBMISSION;VEV_5500;XIREC;6.0;28
138000;SUBMISSION;;VEV_5500;XIREC;7.0;28
138100;;SUBMISSION;VEV_5500;XIREC;6.0;27
138100;SUBMISSION;;VEV_5500;XIREC;7.0;27
138200;;SUBMISSION;VEV_5500;XIREC;6.0;23
138200;SUBMISSION;;VEV_5500;XIREC;7.0;23
138300;;SUBMISSION;VEV_5500;XIREC;6.0;17
138300;SUBMISSION;;VEV_5500;XIREC;7.0;17
140500;;;VEV_4000;XIREC;1239.0;3
140800;;SUBMISSION;VEV_5400;XIREC;18.0;20
140800;SUBMISSION;;VEV_5400;XIREC;19.0;20
140800;;;VELVETFRUIT_EXTRACT;XIREC;5234.0;7
140900;;SUBMISSION;VEV_5400;XIREC;18.0;24
140900;SUBMISSION;;VEV_5400;XIREC;19.0;24
141000;;SUBMISSION;VEV_5400;XIREC;18.0;25
141000;SUBMISSION;;VEV_5400;XIREC;19.0;25
141100;;SUBMISSION;VEV_5400;XIREC;18.0;25
141100;SUBMISSION;;VEV_5400;XIREC;19.0;25
141200;;SUBMISSION;VEV_5400;XIREC;18.0;24
141200;SUBMISSION;;VEV_5400;XIREC;19.0;24
141300;;SUBMISSION;VEV_5400;XIREC;18.0;27
141300;SUBMISSION;;VEV_5400;XIREC;19.0;27
141400;;SUBMISSION;VEV_5400;XIREC;18.0;27
141400;SUBMISSION;;VEV_5400;XIREC;19.0;27
141500;;SUBMISSION;VEV_5400;XIREC;18.0;6
141500;SUBMISSION;;VEV_5400;XIREC;19.0;6
141600;;SUBMISSION;VEV_5400;XIREC;18.0;19
141600;SUBMISSION;;VEV_5400;XIREC;19.0;19
141700;;SUBMISSION;VEV_5400;XIREC;18.0;21
141700;SUBMISSION;;VEV_5400;XIREC;19.0;21
141700;;;HYDROGEL_PACK;XIREC;9939.0;2
141700;;;VELVETFRUIT_EXTRACT;XIREC;5234.0;6
141800;;SUBMISSION;VEV_5400;XIREC;18.0;16
141800;SUBMISSION;;VEV_5400;XIREC;19.0;16
141900;;SUBMISSION;VEV_5400;XIREC;18.0;24
141900;SUBMISSION;;VEV_5400;XIREC;19.0;24
142100;;SUBMISSION;VEV_5400;XIREC;18.0;19
142100;SUBMISSION;;VEV_5400;XIREC;19.0;19
142200;;SUBMISSION;VEV_5400;XIREC;18.0;27
142200;SUBMISSION;;VEV_5400;XIREC;19.0;27
142300;;SUBMISSION;VEV_5400;XIREC;18.0;19
142300;SUBMISSION;;VEV_5400;XIREC;19.0;19
142400;;SUBMISSION;VEV_5400;XIREC;18.0;21
142400;SUBMISSION;;VEV_5400;XIREC;19.0;21
142400;;;VELVETFRUIT_EXTRACT;XIREC;5231.0;5
142500;;SUBMISSION;VEV_5400;XIREC;18.0;26
142500;SUBMISSION;;VEV_5400;XIREC;19.0;26
142600;;SUBMISSION;VEV_5400;XIREC;18.0;25
142600;SUBMISSION;;VEV_5400;XIREC;19.0;25
143100;;SUBMISSION;VEV_5400;XIREC;18.0;21
143100;SUBMISSION;;VEV_5400;XIREC;19.0;21
143200;;SUBMISSION;VEV_5400;XIREC;18.0;8
143200;SUBMISSION;;VEV_5400;XIREC;19.0;8
143200;;SUBMISSION;VEV_5500;XIREC;7.0;8
143300;SUBMISSION;;VEV_5500;XIREC;8.0;8
143600;;;HYDROGEL_PACK;XIREC;9949.0;4
144100;;;VELVETFRUIT_EXTRACT;XIREC;5227.0;7
144500;;;HYDROGEL_PACK;XIREC;9966.0;3
144600;;SUBMISSION;VEV_5500;XIREC;6.0;17
144600;SUBMISSION;;VEV_5500;XIREC;7.0;17
144700;;SUBMISSION;VEV_5500;XIREC;6.0;23
144700;SUBMISSION;;VEV_5500;XIREC;7.0;23
145100;;;VELVETFRUIT_EXTRACT;XIREC;5228.0;5
148100;;;VELVETFRUIT_EXTRACT;XIREC;5223.0;3
148500;;SUBMISSION;VEV_4000;XIREC;1231.0;3
148600;;SUBMISSION;VEV_5400;XIREC;17.0;9
148600;SUBMISSION;;VEV_5400;XIREC;18.0;9
148700;;;VELVETFRUIT_EXTRACT;XIREC;5223.0;8
150500;SUBMISSION;;VEV_4000;XIREC;1225.0;2
150700;;SUBMISSION;VEV_5400;XIREC;18.0;21
150700;SUBMISSION;;VEV_5400;XIREC;19.0;21
150800;;SUBMISSION;VEV_5400;XIREC;18.0;20
150800;SUBMISSION;;VEV_5400;XIREC;19.0;20
151400;;SUBMISSION;VEV_5400;XIREC;18.0;5
151400;SUBMISSION;;VEV_5400;XIREC;19.0;5
151500;;SUBMISSION;VEV_5400;XIREC;18.0;7
151500;SUBMISSION;;VEV_5400;XIREC;19.0;7
151600;;SUBMISSION;VEV_5400;XIREC;18.0;27
151600;SUBMISSION;;VEV_5400;XIREC;19.0;27
151700;;SUBMISSION;VEV_5400;XIREC;18.0;20
151700;SUBMISSION;;VEV_5400;XIREC;19.0;20
151800;;SUBMISSION;VEV_5400;XIREC;18.0;25
151800;SUBMISSION;;VEV_5400;XIREC;19.0;25
151900;;SUBMISSION;VEV_5400;XIREC;18.0;21
151900;SUBMISSION;;VEV_5400;XIREC;19.0;21
152000;;SUBMISSION;VEV_5400;XIREC;18.0;25
152000;SUBMISSION;;VEV_5400;XIREC;19.0;25
152100;;SUBMISSION;VEV_5400;XIREC;18.0;23
152100;SUBMISSION;;VEV_5400;XIREC;19.0;23
152200;;SUBMISSION;VELVETFRUIT_EXTRACT;XIREC;5236.0;3
152200;;SUBMISSION;VEV_5400;XIREC;18.0;25
152200;SUBMISSION;;VEV_5400;XIREC;19.0;25
152300;;SUBMISSION;VEV_5400;XIREC;18.0;20
152300;SUBMISSION;;VEV_5400;XIREC;19.0;20
152400;SUBMISSION;;VELVETFRUIT_EXTRACT;XIREC;5232.0;3
152400;;SUBMISSION;VEV_5400;XIREC;18.0;19
152400;SUBMISSION;;VEV_5400;XIREC;19.0;19
152900;;SUBMISSION;VEV_5400;XIREC;18.0;30
152900;SUBMISSION;;VEV_5400;XIREC;19.0;30
153300;;SUBMISSION;VEV_5400;XIREC;18.0;8
153300;SUBMISSION;;VEV_5400;XIREC;19.0;8
153400;;SUBMISSION;VEV_5400;XIREC;18.0;25
153400;SUBMISSION;;VEV_5400;XIREC;19.0;25
153400;;;HYDROGEL_PACK;XIREC;9964.0;4
153500;;SUBMISSION;VEV_5400;XIREC;18.0;21
153500;SUBMISSION;;VEV_5400;XIREC;19.0;21
153600;;SUBMISSION;VEV_5400;XIREC;18.0;17
153600;SUBMISSION;;VEV_5400;XIREC;19.0;17
153700;;SUBMISSION;VEV_5400;XIREC;18.0;26
153700;SUBMISSION;;VEV_5400;XIREC;19.0;26
155200;;SUBMISSION;HYDROGEL_PACK;XIREC;9990.0;5
155600;;SUBMISSION;VEV_4000;XIREC;1248.0;2
156600;;SUBMISSION;VELVETFRUIT_EXTRACT;XIREC;5243.0;4
157000;;SUBMISSION;VEV_5400;XIREC;20.0;8
157300;SUBMISSION;;VEV_5400;XIREC;20.0;6
157300;SUBMISSION;;VEV_5400;XIREC;21.0;2
157400;;;VEV_5300;XIREC;47.0;2
157400;;;VEV_5500;XIREC;7.0;2
157400;;;VEV_6000;XIREC;0.0;2
157400;;;VEV_6500;XIREC;0.0;2
157500;;SUBMISSION;VEV_5400;XIREC;20.0;5
157600;;SUBMISSION;VEV_5400;XIREC;20.0;19
157700;;SUBMISSION;VEV_5400;XIREC;20.0;23
157700;;SUBMISSION;VEV_5500;XIREC;8.0;23
157800;;SUBMISSION;VEV_5500;XIREC;8.0;27
157900;;SUBMISSION;VEV_5500;XIREC;8.0;20
158100;;;HYDROGEL_PACK;XIREC;9974.0;5
158200;;SUBMISSION;VEV_5400;XIREC;20.0;22
159000;;SUBMISSION;VELVETFRUIT_EXTRACT;XIREC;5248.0;6
159300;SUBMISSION;;HYDROGEL_PACK;XIREC;9970.0;2
159600;;SUBMISSION;VEV_5300;XIREC;50.0;5
160800;;;VEV_5500;XIREC;8.0;4
160800;;;VEV_6000;XIREC;0.0;4
160800;;;VEV_6500;XIREC;0.0;4
162300;SUBMISSION;;HYDROGEL_PACK;XIREC;9970.0;3
162500;SUBMISSION;;VEV_4000;XIREC;1247.0;1
163300;;;HYDROGEL_PACK;XIREC;9977.0;3
164600;;;HYDROGEL_PACK;XIREC;9962.0;3
166000;SUBMISSION;;VEV_4000;XIREC;1244.0;2
169000;;;HYDROGEL_PACK;XIREC;9953.0;3
169400;;SUBMISSION;VELVETFRUIT_EXTRACT;XIREC;5252.0;6
169900;;;VEV_5400;XIREC;22.0;5
169900;;;VEV_6000;XIREC;0.0;5
169900;;;VEV_6500;XIREC;0.0;5
170700;;SUBMISSION;VELVETFRUIT_EXTRACT;XIREC;5249.0;24
171500;;SUBMISSION;HYDROGEL_PACK;XIREC;9981.0;5
172800;;SUBMISSION;VELVETFRUIT_EXTRACT;XIREC;5251.0;3
173000;SUBMISSION;;HYDROGEL_PACK;XIREC;9969.0;5
173200;;SUBMISSION;VELVETFRUIT_EXTRACT;XIREC;5252.0;5
173700;;;VEV_5500;XIREC;8.0;2
173700;;;VEV_6000;XIREC;0.0;2
173700;;;VEV_6500;XIREC;0.0;2
173900;;;VELVETFRUIT_EXTRACT;XIREC;5245.0;5
175300;;;HYDROGEL_PACK;XIREC;9969.0;6
175800;SUBMISSION;;VEV_5400;XIREC;20.0;17
175800;SUBMISSION;;VEV_5500;XIREC;8.0;7
175800;SUBMISSION;;VEV_5500;XIREC;9.0;10
176000;SUBMISSION;;VEV_5300;XIREC;47.0;3
176000;SUBMISSION;;VEV_5300;XIREC;49.0;2
176000;SUBMISSION;;VEV_5400;XIREC;20.0;22
176000;SUBMISSION;;VEV_5500;XIREC;8.0;22
176000;;;VEV_5400;XIREC;19.0;3
176000;;;VEV_5500;XIREC;7.0;3
176000;;;VEV_6000;XIREC;0.0;3
176000;;;VEV_6500;XIREC;0.0;3
176100;SUBMISSION;;VEV_5400;XIREC;20.0;18
176100;SUBMISSION;;VEV_5500;XIREC;8.0;18
176200;SUBMISSION;;VEV_5400;XIREC;20.0;12
176200;SUBMISSION;;VEV_5500;XIREC;8.0;13
176800;;SUBMISSION;VEV_5300;XIREC;48.0;5
177200;;;VEV_5400;XIREC;19.0;2
177200;;;VEV_6000;XIREC;0.0;2
177200;;;VEV_6500;XIREC;0.0;2
177300;;SUBMISSION;VEV_5500;XIREC;8.0;22
177500;SUBMISSION;;VEV_5500;XIREC;8.0;22
177600;SUBMISSION;;VEV_5300;XIREC;48.0;5
178100;;;HYDROGEL_PACK;XIREC;9958.0;2
178200;;SUBMISSION;VEV_5400;XIREC;18.0;23
178200;SUBMISSION;;VEV_5400;XIREC;19.0;23
178300;;SUBMISSION;VELVETFRUIT_EXTRACT;XIREC;5239.0;6
178300;;SUBMISSION;VEV_5400;XIREC;18.0;25
178300;SUBMISSION;;VEV_5400;XIREC;19.0;25
178800;SUBMISSION;;VELVETFRUIT_EXTRACT;XIREC;5238.0;5
179100;;SUBMISSION;VELVETFRUIT_EXTRACT;XIREC;5239.0;25
179500;SUBMISSION;;VELVETFRUIT_EXTRACT;XIREC;5237.0;3
181700;;;VEV_5300;XIREC;45.0;4
181700;;;VEV_5400;XIREC;18.0;4
181700;;;VEV_5500;XIREC;7.0;4
181700;;;VEV_6000;XIREC;0.0;4
181700;;;VEV_6500;XIREC;0.0;4
181900;;SUBMISSION;HYDROGEL_PACK;XIREC;9979.0;3
182300;;SUBMISSION;VEV_5400;XIREC;19.0;7
182300;SUBMISSION;;VEV_5400;XIREC;20.0;7
182400;;;HYDROGEL_PACK;XIREC;9977.0;5
183100;;SUBMISSION;VEV_5400;XIREC;19.0;7
183100;SUBMISSION;;VEV_5400;XIREC;20.0;7
183200;;SUBMISSION;VEV_5400;XIREC;19.0;10
183200;SUBMISSION;;VEV_5400;XIREC;20.0;10
183300;;;HYDROGEL_PACK;XIREC;9973.0;4
183800;;SUBMISSION;VEV_5400;XIREC;18.0;18
183800;SUBMISSION;;VEV_5400;XIREC;19.0;18
184000;;SUBMISSION;VEV_5400;XIREC;18.0;24
184000;SUBMISSION;;VEV_5400;XIREC;19.0;24
184400;SUBMISSION;;VELVETFRUIT_EXTRACT;XIREC;5237.0;12
184800;SUBMISSION;;HYDROGEL_PACK;XIREC;9966.0;3
184800;;SUBMISSION;VEV_5400;XIREC;18.0;20
184800;SUBMISSION;;VEV_5400;XIREC;19.0;20
184900;;SUBMISSION;VEV_5400;XIREC;18.0;20
184900;SUBMISSION;;VEV_5400;XIREC;19.0;20
184900;;;VEV_5300;XIREC;45.0;2
184900;;;VEV_5400;XIREC;18.0;2
184900;;;VEV_5500;XIREC;7.0;2
184900;;;VEV_6000;XIREC;0.0;2
184900;;;VEV_6500;XIREC;0.0;2
185000;;SUBMISSION;VEV_5400;XIREC;18.0;19
185000;SUBMISSION;;VEV_5400;XIREC;19.0;19
185100;;SUBMISSION;VEV_5400;XIREC;18.0;21
185100;SUBMISSION;;VEV_5400;XIREC;19.0;21
185200;;SUBMISSION;VEV_5400;XIREC;18.0;18
185200;SUBMISSION;;VEV_5400;XIREC;19.0;18
185300;;SUBMISSION;VEV_5400;XIREC;18.0;18
185300;SUBMISSION;;VEV_5400;XIREC;19.0;18
185800;;;HYDROGEL_PACK;XIREC;9961.0;6
185900;;SUBMISSION;VEV_5400;XIREC;18.0;23
185900;SUBMISSION;;VEV_5400;XIREC;19.0;23
186000;;SUBMISSION;VEV_5400;XIREC;18.0;20
186000;SUBMISSION;;VEV_5400;XIREC;19.0;20
186300;;SUBMISSION;VEV_5400;XIREC;18.0;24
186300;SUBMISSION;;VEV_5400;XIREC;19.0;24
186600;;;VEV_5300;XIREC;46.0;3
186600;;;VEV_5500;XIREC;7.0;3
186600;;;VEV_6000;XIREC;0.0;3
186600;;;VEV_6500;XIREC;0.0;3
186700;;SUBMISSION;VEV_5400;XIREC;18.0;21
186700;SUBMISSION;;VEV_5400;XIREC;19.0;21
186800;;SUBMISSION;VEV_5400;XIREC;18.0;17
186800;SUBMISSION;;VEV_5400;XIREC;19.0;17
186900;;SUBMISSION;VEV_5400;XIREC;18.0;7
186900;SUBMISSION;;VEV_5400;XIREC;19.0;7
187000;;SUBMISSION;VEV_5400;XIREC;18.0;21
187000;SUBMISSION;;VEV_5400;XIREC;19.0;21
187100;;SUBMISSION;VEV_5400;XIREC;18.0;25
187100;SUBMISSION;;VEV_5400;XIREC;19.0;25
187200;;SUBMISSION;VEV_5400;XIREC;18.0;24
187200;SUBMISSION;;VEV_5400;XIREC;19.0;24
187300;;SUBMISSION;VEV_5400;XIREC;18.0;25
187300;SUBMISSION;;VEV_5400;XIREC;19.0;25
187400;;SUBMISSION;VEV_5400;XIREC;18.0;18
187400;SUBMISSION;;VEV_5400;XIREC;19.0;18
187500;;SUBMISSION;VEV_5400;XIREC;18.0;25
187500;SUBMISSION;;VEV_5400;XIREC;19.0;25
187600;;SUBMISSION;VEV_5400;XIREC;18.0;30
187600;SUBMISSION;;VEV_5400;XIREC;19.0;30
187800;;SUBMISSION;VEV_5400;XIREC;18.0;9
187800;SUBMISSION;;VEV_5400;XIREC;19.0;9
187900;;SUBMISSION;VEV_5400;XIREC;18.0;7
187900;SUBMISSION;;VEV_5400;XIREC;19.0;7
188100;;SUBMISSION;VEV_5400;XIREC;18.0;25
188100;SUBMISSION;;VEV_5400;XIREC;19.0;25
188200;;SUBMISSION;VEV_5400;XIREC;18.0;27
188200;SUBMISSION;;VEV_5400;XIREC;19.0;27
188500;SUBMISSION;;VELVETFRUIT_EXTRACT;XIREC;5235.0;22
188500;SUBMISSION;;VELVETFRUIT_EXTRACT;XIREC;5236.0;37
189000;;SUBMISSION;VEV_5400;XIREC;18.0;20
189000;SUBMISSION;;VEV_5400;XIREC;19.0;20
189100;;SUBMISSION;VEV_5400;XIREC;18.0;23
189100;SUBMISSION;;VEV_5400;XIREC;19.0;23
189200;;SUBMISSION;VEV_5400;XIREC;18.0;9
189200;SUBMISSION;;VEV_5400;XIREC;19.0;9
189300;;SUBMISSION;VEV_5400;XIREC;18.0;28
189300;SUBMISSION;;VEV_5400;XIREC;19.0;28
189400;;SUBMISSION;VEV_5400;XIREC;18.0;9
189400;SUBMISSION;;VEV_5400;XIREC;19.0;9
189700;;SUBMISSION;VEV_5400;XIREC;18.0;26
189700;SUBMISSION;;VEV_5400;XIREC;19.0;26
189800;;SUBMISSION;VEV_5400;XIREC;18.0;9
189800;SUBMISSION;;VEV_5400;XIREC;19.0;9
189900;;SUBMISSION;VEV_5400;XIREC;18.0;22
189900;SUBMISSION;;VEV_5400;XIREC;19.0;22
190100;;SUBMISSION;VEV_5400;XIREC;18.0;12
190100;SUBMISSION;;VEV_5400;XIREC;19.0;12
190100;;;VEV_5300;XIREC;45.0;4
190100;;;VEV_5400;XIREC;18.0;4
190100;;;VEV_5500;XIREC;7.0;4
190100;;;VEV_6000;XIREC;0.0;4
190100;;;VEV_6500;XIREC;0.0;4
190200;;SUBMISSION;VEV_5400;XIREC;18.0;21
190200;SUBMISSION;;VEV_5400;XIREC;19.0;21
190300;;SUBMISSION;VEV_5400;XIREC;18.0;20
190300;SUBMISSION;;VEV_5400;XIREC;19.0;20
190500;SUBMISSION;;VEV_4000;XIREC;1229.0;2
190600;;;HYDROGEL_PACK;XIREC;9943.0;6
191500;;SUBMISSION;VEV_5500;XIREC;6.0;25
191500;SUBMISSION;;VEV_5500;XIREC;7.0;25
192300;;SUBMISSION;VEV_5500;XIREC;7.0;9
192300;SUBMISSION;;VEV_5500;XIREC;8.0;9
192500;;SUBMISSION;VEV_5500;XIREC;7.0;7
192500;SUBMISSION;;VEV_5500;XIREC;8.0;7
193000;;;VEV_5300;XIREC;43.0;2
193000;;;VEV_5400;XIREC;17.0;2
193000;;;VEV_5500;XIREC;6.0;2
193000;;;VEV_6000;XIREC;0.0;2
193000;;;VEV_6500;XIREC;0.0;2
193300;;SUBMISSION;VEV_5500;XIREC;6.0;22
193300;SUBMISSION;;VEV_5500;XIREC;7.0;22
193400;;SUBMISSION;VEV_5500;XIREC;6.0;21
193400;SUBMISSION;;VEV_5500;XIREC;7.0;21
193500;;SUBMISSION;VEV_5500;XIREC;6.0;28
193500;SUBMISSION;;VEV_5500;XIREC;7.0;28
193600;;SUBMISSION;VEV_5500;XIREC;6.0;25
193600;SUBMISSION;;VEV_5500;XIREC;7.0;25
193700;;SUBMISSION;VEV_5500;XIREC;6.0;29
193700;SUBMISSION;;VEV_5500;XIREC;7.0;29
193800;;SUBMISSION;VEV_5500;XIREC;6.0;28
193800;SUBMISSION;;VEV_5500;XIREC;7.0;28
193900;;SUBMISSION;VEV_5500;XIREC;6.0;16
193900;SUBMISSION;;VEV_5500;XIREC;7.0;16
194000;;SUBMISSION;VEV_5500;XIREC;6.0;24
194000;SUBMISSION;;VEV_5500;XIREC;7.0;24
194100;;SUBMISSION;VEV_5500;XIREC;6.0;17
194100;SUBMISSION;;VEV_5500;XIREC;7.0;17
194200;;SUBMISSION;VEV_5500;XIREC;6.0;19
194200;SUBMISSION;;VEV_5500;XIREC;7.0;19
194300;;SUBMISSION;VEV_5500;XIREC;6.0;24
194300;SUBMISSION;;VEV_5500;XIREC;7.0;24
194400;;SUBMISSION;VEV_5500;XIREC;6.0;25
194400;SUBMISSION;;VEV_5500;XIREC;7.0;25
194500;;SUBMISSION;VEV_5500;XIREC;6.0;26
194500;SUBMISSION;;VEV_5500;XIREC;7.0;26
194700;;SUBMISSION;VEV_5500;XIREC;6.0;17
194700;SUBMISSION;;VEV_5500;XIREC;7.0;17
194800;;SUBMISSION;VEV_5500;XIREC;6.0;23
194800;SUBMISSION;;VEV_5500;XIREC;7.0;23
194900;;SUBMISSION;VEV_5500;XIREC;6.0;28
194900;SUBMISSION;;VEV_5500;XIREC;7.0;28
195000;;SUBMISSION;VEV_5500;XIREC;6.0;19
195000;SUBMISSION;;VEV_5500;XIREC;7.0;19
195600;;SUBMISSION;VEV_5500;XIREC;7.0;10
195600;SUBMISSION;;VEV_5500;XIREC;8.0;10
195800;;;VELVETFRUIT_EXTRACT;XIREC;5234.0;8
196500;;SUBMISSION;VEV_5500;XIREC;6.0;21
196500;SUBMISSION;;VEV_5500;XIREC;7.0;21
196500;;;VELVETFRUIT_EXTRACT;XIREC;5227.0;7
196600;;SUBMISSION;VEV_5500;XIREC;6.0;21
196600;SUBMISSION;;VEV_5500;XIREC;7.0;21
196600;;;HYDROGEL_PACK;XIREC;9953.0;3
196700;;SUBMISSION;VEV_5400;XIREC;16.0;17
196700;SUBMISSION;;VEV_5400;XIREC;17.0;17
196700;;SUBMISSION;VEV_5500;XIREC;6.0;17
196700;SUBMISSION;;VEV_5500;XIREC;7.0;17
196800;;SUBMISSION;VEV_5500;XIREC;6.0;19
196800;SUBMISSION;;VEV_5500;XIREC;7.0;19
196900;;SUBMISSION;VEV_5400;XIREC;16.0;23
196900;SUBMISSION;;VEV_5400;XIREC;17.0;23
196900;;SUBMISSION;VEV_5500;XIREC;6.0;23
196900;SUBMISSION;;VEV_5500;XIREC;7.0;23
197000;;SUBMISSION;VEV_5400;XIREC;16.0;24
197000;SUBMISSION;;VEV_5400;XIREC;17.0;24
197000;;SUBMISSION;VEV_5500;XIREC;6.0;24
197000;SUBMISSION;;VEV_5500;XIREC;7.0;24
197000;;;HYDROGEL_PACK;XIREC;9967.0;6
197100;;SUBMISSION;VEV_5500;XIREC;6.0;25
197100;SUBMISSION;;VEV_5500;XIREC;7.0;25
197200;;SUBMISSION;VEV_5500;XIREC;6.0;28
197200;SUBMISSION;;VEV_5500;XIREC;7.0;28
197300;;SUBMISSION;VEV_5500;XIREC;6.0;20
197300;SUBMISSION;;VEV_5500;XIREC;7.0;20
197400;;SUBMISSION;VEV_5500;XIREC;6.0;19
197400;SUBMISSION;;VEV_5500;XIREC;7.0;19
197500;;SUBMISSION;VEV_5500;XIREC;6.0;19
197500;SUBMISSION;;VEV_5500;XIREC;7.0;19
197600;;SUBMISSION;VEV_5500;XIREC;6.0;30
197600;SUBMISSION;;VEV_5500;XIREC;7.0;30
197700;;SUBMISSION;VEV_5500;XIREC;6.0;24
197700;SUBMISSION;;VEV_5500;XIREC;7.0;24
197800;;SUBMISSION;VEV_5500;XIREC;6.0;17
197800;SUBMISSION;;VEV_5500;XIREC;7.0;17
197900;;SUBMISSION;VEV_5500;XIREC;6.0;21
197900;SUBMISSION;;VEV_5500;XIREC;7.0;21
198000;;SUBMISSION;VEV_5500;XIREC;6.0;19
198000;SUBMISSION;;VEV_5500;XIREC;7.0;19
198100;;SUBMISSION;VEV_5500;XIREC;6.0;28
198100;SUBMISSION;;VEV_5500;XIREC;7.0;28
198200;;SUBMISSION;VEV_5500;XIREC;6.0;16
198200;SUBMISSION;;VEV_5500;XIREC;7.0;16
198200;;;VEV_5300;XIREC;42.0;5
198200;;;VEV_5400;XIREC;16.0;5
198200;;;VEV_5500;XIREC;6.0;5
198200;;;VEV_6000;XIREC;0.0;5
198200;;;VEV_6500;XIREC;0.0;5
198300;;SUBMISSION;VEV_5500;XIREC;6.0;19
198300;SUBMISSION;;VEV_5500;XIREC;7.0;19
198400;;SUBMISSION;VEV_5400;XIREC;16.0;24
198400;SUBMISSION;;VEV_5400;XIREC;17.0;24
198400;;SUBMISSION;VEV_5500;XIREC;6.0;24
198400;SUBMISSION;;VEV_5500;XIREC;7.0;24
198500;;SUBMISSION;VEV_5400;XIREC;16.0;23
198500;SUBMISSION;;VEV_5400;XIREC;17.0;23
198500;;SUBMISSION;VEV_5500;XIREC;6.0;23
198500;SUBMISSION;;VEV_5500;XIREC;7.0;23
198600;;SUBMISSION;VEV_5400;XIREC;16.0;22
198600;SUBMISSION;;VEV_5400;XIREC;17.0;22
198600;;SUBMISSION;VEV_5500;XIREC;6.0;22
198600;SUBMISSION;;VEV_5500;XIREC;7.0;22
198700;;SUBMISSION;VEV_5400;XIREC;16.0;22
198700;SUBMISSION;;VEV_5400;XIREC;17.0;22
198700;;SUBMISSION;VEV_5500;XIREC;6.0;22
198700;SUBMISSION;;VEV_5500;XIREC;7.0;22
198800;;SUBMISSION;VEV_5400;XIREC;16.0;25
198800;SUBMISSION;;VEV_5400;XIREC;17.0;25
198800;;SUBMISSION;VEV_5500;XIREC;6.0;25
198800;SUBMISSION;;VEV_5500;XIREC;7.0;25
198900;;SUBMISSION;VEV_5500;XIREC;6.0;28
198900;SUBMISSION;;VEV_5500;XIREC;7.0;28
199000;;SUBMISSION;VEV_5500;XIREC;6.0;26
199000;SUBMISSION;;VEV_5500;XIREC;7.0;26
199100;;SUBMISSION;VEV_5500;XIREC;6.0;23
199100;SUBMISSION;;VEV_5500;XIREC;7.0;23
199200;;SUBMISSION;VEV_5500;XIREC;6.0;22
199200;SUBMISSION;;VEV_5500;XIREC;7.0;22
199300;;SUBMISSION;VEV_5500;XIREC;6.0;22
199300;SUBMISSION;;VEV_5500;XIREC;7.0;22
199300;;;VELVETFRUIT_EXTRACT;XIREC;5233.0;7
199400;;SUBMISSION;VEV_5500;XIREC;6.0;19
199400;SUBMISSION;;VEV_5500;XIREC;7.0;19
199500;;SUBMISSION;VEV_5500;XIREC;6.0;21
199500;SUBMISSION;;VEV_5500;XIREC;7.0;21
199600;;SUBMISSION;VEV_5500;XIREC;6.0;24
199600;SUBMISSION;;VEV_5500;XIREC;7.0;24
199700;;SUBMISSION;VEV_5500;XIREC;6.0;18
199700;SUBMISSION;;VEV_5500;XIREC;7.0;18
199700;;;VELVETFRUIT_EXTRACT;XIREC;5227.0;4
199800;;SUBMISSION;VEV_5500;XIREC;6.0;22
199800;SUBMISSION;;VEV_5500;XIREC;7.0;22
200500;;SUBMISSION;VEV_5500;XIREC;7.0;7
200600;;SUBMISSION;VEV_5500;XIREC;7.0;10
200700;SUBMISSION;;VEV_5500;XIREC;8.0;17
200700;;;VELVETFRUIT_EXTRACT;XIREC;5235.0;7
201200;;SUBMISSION;VEV_5500;XIREC;7.0;9
201300;SUBMISSION;;VEV_5500;XIREC;8.0;9
201600;;SUBMISSION;VEV_5500;XIREC;7.0;10
201900;;;VELVETFRUIT_EXTRACT;XIREC;5230.0;4
202000;SUBMISSION;;VEV_5500;XIREC;8.0;10
202100;;SUBMISSION;VEV_5400;XIREC;17.0;7
202100;SUBMISSION;;VEV_5400;XIREC;18.0;7
202500;;;VELVETFRUIT_EXTRACT;XIREC;5233.0;6
202700;;SUBMISSION;VEV_5400;XIREC;17.0;7
202700;SUBMISSION;;VEV_5400;XIREC;18.0;7
203000;;SUBMISSION;VEV_5400;XIREC;17.0;5
203000;SUBMISSION;;VEV_5400;XIREC;18.0;5
203100;;SUBMISSION;VEV_5500;XIREC;6.0;29
203100;SUBMISSION;;VEV_5500;XIREC;7.0;29
203200;;SUBMISSION;VEV_5500;XIREC;6.0;17
203200;SUBMISSION;;VEV_5500;XIREC;7.0;17
203300;;SUBMISSION;VEV_5500;XIREC;6.0;25
203300;SUBMISSION;;VEV_5500;XIREC;7.0;25
203400;;SUBMISSION;VEV_5500;XIREC;6.0;27
203400;SUBMISSION;;VEV_5500;XIREC;7.0;27
203500;;SUBMISSION;VEV_5500;XIREC;6.0;25
203500;SUBMISSION;;VEV_5500;XIREC;7.0;25
203600;;SUBMISSION;VEV_5500;XIREC;6.0;22
203600;SUBMISSION;;VEV_5500;XIREC;7.0;22
203600;;;VELVETFRUIT_EXTRACT;XIREC;5229.0;10
203700;;SUBMISSION;VEV_5400;XIREC;16.0;20
203700;SUBMISSION;;VEV_5400;XIREC;17.0;20
203700;;SUBMISSION;VEV_5500;XIREC;6.0;20
203700;SUBMISSION;;VEV_5500;XIREC;7.0;20
203800;;SUBMISSION;VEV_5400;XIREC;16.0;20
203800;SUBMISSION;;VEV_5400;XIREC;17.0;20
203800;;SUBMISSION;VEV_5500;XIREC;6.0;20
203800;SUBMISSION;;VEV_5500;XIREC;7.0;20
203900;;SUBMISSION;HYDROGEL_PACK;XIREC;9977.0;6
203900;;SUBMISSION;VEV_5400;XIREC;16.0;21
203900;SUBMISSION;;VEV_5400;XIREC;17.0;21
203900;;SUBMISSION;VEV_5500;XIREC;6.0;21
203900;SUBMISSION;;VEV_5500;XIREC;7.0;21
204000;;SUBMISSION;VEV_5400;XIREC;16.0;27
204000;SUBMISSION;;VEV_5400;XIREC;17.0;27
204000;;SUBMISSION;VEV_5500;XIREC;6.0;27
204000;SUBMISSION;;VEV_5500;XIREC;7.0;27
204100;;SUBMISSION;VEV_5400;XIREC;16.0;28
204100;SUBMISSION;;VEV_5400;XIREC;17.0;28
204100;;SUBMISSION;VEV_5500;XIREC;6.0;28
204100;SUBMISSION;;VEV_5500;XIREC;7.0;28
204200;;SUBMISSION;VEV_5400;XIREC;16.0;18
204200;SUBMISSION;;VEV_5400;XIREC;17.0;18
204200;;SUBMISSION;VEV_5500;XIREC;6.0;18
204200;SUBMISSION;;VEV_5500;XIREC;7.0;18
204300;;SUBMISSION;VEV_5400;XIREC;16.0;21
204300;SUBMISSION;;VEV_5400;XIREC;17.0;21
204300;;SUBMISSION;VEV_5500;XIREC;6.0;21
204300;SUBMISSION;;VEV_5500;XIREC;7.0;21
204400;;SUBMISSION;VEV_5400;XIREC;16.0;26
204400;SUBMISSION;;VEV_5400;XIREC;17.0;26
204400;;SUBMISSION;VEV_5500;XIREC;6.0;26
204400;SUBMISSION;;VEV_5500;XIREC;7.0;26
204500;;SUBMISSION;VEV_5500;XIREC;6.0;27
204500;SUBMISSION;;VEV_5500;XIREC;7.0;27
204600;;SUBMISSION;VEV_5400;XIREC;16.0;20
204600;SUBMISSION;;VEV_5400;XIREC;17.0;20
204600;;SUBMISSION;VEV_5500;XIREC;6.0;20
204600;SUBMISSION;;VEV_5500;XIREC;7.0;20
204700;;SUBMISSION;VEV_5500;XIREC;6.0;18
204700;SUBMISSION;;VEV_5500;XIREC;7.0;18
204800;;SUBMISSION;VEV_5400;XIREC;17.0;10
204800;SUBMISSION;;VEV_5400;XIREC;18.0;10
204900;;SUBMISSION;VEV_5500;XIREC;6.0;23
204900;SUBMISSION;;VEV_5500;XIREC;7.0;23
205000;;SUBMISSION;VEV_5400;XIREC;16.0;23
205000;SUBMISSION;;VEV_5400;XIREC;17.0;23
205000;;SUBMISSION;VEV_5500;XIREC;6.0;23
205000;SUBMISSION;;VEV_5500;XIREC;7.0;23
205100;;SUBMISSION;VEV_5500;XIREC;6.0;19
205100;SUBMISSION;;VEV_5500;XIREC;7.0;19
205200;;SUBMISSION;VEV_5500;XIREC;6.0;28
205200;SUBMISSION;;VEV_5500;XIREC;7.0;28
205300;;SUBMISSION;VEV_5500;XIREC;6.0;25
205300;SUBMISSION;;VEV_5500;XIREC;7.0;25
205400;;SUBMISSION;VEV_5500;XIREC;6.0;17
205400;SUBMISSION;;VEV_5500;XIREC;7.0;17
205500;;SUBMISSION;VEV_5500;XIREC;6.0;23
205500;SUBMISSION;;VEV_5500;XIREC;7.0;23
205600;;SUBMISSION;VEV_5400;XIREC;16.0;18
205600;SUBMISSION;;VEV_5400;XIREC;17.0;18
205600;;SUBMISSION;VEV_5500;XIREC;6.0;18
205600;SUBMISSION;;VEV_5500;XIREC;7.0;18
205700;;SUBMISSION;VEV_5500;XIREC;6.0;27
205700;SUBMISSION;;VEV_5500;XIREC;7.0;27
205800;;SUBMISSION;VEV_5400;XIREC;16.0;21
205800;SUBMISSION;;VEV_5400;XIREC;17.0;21
205800;;SUBMISSION;VEV_5500;XIREC;6.0;21
205800;SUBMISSION;;VEV_5500;XIREC;7.0;21
205900;;SUBMISSION;VEV_5400;XIREC;16.0;18
205900;SUBMISSION;;VEV_5400;XIREC;17.0;18
205900;;SUBMISSION;VEV_5500;XIREC;6.0;18
205900;SUBMISSION;;VEV_5500;XIREC;7.0;18
206000;;SUBMISSION;VEV_5400;XIREC;16.0;8
206000;SUBMISSION;;VEV_5400;XIREC;17.0;8
206000;;SUBMISSION;VEV_5500;XIREC;6.0;20
206000;SUBMISSION;;VEV_5500;XIREC;7.0;20
206100;;SUBMISSION;VEV_5400;XIREC;16.0;24
206100;SUBMISSION;;VEV_5400;XIREC;17.0;24
206100;;SUBMISSION;VEV_5500;XIREC;6.0;24
206100;SUBMISSION;;VEV_5500;XIREC;7.0;24
206200;;SUBMISSION;HYDROGEL_PACK;XIREC;9982.0;5
206200;;SUBMISSION;VEV_5500;XIREC;6.0;22
206200;SUBMISSION;;VEV_5500;XIREC;7.0;22
206300;;SUBMISSION;VEV_5500;XIREC;6.0;21
206300;SUBMISSION;;VEV_5500;XIREC;7.0;21
206400;;SUBMISSION;VEV_5500;XIREC;6.0;27
206400;SUBMISSION;;VEV_5500;XIREC;7.0;27
206500;;SUBMISSION;VEV_5500;XIREC;6.0;28
206500;SUBMISSION;;VEV_5500;XIREC;7.0;28
206600;;SUBMISSION;VEV_5500;XIREC;6.0;17
206600;SUBMISSION;;VEV_5500;XIREC;7.0;17
206700;SUBMISSION;;HYDROGEL_PACK;XIREC;9963.0;5
206700;;SUBMISSION;VEV_5500;XIREC;6.0;22
206700;SUBMISSION;;VEV_5500;XIREC;7.0;22
206800;;SUBMISSION;VEV_5400;XIREC;16.0;5
206800;SUBMISSION;;VEV_5400;XIREC;17.0;5
206800;;SUBMISSION;VEV_5500;XIREC;6.0;21
206800;SUBMISSION;;VEV_5500;XIREC;7.0;21
206900;;SUBMISSION;VEV_5400;XIREC;16.0;18
206900;SUBMISSION;;VEV_5400;XIREC;17.0;18
206900;;SUBMISSION;VEV_5500;XIREC;6.0;18
206900;SUBMISSION;;VEV_5500;XIREC;7.0;18
207000;;SUBMISSION;VEV_5400;XIREC;16.0;24
207000;SUBMISSION;;VEV_5400;XIREC;17.0;24
207000;;SUBMISSION;VEV_5500;XIREC;6.0;24
207000;SUBMISSION;;VEV_5500;XIREC;7.0;24
207100;;SUBMISSION;VEV_5400;XIREC;16.0;21
207100;SUBMISSION;;VEV_5400;XIREC;17.0;21
207100;;SUBMISSION;VEV_5500;XIREC;6.0;21
207100;SUBMISSION;;VEV_5500;XIREC;7.0;21
207200;SUBMISSION;;HYDROGEL_PACK;XIREC;9963.0;4
207200;;SUBMISSION;VEV_5400;XIREC;16.0;22
207200;SUBMISSION;;VEV_5400;XIREC;17.0;22
207200;;SUBMISSION;VEV_5500;XIREC;6.0;22
207200;SUBMISSION;;VEV_5500;XIREC;7.0;22
207300;;SUBMISSION;VEV_5500;XIREC;6.0;21
207300;SUBMISSION;;VEV_5500;XIREC;7.0;21
207400;;SUBMISSION;VEV_5400;XIREC;16.0;21
207400;SUBMISSION;;VEV_5400;XIREC;17.0;21
207400;;SUBMISSION;VEV_5500;XIREC;6.0;21
207400;SUBMISSION;;VEV_5500;XIREC;7.0;21
207500;;SUBMISSION;VEV_5500;XIREC;6.0;26
207500;SUBMISSION;;VEV_5500;XIREC;7.0;26
207600;;SUBMISSION;HYDROGEL_PACK;XIREC;9979.0;6
207600;;SUBMISSION;VEV_5500;XIREC;6.0;25
207600;SUBMISSION;;VEV_5500;XIREC;7.0;25
207700;;SUBMISSION;VEV_5500;XIREC;6.0;18
207700;SUBMISSION;;VEV_5500;XIREC;7.0;18
207800;;SUBMISSION;VEV_5500;XIREC;6.0;27
207800;SUBMISSION;;VEV_5500;XIREC;7.0;24
207900;;SUBMISSION;VEV_5500;XIREC;6.0;17
207900;SUBMISSION;;VEV_5500;XIREC;7.0;17
208000;;SUBMISSION;VEV_5500;XIREC;6.0;24
208000;SUBMISSION;;VEV_5500;XIREC;7.0;24
208100;;SUBMISSION;VEV_5400;XIREC;16.0;20
208100;SUBMISSION;;VEV_5400;XIREC;17.0;20
208100;;SUBMISSION;VEV_5500;XIREC;6.0;20
208100;SUBMISSION;;VEV_5500;XIREC;7.0;20
208200;;SUBMISSION;VEV_5400;XIREC;16.0;27
208200;SUBMISSION;;VEV_5400;XIREC;17.0;27
208200;;SUBMISSION;VEV_5500;XIREC;6.0;27
208200;SUBMISSION;;VEV_5500;XIREC;7.0;27
208300;;SUBMISSION;VEV_5500;XIREC;6.0;25
208300;SUBMISSION;;VEV_5500;XIREC;7.0;25
208400;;SUBMISSION;VEV_5400;XIREC;16.0;25
208400;SUBMISSION;;VEV_5400;XIREC;17.0;25
208400;;SUBMISSION;VEV_5500;XIREC;6.0;25
208400;SUBMISSION;;VEV_5500;XIREC;7.0;25
208500;;SUBMISSION;VEV_5400;XIREC;16.0;19
208500;SUBMISSION;;VEV_5400;XIREC;17.0;19
208500;;SUBMISSION;VEV_5500;XIREC;6.0;19
208500;SUBMISSION;;VEV_5500;XIREC;7.0;19
208600;;SUBMISSION;VEV_5400;XIREC;16.0;22
208600;SUBMISSION;;VEV_5400;XIREC;17.0;22
208600;;SUBMISSION;VEV_5500;XIREC;6.0;22
208600;SUBMISSION;;VEV_5500;XIREC;7.0;22
208700;;SUBMISSION;VEV_5500;XIREC;6.0;29
208700;SUBMISSION;;VEV_5500;XIREC;7.0;29
208800;;SUBMISSION;VEV_5500;XIREC;6.0;29
208800;SUBMISSION;;VEV_5500;XIREC;7.0;29
208900;SUBMISSION;;VEV_5500;XIREC;8.0;3
209000;;SUBMISSION;HYDROGEL_PACK;XIREC;9988.0;5
209000;;SUBMISSION;VEV_5500;XIREC;6.0;19
209000;SUBMISSION;;VEV_5500;XIREC;7.0;19
209100;;SUBMISSION;VEV_5500;XIREC;6.0;21
209100;SUBMISSION;;VEV_5500;XIREC;7.0;21
209200;;SUBMISSION;VEV_5400;XIREC;17.0;9
209200;SUBMISSION;;VEV_5400;XIREC;18.0;9
209200;;SUBMISSION;VEV_5500;XIREC;6.0;21
209200;SUBMISSION;;VEV_5500;XIREC;7.0;21
209300;;SUBMISSION;VEV_5500;XIREC;6.0;21
209300;SUBMISSION;;VEV_5500;XIREC;7.0;21
209400;;SUBMISSION;VEV_5500;XIREC;6.0;20
209400;SUBMISSION;;VEV_5500;XIREC;7.0;20
209400;;;VELVETFRUIT_EXTRACT;XIREC;5231.0;5
209500;;SUBMISSION;VEV_5500;XIREC;6.0;23
209500;SUBMISSION;;VEV_5500;XIREC;7.0;23
209600;;SUBMISSION;VEV_5500;XIREC;6.0;21
209600;SUBMISSION;;VEV_5500;XIREC;7.0;21
209700;;SUBMISSION;VEV_5500;XIREC;6.0;24
209700;SUBMISSION;;VEV_5500;XIREC;7.0;24
209800;;SUBMISSION;VEV_5500;XIREC;6.0;24
209800;SUBMISSION;;VEV_5500;XIREC;7.0;24
209900;;SUBMISSION;VEV_5400;XIREC;17.0;7
209900;SUBMISSION;;VEV_5400;XIREC;18.0;7
209900;;SUBMISSION;VEV_5500;XIREC;6.0;24
209900;SUBMISSION;;VEV_5500;XIREC;7.0;24
210300;;SUBMISSION;VEV_5500;XIREC;7.0;8
210400;;SUBMISSION;VEV_5500;XIREC;7.0;7
210700;;SUBMISSION;VELVETFRUIT_EXTRACT;XIREC;5237.0;6
210800;SUBMISSION;;VEV_5500;XIREC;8.0;15
211100;;SUBMISSION;VEV_5500;XIREC;6.0;22
211100;SUBMISSION;;VEV_5500;XIREC;7.0;22
211200;;SUBMISSION;VEV_5400;XIREC;17.0;10
211200;SUBMISSION;;VEV_5400;XIREC;18.0;10
211200;;SUBMISSION;VEV_5500;XIREC;6.0;25
211200;SUBMISSION;;VEV_5500;XIREC;7.0;25
211300;SUBMISSION;;VELVETFRUIT_EXTRACT;XIREC;5228.0;5
211300;SUBMISSION;;VELVETFRUIT_EXTRACT;XIREC;5231.0;1
211300;;SUBMISSION;VEV_5500;XIREC;6.0;25
211300;SUBMISSION;;VEV_5500;XIREC;7.0;20
211400;;SUBMISSION;VEV_5400;XIREC;16.0;21
211400;SUBMISSION;;VEV_5400;XIREC;17.0;21
211400;;SUBMISSION;VEV_5500;XIREC;6.0;21
211400;SUBMISSION;;VEV_5500;XIREC;7.0;21
211500;;SUBMISSION;VEV_5400;XIREC;16.0;23
211500;SUBMISSION;;VEV_5400;XIREC;17.0;23
211500;;SUBMISSION;VEV_5500;XIREC;6.0;23
211500;SUBMISSION;;VEV_5500;XIREC;7.0;23
211600;;SUBMISSION;VEV_5400;XIREC;16.0;18
211600;SUBMISSION;;VEV_5400;XIREC;17.0;18
211600;;SUBMISSION;VEV_5500;XIREC;6.0;18
211600;SUBMISSION;;VEV_5500;XIREC;7.0;18
211700;;SUBMISSION;VEV_5400;XIREC;16.0;19
211700;SUBMISSION;;VEV_5400;XIREC;17.0;19
211700;;SUBMISSION;VEV_5500;XIREC;6.0;19
211700;SUBMISSION;;VEV_5500;XIREC;7.0;19
211800;;SUBMISSION;VEV_5400;XIREC;16.0;23
211800;SUBMISSION;;VEV_5400;XIREC;17.0;23
211800;;SUBMISSION;VEV_5500;XIREC;6.0;23
211800;SUBMISSION;;VEV_5500;XIREC;7.0;23
211900;;SUBMISSION;VEV_5400;XIREC;16.0;15
211900;SUBMISSION;;VEV_5400;XIREC;17.0;15
211900;;SUBMISSION;VEV_5500;XIREC;6.0;15
211900;SUBMISSION;;VEV_5500;XIREC;7.0;15
212000;;SUBMISSION;VEV_5500;XIREC;6.0;24
212000;SUBMISSION;;VEV_5500;XIREC;7.0;24
212100;;SUBMISSION;VEV_4000;XIREC;1229.0;2
212100;;SUBMISSION;VEV_5500;XIREC;6.0;30
212100;SUBMISSION;;VEV_5500;XIREC;7.0;30
212200;;SUBMISSION;VEV_5500;XIREC;6.0;21
212200;SUBMISSION;;VEV_5500;XIREC;7.0;21
212300;;SUBMISSION;VEV_5500;XIREC;6.0;27
212300;SUBMISSION;;VEV_5500;XIREC;7.0;27
212400;SUBMISSION;;VEV_5500;XIREC;7.0;5
212900;;SUBMISSION;VEV_5500;XIREC;6.0;8
212900;SUBMISSION;;VEV_5500;XIREC;7.0;8
212900;;;VEV_5400;XIREC;15.0;2
212900;;;VEV_5500;XIREC;6.0;2
212900;;;VEV_6000;XIREC;0.0;2
212900;;;VEV_6500;XIREC;0.0;2
213000;SUBMISSION;;VEV_4000;XIREC;1214.0;1
213100;;SUBMISSION;VEV_5500;XIREC;6.0;18
213100;SUBMISSION;;VEV_5500;XIREC;7.0;18
213100;;;VELVETFRUIT_EXTRACT;XIREC;5224.0;6
213200;;SUBMISSION;VEV_5500;XIREC;6.0;27
213200;SUBMISSION;;VEV_5500;XIREC;7.0;27
213300;;SUBMISSION;VEV_5500;XIREC;6.0;21
213300;SUBMISSION;;VEV_5500;XIREC;7.0;21
213400;;SUBMISSION;VEV_5500;XIREC;6.0;5
213400;SUBMISSION;;VEV_5500;XIREC;7.0;5
213500;;SUBMISSION;VEV_5500;XIREC;6.0;10
213500;SUBMISSION;;VEV_5500;XIREC;7.0;10
213600;;SUBMISSION;VEV_5500;XIREC;6.0;18
213600;SUBMISSION;;VEV_5500;XIREC;7.0;18
213600;;;VELVETFRUIT_EXTRACT;XIREC;5221.0;13
213700;;SUBMISSION;VEV_5500;XIREC;6.0;20
213700;SUBMISSION;;VEV_5500;XIREC;7.0;20
213800;;SUBMISSION;VEV_5500;XIREC;6.0;18
213800;SUBMISSION;;VEV_5500;XIREC;7.0;18
213900;;SUBMISSION;VEV_5500;XIREC;6.0;23
213900;SUBMISSION;;VEV_5500;XIREC;7.0;23
214000;;SUBMISSION;VEV_5500;XIREC;6.0;27
214000;SUBMISSION;;VEV_5500;XIREC;7.0;27
214100;;SUBMISSION;VEV_5500;XIREC;6.0;18
214100;SUBMISSION;;VEV_5500;XIREC;7.0;18
214500;;SUBMISSION;VEV_5500;XIREC;6.0;18
214500;SUBMISSION;;VEV_5500;XIREC;7.0;18
215300;;SUBMISSION;VEV_5500;XIREC;6.0;20
215300;SUBMISSION;;VEV_5500;XIREC;7.0;20
215400;;SUBMISSION;VEV_5500;XIREC;6.0;22
215400;SUBMISSION;;VEV_5500;XIREC;7.0;22
215500;;SUBMISSION;VEV_5500;XIREC;6.0;20
215500;SUBMISSION;;VEV_5500;XIREC;7.0;20
215600;;SUBMISSION;VEV_5500;XIREC;6.0;21
215600;SUBMISSION;;VEV_5500;XIREC;7.0;21
215700;;SUBMISSION;VEV_4000;XIREC;1228.0;3
215700;;SUBMISSION;VEV_5500;XIREC;6.0;21
215700;SUBMISSION;;VEV_5500;XIREC;7.0;21
215800;;SUBMISSION;VEV_5500;XIREC;6.0;16
215800;SUBMISSION;;VEV_5500;XIREC;7.0;16
215900;;SUBMISSION;VEV_5400;XIREC;16.0;19
215900;SUBMISSION;;VEV_5400;XIREC;17.0;19
215900;;SUBMISSION;VEV_5500;XIREC;6.0;19
215900;SUBMISSION;;VEV_5500;XIREC;7.0;19
216000;;SUBMISSION;VEV_5400;XIREC;16.0;5
216000;SUBMISSION;;VEV_5400;XIREC;17.0;5
216000;;SUBMISSION;VEV_5500;XIREC;6.0;19
216000;SUBMISSION;;VEV_5500;XIREC;7.0;19
216000;;;VELVETFRUIT_EXTRACT;XIREC;5222.0;3
216100;;SUBMISSION;VEV_5500;XIREC;6.0;19
216100;SUBMISSION;;VEV_5500;XIREC;7.0;19
216100;;;VELVETFRUIT_EXTRACT;XIREC;5226.0;4
216200;;SUBMISSION;VEV_5400;XIREC;16.0;6
216200;SUBMISSION;;VEV_5400;XIREC;17.0;6
216200;;SUBMISSION;VEV_5500;XIREC;6.0;17
216200;SUBMISSION;;VEV_5500;XIREC;7.0;17
216300;;SUBMISSION;VEV_5500;XIREC;6.0;18
216300;SUBMISSION;;VEV_5500;XIREC;7.0;18
216400;;SUBMISSION;VEV_5400;XIREC;16.0;8
216400;SUBMISSION;;VEV_5400;XIREC;17.0;8
216400;;SUBMISSION;VEV_5500;XIREC;6.0;23
216400;SUBMISSION;;VEV_5500;XIREC;7.0;23
216500;;SUBMISSION;VEV_5500;XIREC;6.0;22
216500;SUBMISSION;;VEV_5500;XIREC;7.0;22
216600;;SUBMISSION;VEV_5500;XIREC;6.0;16
216600;SUBMISSION;;VEV_5500;XIREC;7.0;16
216600;;;VELVETFRUIT_EXTRACT;XIREC;5222.0;7
216700;;SUBMISSION;VEV_5400;XIREC;16.0;8
216700;SUBMISSION;;VEV_5400;XIREC;17.0;8
216700;;SUBMISSION;VEV_5500;XIREC;6.0;21
216700;SUBMISSION;;VEV_5500;XIREC;7.0;21
216800;;SUBMISSION;VEV_5500;XIREC;6.0;29
216800;SUBMISSION;;VEV_5500;XIREC;7.0;29
216900;;SUBMISSION;VEV_5500;XIREC;6.0;17
216900;SUBMISSION;;VEV_5500;XIREC;7.0;17
217000;;SUBMISSION;VEV_5400;XIREC;16.0;20
217000;SUBMISSION;;VEV_5400;XIREC;17.0;20
217000;;SUBMISSION;VEV_5500;XIREC;6.0;20
217000;SUBMISSION;;VEV_5500;XIREC;7.0;20
217100;;SUBMISSION;VEV_5400;XIREC;16.0;27
217100;SUBMISSION;;VEV_5400;XIREC;17.0;27
217100;;SUBMISSION;VEV_5500;XIREC;6.0;27
217100;SUBMISSION;;VEV_5500;XIREC;7.0;27
217200;;SUBMISSION;VEV_5400;XIREC;16.0;6
217200;SUBMISSION;;VEV_5400;XIREC;17.0;6
217200;;SUBMISSION;VEV_5500;XIREC;6.0;22
217200;SUBMISSION;;VEV_5500;XIREC;7.0;22
217200;;;VELVETFRUIT_EXTRACT;XIREC;5227.0;4
217300;;SUBMISSION;VEV_5400;XIREC;16.0;8
217300;SUBMISSION;;VEV_5400;XIREC;17.0;8
217300;;SUBMISSION;VEV_5500;XIREC;6.0;18
217300;SUBMISSION;;VEV_5500;XIREC;7.0;18
217400;;SUBMISSION;VEV_5400;XIREC;16.0;7
217400;SUBMISSION;;VEV_5400;XIREC;17.0;7
217400;;SUBMISSION;VEV_5500;XIREC;6.0;19
217400;SUBMISSION;;VEV_5500;XIREC;7.0;19
217500;;SUBMISSION;VEV_5400;XIREC;16.0;22
217500;SUBMISSION;;VEV_5400;XIREC;17.0;22
217500;;SUBMISSION;VEV_5500;XIREC;6.0;22
217500;SUBMISSION;;VEV_5500;XIREC;7.0;22
217600;;SUBMISSION;VEV_5400;XIREC;16.0;25
217600;SUBMISSION;;VEV_5400;XIREC;17.0;25
217600;;SUBMISSION;VEV_5500;XIREC;6.0;25
217600;SUBMISSION;;VEV_5500;XIREC;7.0;25
217700;;SUBMISSION;VEV_5500;XIREC;6.0;24
217700;SUBMISSION;;VEV_5500;XIREC;7.0;24
217800;;SUBMISSION;VEV_5500;XIREC;6.0;23
217800;SUBMISSION;;VEV_5500;XIREC;7.0;23
217900;;SUBMISSION;VEV_5500;XIREC;6.0;15
217900;SUBMISSION;;VEV_5500;XIREC;7.0;15
218000;;SUBMISSION;VEV_5500;XIREC;6.0;28
218000;SUBMISSION;;VEV_5500;XIREC;7.0;28
218100;;SUBMISSION;VEV_5500;XIREC;6.0;28
218100;SUBMISSION;;VEV_5500;XIREC;7.0;28
218200;;SUBMISSION;VEV_5500;XIREC;6.0;17
218200;SUBMISSION;;VEV_5500;XIREC;7.0;17
218300;;SUBMISSION;VEV_5500;XIREC;6.0;18
218300;SUBMISSION;;VEV_5500;XIREC;7.0;18
218400;;SUBMISSION;VEV_5500;XIREC;6.0;25
218400;SUBMISSION;;VEV_5500;XIREC;7.0;25
218500;;SUBMISSION;VEV_5500;XIREC;6.0;18
218500;SUBMISSION;;VEV_5500;XIREC;7.0;18
218600;;SUBMISSION;VEV_5500;XIREC;6.0;6
218600;SUBMISSION;;VEV_5500;XIREC;7.0;6
218700;;SUBMISSION;VEV_5500;XIREC;6.0;20
218700;SUBMISSION;;VEV_5500;XIREC;7.0;20
218800;;SUBMISSION;HYDROGEL_PACK;XIREC;9985.0;4
218800;;SUBMISSION;VEV_5500;XIREC;6.0;21
218800;SUBMISSION;;VEV_5500;XIREC;7.0;21
218900;;SUBMISSION;VEV_5400;XIREC;16.0;26
218900;SUBMISSION;;VEV_5400;XIREC;17.0;26
218900;;SUBMISSION;VEV_5500;XIREC;6.0;26
218900;SUBMISSION;;VEV_5500;XIREC;7.0;26
219000;;SUBMISSION;VEV_5400;XIREC;16.0;5
219000;SUBMISSION;;VEV_5400;XIREC;17.0;5
219000;;SUBMISSION;VEV_5500;XIREC;6.0;21
219000;SUBMISSION;;VEV_5500;XIREC;7.0;21
219100;;SUBMISSION;VEV_5500;XIREC;6.0;20
219100;SUBMISSION;;VEV_5500;XIREC;7.0;20
219200;;SUBMISSION;VEV_5400;XIREC;16.0;24
219200;SUBMISSION;;VEV_5400;XIREC;17.0;24
219200;;SUBMISSION;VEV_5500;XIREC;6.0;24
219200;SUBMISSION;;VEV_5500;XIREC;7.0;24
219300;;SUBMISSION;VEV_5400;XIREC;16.0;18
219300;SUBMISSION;;VEV_5400;XIREC;17.0;18
219300;;SUBMISSION;VEV_5500;XIREC;6.0;18
219300;SUBMISSION;;VEV_5500;XIREC;7.0;18
219400;;SUBMISSION;VEV_5400;XIREC;16.0;20
219400;SUBMISSION;;VEV_5400;XIREC;17.0;20
219400;;SUBMISSION;VEV_5500;XIREC;6.0;20
219400;SUBMISSION;;VEV_5500;XIREC;7.0;20
219500;;SUBMISSION;VEV_5400;XIREC;16.0;24
219500;SUBMISSION;;VEV_5400;XIREC;17.0;24
219500;;SUBMISSION;VEV_5500;XIREC;6.0;24
219500;SUBMISSION;;VEV_5500;XIREC;7.0;24
219600;SUBMISSION;;VEV_4000;XIREC;1221.0;2
219600;;SUBMISSION;VEV_5400;XIREC;16.0;17
219600;SUBMISSION;;VEV_5400;XIREC;17.0;17
219600;;SUBMISSION;VEV_5500;XIREC;6.0;17
219600;SUBMISSION;;VEV_5500;XIREC;7.0;17
219700;;SUBMISSION;VEV_5400;XIREC;16.0;27
219700;SUBMISSION;;VEV_5400;XIREC;17.0;27
219700;;SUBMISSION;VEV_5500;XIREC;6.0;27
219700;SUBMISSION;;VEV_5500;XIREC;7.0;27
219800;;SUBMISSION;VEV_5400;XIREC;16.0;25
219800;SUBMISSION;;VEV_5400;XIREC;17.0;25
219800;;SUBMISSION;VEV_5500;XIREC;6.0;25
219800;SUBMISSION;;VEV_5500;XIREC;7.0;25
219900;;SUBMISSION;VEV_5400;XIREC;16.0;21
219900;SUBMISSION;;VEV_5400;XIREC;17.0;21
219900;;SUBMISSION;VEV_5500;XIREC;6.0;21
219900;SUBMISSION;;VEV_5500;XIREC;7.0;21
220000;;SUBMISSION;VEV_5400;XIREC;16.0;8
220000;SUBMISSION;;VEV_5400;XIREC;17.0;8
220000;;SUBMISSION;VEV_5500;XIREC;6.0;20
220000;SUBMISSION;;VEV_5500;XIREC;7.0;20
220100;;SUBMISSION;VEV_5400;XIREC;16.0;15
220100;SUBMISSION;;VEV_5400;XIREC;17.0;15
220100;;SUBMISSION;VEV_5500;XIREC;6.0;15
220100;SUBMISSION;;VEV_5500;XIREC;7.0;15
220100;;;VEV_5200;XIREC;84.0;5
220100;;;VEV_5400;XIREC;16.0;5
220100;;;VEV_5500;XIREC;6.0;5
220100;;;VEV_6000;XIREC;0.0;5
220100;;;VEV_6500;XIREC;0.0;5
220200;;SUBMISSION;VEV_5400;XIREC;16.0;19
220200;SUBMISSION;;VEV_5400;XIREC;17.0;19
220200;;SUBMISSION;VEV_5500;XIREC;6.0;19
220200;SUBMISSION;;VEV_5500;XIREC;7.0;19
220300;;SUBMISSION;VEV_5400;XIREC;16.0;24
220300;SUBMISSION;;VEV_5400;XIREC;17.0;24
220300;;SUBMISSION;VEV_5500;XIREC;6.0;24
220300;SUBMISSION;;VEV_5500;XIREC;7.0;24
220400;;SUBMISSION;VEV_5400;XIREC;16.0;29
220400;SUBMISSION;;VEV_5400;XIREC;17.0;29
220400;;SUBMISSION;VEV_5500;XIREC;6.0;29
220400;SUBMISSION;;VEV_5500;XIREC;7.0;29
220500;;SUBMISSION;VEV_5400;XIREC;16.0;19
220500;SUBMISSION;;VEV_5400;XIREC;17.0;19
220500;;SUBMISSION;VEV_5500;XIREC;6.0;19
220500;SUBMISSION;;VEV_5500;XIREC;7.0;19
220600;;SUBMISSION;VEV_5500;XIREC;6.0;24
220600;SUBMISSION;;VEV_5500;XIREC;7.0;24
220700;;SUBMISSION;VEV_5400;XIREC;16.0;25
220700;SUBMISSION;;VEV_5400;XIREC;17.0;25
220700;;SUBMISSION;VEV_5500;XIREC;6.0;25
220700;SUBMISSION;;VEV_5500;XIREC;7.0;25
220800;;SUBMISSION;VEV_5400;XIREC;16.0;19
220800;SUBMISSION;;VEV_5400;XIREC;17.0;19
220800;;SUBMISSION;VEV_5500;XIREC;6.0;19
220800;SUBMISSION;;VEV_5500;XIREC;7.0;19
220900;;SUBMISSION;VEV_5400;XIREC;16.0;26
220900;SUBMISSION;;VEV_5400;XIREC;17.0;26
220900;;SUBMISSION;VEV_5500;XIREC;6.0;26
220900;SUBMISSION;;VEV_5500;XIREC;7.0;26
221000;;SUBMISSION;VEV_5400;XIREC;16.0;23
221000;SUBMISSION;;VEV_5400;XIREC;17.0;23
221000;;SUBMISSION;VEV_5500;XIREC;6.0;23
221000;SUBMISSION;;VEV_5500;XIREC;7.0;23
221100;;SUBMISSION;VEV_5400;XIREC;16.0;24
221100;SUBMISSION;;VEV_5400;XIREC;17.0;24
221100;;SUBMISSION;VEV_5500;XIREC;6.0;24
221100;SUBMISSION;;VEV_5500;XIREC;7.0;24
221200;;SUBMISSION;VEV_5400;XIREC;16.0;17
221200;SUBMISSION;;VEV_5400;XIREC;17.0;17
221200;;SUBMISSION;VEV_5500;XIREC;6.0;17
221200;SUBMISSION;;VEV_5500;XIREC;7.0;17
221300;;SUBMISSION;VEV_5400;XIREC;16.0;16
221300;SUBMISSION;;VEV_5400;XIREC;17.0;16
221300;;SUBMISSION;VEV_5500;XIREC;6.0;16
221300;SUBMISSION;;VEV_5500;XIREC;7.0;16
221400;;SUBMISSION;VEV_5400;XIREC;16.0;15
221400;SUBMISSION;;VEV_5400;XIREC;17.0;15
221400;;SUBMISSION;VEV_5500;XIREC;6.0;15
221400;SUBMISSION;;VEV_5500;XIREC;7.0;15
221500;;SUBMISSION;VEV_5500;XIREC;6.0;29
221500;SUBMISSION;;VEV_5500;XIREC;7.0;29
221500;;;HYDROGEL_PACK;XIREC;9986.0;3
221600;;SUBMISSION;VEV_5500;XIREC;6.0;19
221600;SUBMISSION;;VEV_5500;XIREC;7.0;19
221700;;SUBMISSION;VEV_5500;XIREC;6.0;17
221700;SUBMISSION;;VEV_5500;XIREC;7.0;17
221800;;SUBMISSION;VEV_5500;XIREC;6.0;25
221800;SUBMISSION;;VEV_5500;XIREC;7.0;25
221900;;SUBMISSION;VEV_5500;XIREC;6.0;26
221900;SUBMISSION;;VEV_5500;XIREC;7.0;26
222000;;SUBMISSION;VEV_5500;XIREC;6.0;23
222000;SUBMISSION;;VEV_5500;XIREC;7.0;23
222100;;SUBMISSION;VEV_5500;XIREC;6.0;26
222100;SUBMISSION;;VEV_5500;XIREC;7.0;26
222200;;SUBMISSION;VEV_5500;XIREC;6.0;21
222200;SUBMISSION;;VEV_5500;XIREC;7.0;21
222300;;SUBMISSION;VEV_5400;XIREC;16.0;20
222300;SUBMISSION;;VEV_5400;XIREC;17.0;20
222300;;SUBMISSION;VEV_5500;XIREC;6.0;20
222300;SUBMISSION;;VEV_5500;XIREC;7.0;20
222400;;SUBMISSION;VEV_5400;XIREC;16.0;15
222400;SUBMISSION;;VEV_5400;XIREC;17.0;15
222400;;SUBMISSION;VEV_5500;XIREC;6.0;15
222400;SUBMISSION;;VEV_5500;XIREC;7.0;15
222500;;SUBMISSION;VEV_5400;XIREC;16.0;20
222500;SUBMISSION;;VEV_5400;XIREC;17.0;20
222500;;SUBMISSION;VEV_5500;XIREC;6.0;20
222500;SUBMISSION;;VEV_5500;XIREC;7.0;20
222600;;SUBMISSION;VEV_5500;XIREC;6.0;27
222600;SUBMISSION;;VEV_5500;XIREC;7.0;27
222700;;SUBMISSION;HYDROGEL_PACK;XIREC;10001.0;6
222700;SUBMISSION;;VEV_4000;XIREC;1222.0;1
222700;;SUBMISSION;VEV_5400;XIREC;16.0;28
222700;SUBMISSION;;VEV_5400;XIREC;17.0;28
222700;;SUBMISSION;VEV_5500;XIREC;6.0;28
222700;SUBMISSION;;VEV_5500;XIREC;7.0;28
222800;;SUBMISSION;VEV_5400;XIREC;16.0;18
222800;SUBMISSION;;VEV_5400;XIREC;17.0;18
222800;;SUBMISSION;VEV_5500;XIREC;6.0;18
222800;SUBMISSION;;VEV_5500;XIREC;7.0;18
222900;;SUBMISSION;VEV_5400;XIREC;16.0;25
222900;SUBMISSION;;VEV_5400;XIREC;17.0;25
222900;;SUBMISSION;VEV_5500;XIREC;6.0;25
222900;SUBMISSION;;VEV_5500;XIREC;7.0;25
223000;;SUBMISSION;VEV_5500;XIREC;6.0;24
223000;SUBMISSION;;VEV_5500;XIREC;7.0;24
223100;;SUBMISSION;VEV_5500;XIREC;6.0;25
223100;SUBMISSION;;VEV_5500;XIREC;7.0;25
223200;;SUBMISSION;VEV_5500;XIREC;6.0;16
223200;SUBMISSION;;VEV_5500;XIREC;7.0;16
223300;;SUBMISSION;VEV_5500;XIREC;6.0;25
223300;SUBMISSION;;VEV_5500;XIREC;7.0;25
223400;;SUBMISSION;VEV_5500;XIREC;6.0;20
223400;SUBMISSION;;VEV_5500;XIREC;7.0;20
223500;;SUBMISSION;VEV_5500;XIREC;6.0;22
223500;SUBMISSION;;VEV_5500;XIREC;7.0;22
223600;;SUBMISSION;VEV_5400;XIREC;16.0;25
223600;SUBMISSION;;VEV_5400;XIREC;17.0;25
223600;;SUBMISSION;VEV_5500;XIREC;6.0;25
223600;SUBMISSION;;VEV_5500;XIREC;7.0;25
223700;;SUBMISSION;VEV_5400;XIREC;16.0;27
223700;SUBMISSION;;VEV_5400;XIREC;17.0;27
223700;;SUBMISSION;VEV_5500;XIREC;6.0;27
223700;SUBMISSION;;VEV_5500;XIREC;7.0;27
223800;;SUBMISSION;VEV_5400;XIREC;16.0;20
223800;SUBMISSION;;VEV_5400;XIREC;17.0;20
223800;;SUBMISSION;VEV_5500;XIREC;6.0;20
223800;SUBMISSION;;VEV_5500;XIREC;7.0;20
223900;;SUBMISSION;VEV_5400;XIREC;16.0;27
223900;SUBMISSION;;VEV_5400;XIREC;17.0;27
223900;;SUBMISSION;VEV_5500;XIREC;6.0;27
223900;SUBMISSION;;VEV_5500;XIREC;7.0;27
224000;;SUBMISSION;VEV_5400;XIREC;16.0;23
224000;SUBMISSION;;VEV_5400;XIREC;17.0;23
224000;;SUBMISSION;VEV_5500;XIREC;6.0;23
224000;SUBMISSION;;VEV_5500;XIREC;7.0;23
224100;;SUBMISSION;VEV_5400;XIREC;16.0;19
224100;SUBMISSION;;VEV_5400;XIREC;17.0;19
224100;;SUBMISSION;VEV_5500;XIREC;6.0;19
224100;SUBMISSION;;VEV_5500;XIREC;7.0;19
224200;;SUBMISSION;VEV_5400;XIREC;16.0;26
224200;SUBMISSION;;VEV_5400;XIREC;17.0;26
224200;;SUBMISSION;VEV_5500;XIREC;6.0;26
224200;SUBMISSION;;VEV_5500;XIREC;7.0;26
224300;;SUBMISSION;VEV_5400;XIREC;16.0;25
224300;SUBMISSION;;VEV_5400;XIREC;17.0;25
224300;;SUBMISSION;VEV_5500;XIREC;6.0;25
224300;SUBMISSION;;VEV_5500;XIREC;7.0;25
224400;;SUBMISSION;VEV_5500;XIREC;6.0;25
224400;SUBMISSION;;VEV_5500;XIREC;7.0;25
224500;;SUBMISSION;VEV_5400;XIREC;16.0;30
224500;SUBMISSION;;VEV_5400;XIREC;17.0;30
224500;;SUBMISSION;VEV_5500;XIREC;6.0;30
224500;SUBMISSION;;VEV_5500;XIREC;7.0;30
224600;;SUBMISSION;VEV_5400;XIREC;16.0;25
224600;SUBMISSION;;VEV_5400;XIREC;17.0;25
224600;;SUBMISSION;VEV_5500;XIREC;6.0;25
224600;SUBMISSION;;VEV_5500;XIREC;7.0;25
224700;;SUBMISSION;VEV_5400;XIREC;16.0;23
224700;SUBMISSION;;VEV_5400;XIREC;17.0;23
224700;;SUBMISSION;VEV_5500;XIREC;6.0;23
224700;SUBMISSION;;VEV_5500;XIREC;7.0;23
224800;;SUBMISSION;VEV_5500;XIREC;6.0;18
224800;SUBMISSION;;VEV_5500;XIREC;7.0;18
224900;;SUBMISSION;VEV_5500;XIREC;6.0;23
224900;SUBMISSION;;VEV_5500;XIREC;7.0;23
225000;;SUBMISSION;VEV_5500;XIREC;6.0;26
225000;SUBMISSION;;VEV_5500;XIREC;7.0;26
225200;;SUBMISSION;VEV_5500;XIREC;6.0;26
225200;SUBMISSION;;VEV_5500;XIREC;7.0;26
225300;;SUBMISSION;VEV_5500;XIREC;6.0;26
225300;SUBMISSION;;VEV_5500;XIREC;7.0;26
225600;;SUBMISSION;VEV_5400;XIREC;17.0;5
225600;SUBMISSION;;VEV_5400;XIREC;18.0;5
225800;;SUBMISSION;VEV_5400;XIREC;17.0;8
225800;SUBMISSION;;VEV_5400;XIREC;18.0;8
225900;;SUBMISSION;VELVETFRUIT_EXTRACT;XIREC;5234.0;5
226200;;SUBMISSION;VEV_5400;XIREC;17.0;6
226200;SUBMISSION;;VEV_5400;XIREC;18.0;6
226300;;SUBMISSION;VEV_5400;XIREC;17.0;13
226300;SUBMISSION;;VEV_5400;XIREC;18.0;13
226300;;SUBMISSION;VEV_5500;XIREC;7.0;5
226400;SUBMISSION;;VEV_5500;XIREC;8.0;5
226700;;SUBMISSION;VEV_5400;XIREC;17.0;7
226700;SUBMISSION;;VEV_5400;XIREC;18.0;7
227000;SUBMISSION;;VEV_4000;XIREC;1228.0;3
227300;SUBMISSION;;VELVETFRUIT_EXTRACT;XIREC;5231.0;5
227300;;SUBMISSION;VEV_5400;XIREC;17.0;8
227300;SUBMISSION;;VEV_5400;XIREC;18.0;8
227300;;;VELVETFRUIT_EXTRACT;XIREC;5231.0;13
227800;;SUBMISSION;VELVETFRUIT_EXTRACT;XIREC;5238.0;6
227900;;SUBMISSION;VEV_5400;XIREC;18.0;10
227900;SUBMISSION;;VEV_5400;XIREC;19.0;10
229100;;SUBMISSION;VEV_5500;XIREC;6.0;24
229100;SUBMISSION;;VEV_5500;XIREC;7.0;24
229400;;SUBMISSION;VEV_5500;XIREC;7.0;10
229700;;SUBMISSION;VELVETFRUIT_EXTRACT;XIREC;5236.0;7
229900;SUBMISSION;;VEV_5500;XIREC;8.0;10
230000;;SUBMISSION;VEV_5500;XIREC;7.0;4
230000;;;VEV_5400;XIREC;17.0;5
230000;;;VEV_5500;XIREC;7.0;5
230000;;;VEV_6000;XIREC;0.0;5
230000;;;VEV_6500;XIREC;0.0;5
231000;;SUBMISSION;VELVETFRUIT_EXTRACT;XIREC;5234.0;24
231000;;SUBMISSION;VELVETFRUIT_EXTRACT;XIREC;5234.0;6
231000;;;VELVETFRUIT_EXTRACT;XIREC;5235.0;2
231000;;;VEV_5400;XIREC;17.0;3
231000;;;VEV_5500;XIREC;7.0;3
231000;;;VEV_6000;XIREC;0.0;3
231000;;;VEV_6500;XIREC;0.0;3
231800;;SUBMISSION;VEV_5400;XIREC;18.0;8
231800;SUBMISSION;;VEV_5400;XIREC;19.0;8
231900;SUBMISSION;;VEV_4000;XIREC;1232.0;2
232200;;SUBMISSION;VEV_5400;XIREC;18.0;10
232200;SUBMISSION;;VEV_5400;XIREC;19.0;10
232300;;SUBMISSION;VEV_5400;XIREC;18.0;22
232300;SUBMISSION;;VEV_5400;XIREC;19.0;22
232400;;SUBMISSION;VEV_5400;XIREC;18.0;21
232400;SUBMISSION;;VEV_5400;XIREC;19.0;21
232700;;;VELVETFRUIT_EXTRACT;XIREC;5234.0;3
232900;;SUBMISSION;VEV_5400;XIREC;18.0;27
232900;SUBMISSION;;VEV_5400;XIREC;19.0;27
233000;;SUBMISSION;VEV_5400;XIREC;18.0;22
233000;SUBMISSION;;VEV_5400;XIREC;19.0;22
233100;;SUBMISSION;VEV_5400;XIREC;18.0;25
233100;SUBMISSION;;VEV_5400;XIREC;19.0;25
233200;;SUBMISSION;VEV_5400;XIREC;18.0;22
233200;SUBMISSION;;VEV_5400;XIREC;19.0;22
233300;;SUBMISSION;VEV_5400;XIREC;18.0;20
233300;SUBMISSION;;VEV_5400;XIREC;19.0;20
233400;;SUBMISSION;VEV_5400;XIREC;18.0;24
233400;SUBMISSION;;VEV_5400;XIREC;19.0;24
233500;;SUBMISSION;VEV_5400;XIREC;18.0;23
233500;SUBMISSION;;VEV_5400;XIREC;19.0;23
233600;;SUBMISSION;VEV_5400;XIREC;18.0;28
233600;SUBMISSION;;VEV_5400;XIREC;19.0;28
234200;;;HYDROGEL_PACK;XIREC;9976.0;6
234500;;SUBMISSION;VEV_5400;XIREC;18.0;20
234500;SUBMISSION;;VEV_5400;XIREC;19.0;20
234600;;SUBMISSION;VEV_5400;XIREC;18.0;18
234600;SUBMISSION;;VEV_5400;XIREC;19.0;18
234800;;SUBMISSION;VEV_5400;XIREC;18.0;26
234800;SUBMISSION;;VEV_5400;XIREC;19.0;26
235000;;SUBMISSION;VEV_5400;XIREC;18.0;17
235000;SUBMISSION;;VEV_5400;XIREC;19.0;17
235100;;SUBMISSION;VEV_5400;XIREC;18.0;16
235100;SUBMISSION;;VEV_5400;XIREC;19.0;16
235100;;;VEV_5300;XIREC;46.0;3
235100;;;VEV_5400;XIREC;18.0;3
235100;;;VEV_5500;XIREC;7.0;3
235100;;;VEV_6000;XIREC;0.0;3
235100;;;VEV_6500;XIREC;0.0;3
235200;;SUBMISSION;VEV_5300;XIREC;46.0;3
235200;;SUBMISSION;VEV_5400;XIREC;18.0;9
235200;SUBMISSION;;VEV_5400;XIREC;19.0;9
235300;SUBMISSION;;VEV_5300;XIREC;47.0;3
235900;SUBMISSION;;VELVETFRUIT_EXTRACT;XIREC;5232.0;8
236000;;SUBMISSION;VEV_5500;XIREC;7.0;5
236300;;SUBMISSION;VEV_5500;XIREC;7.0;6
236500;;SUBMISSION;VEV_5500;XIREC;7.0;6
236600;SUBMISSION;;VEV_5500;XIREC;8.0;21
237000;;SUBMISSION;VEV_5500;XIREC;6.0;25
237000;SUBMISSION;;VEV_5500;XIREC;7.0;25
237100;SUBMISSION;;VELVETFRUIT_EXTRACT;XIREC;5231.0;35
237100;;SUBMISSION;VEV_5500;XIREC;6.0;25
237100;SUBMISSION;;VEV_5500;XIREC;7.0;25
237200;;SUBMISSION;VEV_5500;XIREC;6.0;24
237200;SUBMISSION;;VEV_5500;XIREC;7.0;24
237300;;SUBMISSION;VEV_5500;XIREC;6.0;26
237300;SUBMISSION;;VEV_5500;XIREC;7.0;26
237800;;SUBMISSION;VEV_4000;XIREC;1236.0;3
238700;;SUBMISSION;VELVETFRUIT_EXTRACT;XIREC;5233.0;6
239200;SUBMISSION;;VELVETFRUIT_EXTRACT;XIREC;5230.0;5
240100;;SUBMISSION;VEV_5500;XIREC;7.0;7
240300;;SUBMISSION;VEV_5500;XIREC;7.0;7
240500;SUBMISSION;;VEV_5500;XIREC;8.0;14
240700;SUBMISSION;;HYDROGEL_PACK;XIREC;9964.0;4
241200;;SUBMISSION;VEV_5500;XIREC;6.0;27
241200;SUBMISSION;;VEV_5500;XIREC;7.0;27
241300;SUBMISSION;;VELVETFRUIT_EXTRACT;XIREC;5230.0;1
242100;;SUBMISSION;VELVETFRUIT_EXTRACT;XIREC;5236.0;3
243200;;SUBMISSION;VEV_4000;XIREC;1244.0;3
243300;;;HYDROGEL_PACK;XIREC;9977.0;2
244000;SUBMISSION;;VEV_4000;XIREC;1235.0;3
244500;;SUBMISSION;VEV_5500;XIREC;8.0;10
244600;;SUBMISSION;VEV_5400;XIREC;19.0;9
244600;;SUBMISSION;VEV_5500;XIREC;8.0;9
244700;SUBMISSION;;VEV_5400;XIREC;20.0;9
244800;;SUBMISSION;VEV_5500;XIREC;8.0;16
244900;;SUBMISSION;VEV_5500;XIREC;8.0;20
245000;;SUBMISSION;VEV_5500;XIREC;8.0;24
246000;SUBMISSION;;VEV_4000;XIREC;1240.0;3
246000;;SUBMISSION;VEV_5400;XIREC;19.0;9
246100;;SUBMISSION;VEV_5400;XIREC;19.0;5
246200;SUBMISSION;;VEV_5400;XIREC;20.0;14
247000;;SUBMISSION;VEV_5300;XIREC;48.0;2
247100;;;HYDROGEL_PACK;XIREC;9971.0;5
247200;SUBMISSION;;HYDROGEL_PACK;XIREC;9970.0;15
247200;SUBMISSION;;VEV_4000;XIREC;1238.0;3
247300;SUBMISSION;;HYDROGEL_PACK;XIREC;9970.0;4
247800;;;HYDROGEL_PACK;XIREC;9952.0;4
247900;;SUBMISSION;VEV_5400;XIREC;18.0;28
247900;SUBMISSION;;VEV_5400;XIREC;19.0;28
248500;;;VELVETFRUIT_EXTRACT;XIREC;5241.0;8
248700;;;HYDROGEL_PACK;XIREC;9966.0;3
249000;;SUBMISSION;VEV_5400;XIREC;19.0;5
249100;;SUBMISSION;VEV_5400;XIREC;19.0;7
250200;;;VELVETFRUIT_EXTRACT;XIREC;5244.0;7
250900;SUBMISSION;;VEV_5400;XIREC;20.0;12
251400;;SUBMISSION;VEV_5400;XIREC;19.0;6
251800;;SUBMISSION;VELVETFRUIT_EXTRACT;XIREC;5248.0;4
252600;;SUBMISSION;VEV_5200;XIREC;99.0;4
252600;;SUBMISSION;VEV_5400;XIREC;20.0;4
253100;SUBMISSION;;VEV_4000;XIREC;1243.0;2
255000;;SUBMISSION;VEV_5400;XIREC;19.0;10
255100;SUBMISSION;;VEV_5400;XIREC;20.0;20
255300;;SUBMISSION;VEV_5400;XIREC;18.0;17
255300;SUBMISSION;;VEV_5400;XIREC;19.0;17
256100;;SUBMISSION;VELVETFRUIT_EXTRACT;XIREC;5242.0;4
256100;;SUBMISSION;VEV_5400;XIREC;18.0;22
256100;SUBMISSION;;VEV_5400;XIREC;19.0;22
256100;;;HYDROGEL_PACK;XIREC;9969.0;5
256200;;SUBMISSION;VEV_5400;XIREC;18.0;22
256200;SUBMISSION;;VEV_5400;XIREC;19.0;22
256300;;SUBMISSION;VEV_5400;XIREC;18.0;20
256300;SUBMISSION;;VEV_5400;XIREC;19.0;20
256400;;SUBMISSION;VEV_5400;XIREC;18.0;27
256400;SUBMISSION;;VEV_5400;XIREC;19.0;27
256500;SUBMISSION;;VEV_5300;XIREC;46.0;2
256500;;;VEV_5500;XIREC;7.0;4
256500;;;VEV_6000;XIREC;0.0;4
256500;;;VEV_6500;XIREC;0.0;4
256800;;SUBMISSION;VEV_5400;XIREC;18.0;28
256800;SUBMISSION;;VEV_5400;XIREC;19.0;28
256900;;SUBMISSION;VEV_5400;XIREC;18.0;21
256900;SUBMISSION;;VEV_5400;XIREC;19.0;21
257100;;SUBMISSION;VELVETFRUIT_EXTRACT;XIREC;5244.0;7
257500;;SUBMISSION;VEV_5400;XIREC;18.0;19
257500;SUBMISSION;;VEV_5400;XIREC;19.0;19
257600;;SUBMISSION;VEV_5400;XIREC;18.0;21
257600;SUBMISSION;;VEV_5400;XIREC;19.0;21
257700;;SUBMISSION;VEV_5400;XIREC;18.0;10
257700;SUBMISSION;;VEV_5400;XIREC;19.0;10
257800;;;VEV_5500;XIREC;7.0;4
257800;;;VEV_6000;XIREC;0.0;4
257800;;;VEV_6500;XIREC;0.0;4
257900;;SUBMISSION;VEV_5400;XIREC;18.0;8
257900;SUBMISSION;;VEV_5400;XIREC;19.0;8
258300;;SUBMISSION;VEV_5400;XIREC;18.0;9
258300;SUBMISSION;;VEV_5400;XIREC;19.0;9
258900;SUBMISSION;;VEV_5200;XIREC;93.0;4
259300;SUBMISSION;;VELVETFRUIT_EXTRACT;XIREC;5234.0;15
260100;;SUBMISSION;HYDROGEL_PACK;XIREC;9998.0;2
260200;SUBMISSION;;VELVETFRUIT_EXTRACT;XIREC;5236.0;3
261500;;SUBMISSION;HYDROGEL_PACK;XIREC;10008.0;5
261800;;SUBMISSION;VEV_5400;XIREC;18.0;24
261800;SUBMISSION;;VEV_5400;XIREC;19.0;24
261900;;SUBMISSION;VEV_5400;XIREC;18.0;27
261900;SUBMISSION;;VEV_5400;XIREC;19.0;27
262000;;SUBMISSION;VEV_5400;XIREC;18.0;29
262000;SUBMISSION;;VEV_5400;XIREC;19.0;29
262100;;SUBMISSION;VEV_5400;XIREC;18.0;23
262100;SUBMISSION;;VEV_5400;XIREC;19.0;23
262300;SUBMISSION;;VEV_4000;XIREC;1239.0;3
262500;;SUBMISSION;VEV_5400;XIREC;18.0;25
262500;SUBMISSION;;VEV_5400;XIREC;19.0;25
262800;;SUBMISSION;VEV_5400;XIREC;18.0;30
262800;SUBMISSION;;VEV_5400;XIREC;19.0;30
263200;;SUBMISSION;VEV_5400;XIREC;18.0;20
263200;SUBMISSION;;VEV_5400;XIREC;19.0;20
263300;;SUBMISSION;VEV_5400;XIREC;18.0;19
263300;SUBMISSION;;VEV_5400;XIREC;19.0;19
263400;;SUBMISSION;VEV_5400;XIREC;18.0;16
263400;SUBMISSION;;VEV_5400;XIREC;19.0;16
263400;;;VEV_5300;XIREC;47.0;2
263400;;;VEV_5400;XIREC;18.0;2
263400;;;VEV_5500;XIREC;7.0;2
263400;;;VEV_6000;XIREC;0.0;2
263400;;;VEV_6500;XIREC;0.0;2
263700;;;HYDROGEL_PACK;XIREC;9989.0;3
263800;;SUBMISSION;VEV_5400;XIREC;19.0;8
265100;;SUBMISSION;VEV_5400;XIREC;19.0;8
265200;;SUBMISSION;VEV_5300;XIREC;48.0;5
265200;SUBMISSION;;VEV_5400;XIREC;20.0;16
265200;;;VELVETFRUIT_EXTRACT;XIREC;5241.0;8
265500;;;VELVETFRUIT_EXTRACT;XIREC;5241.0;6
265900;;;VELVETFRUIT_EXTRACT;XIREC;5242.0;8
266000;;;VELVETFRUIT_EXTRACT;XIREC;5241.0;8
266200;;SUBMISSION;VEV_5400;XIREC;19.0;8
266300;;SUBMISSION;VEV_5400;XIREC;19.0;6
266500;;SUBMISSION;VEV_4000;XIREC;1252.0;2
266700;SUBMISSION;;VEV_5400;XIREC;20.0;14
266800;;;HYDROGEL_PACK;XIREC;9993.0;6
267500;;SUBMISSION;VEV_5400;XIREC;18.0;27
267500;SUBMISSION;;VEV_5400;XIREC;19.0;27
267500;;;VELVETFRUIT_EXTRACT;XIREC;5238.0;8
267600;;SUBMISSION;VEV_5400;XIREC;18.0;23
267600;SUBMISSION;;VEV_5400;XIREC;19.0;23
267700;;SUBMISSION;VEV_5400;XIREC;18.0;26
267700;SUBMISSION;;VEV_5400;XIREC;19.0;26
268100;;SUBMISSION;VEV_5400;XIREC;18.0;20
268100;SUBMISSION;;VEV_5400;XIREC;19.0;20
268200;;SUBMISSION;VEV_5400;XIREC;18.0;21
268200;SUBMISSION;;VEV_5400;XIREC;19.0;21
268300;;SUBMISSION;VEV_5400;XIREC;18.0;23
268300;SUBMISSION;;VEV_5400;XIREC;19.0;23
268400;;SUBMISSION;VEV_5400;XIREC;18.0;29
268400;SUBMISSION;;VEV_5400;XIREC;19.0;29
268500;;SUBMISSION;VEV_5400;XIREC;18.0;23
268500;SUBMISSION;;VEV_5400;XIREC;19.0;23
268600;;SUBMISSION;VEV_5400;XIREC;18.0;15
268600;SUBMISSION;;VEV_5400;XIREC;19.0;15
269000;;SUBMISSION;VEV_5400;XIREC;18.0;28
269000;SUBMISSION;;VEV_5400;XIREC;19.0;28
269100;;SUBMISSION;VEV_5400;XIREC;18.0;22
269100;SUBMISSION;;VEV_5400;XIREC;19.0;22
270800;;SUBMISSION;VEV_5400;XIREC;19.0;8
270900;SUBMISSION;;VEV_5400;XIREC;20.0;8
270900;;;VELVETFRUIT_EXTRACT;XIREC;5242.0;8
271500;;SUBMISSION;VEV_5400;XIREC;18.0;26
271500;SUBMISSION;;VEV_5400;XIREC;19.0;26
271900;;SUBMISSION;VEV_4000;XIREC;1248.0;2
272400;;SUBMISSION;VEV_5400;XIREC;19.0;7
272500;SUBMISSION;;VEV_5400;XIREC;20.0;7
272600;;SUBMISSION;VEV_5400;XIREC;19.0;10
273500;;SUBMISSION;HYDROGEL_PACK;XIREC;9994.0;4
273500;SUBMISSION;;VEV_4000;XIREC;1242.0;3
273700;;SUBMISSION;VELVETFRUIT_EXTRACT;XIREC;5250.0;3
273900;;SUBMISSION;VEV_5400;XIREC;20.0;25
274100;;SUBMISSION;VEV_5400;XIREC;20.0;7
274200;;SUBMISSION;VEV_5400;XIREC;20.0;18
274300;;SUBMISSION;VEV_5400;XIREC;20.0;26
275700;;SUBMISSION;VEV_4000;XIREC;1254.0;3
277200;;SUBMISSION;VELVETFRUIT_EXTRACT;XIREC;5253.0;6
277200;;;VEV_5400;XIREC;20.0;3
277200;;;VEV_5500;XIREC;8.0;3
277200;;;VEV_6000;XIREC;0.0;3
277200;;;VEV_6500;XIREC;0.0;3
278200;;SUBMISSION;HYDROGEL_PACK;XIREC;9996.0;5
278600;;;HYDROGEL_PACK;XIREC;9991.0;4
278700;SUBMISSION;;VEV_5400;XIREC;20.0;20
278800;SUBMISSION;;VEV_5400;XIREC;19.0;20
278900;SUBMISSION;;VEV_5400;XIREC;19.0;21
279000;SUBMISSION;;VEV_5400;XIREC;19.0;25
279300;SUBMISSION;;VEV_5300;XIREC;47.0;5
280000;;SUBMISSION;HYDROGEL_PACK;XIREC;9990.0;3
280600;SUBMISSION;;VELVETFRUIT_EXTRACT;XIREC;5239.0;8
281300;;SUBMISSION;VELVETFRUIT_EXTRACT;XIREC;5241.0;8
281500;SUBMISSION;;HYDROGEL_PACK;XIREC;9974.0;5
281700;SUBMISSION;;VEV_4000;XIREC;1237.0;3
282600;;SUBMISSION;VELVETFRUIT_EXTRACT;XIREC;5242.0;7
283400;SUBMISSION;;VELVETFRUIT_EXTRACT;XIREC;5238.0;16
283800;;SUBMISSION;HYDROGEL_PACK;XIREC;9989.0;2
284700;;;HYDROGEL_PACK;XIREC;9979.0;2
286800;;SUBMISSION;VEV_4000;XIREC;1240.0;3
286800;;;VELVETFRUIT_EXTRACT;XIREC;5232.0;6
287600;;;HYDROGEL_PACK;XIREC;9980.0;6
287700;;SUBMISSION;HYDROGEL_PACK;XIREC;9983.0;3
289500;;SUBMISSION;VELVETFRUIT_EXTRACT;XIREC;5249.0;7
290600;;;HYDROGEL_PACK;XIREC;9981.0;2
290700;;;VEV_5500;XIREC;8.0;5
290700;;;VEV_6000;XIREC;0.0;5
290700;;;VEV_6500;XIREC;0.0;5
290800;;SUBMISSION;HYDROGEL_PACK;XIREC;9997.0;5
291200;SUBMISSION;;VELVETFRUIT_EXTRACT;XIREC;5238.0;7
292400;;SUBMISSION;VELVETFRUIT_EXTRACT;XIREC;5244.0;6
292800;SUBMISSION;;VEV_5500;XIREC;8.0;3
292800;;;VEV_5400;XIREC;19.0;3
292800;;;VEV_6000;XIREC;0.0;3
292800;;;VEV_6500;XIREC;0.0;3
293200;;;VELVETFRUIT_EXTRACT;XIREC;5242.0;7
294200;;SUBMISSION;VEV_5300;XIREC;48.0;5
294900;;SUBMISSION;HYDROGEL_PACK;XIREC;10005.0;6
296600;SUBMISSION;;VEV_4000;XIREC;1244.0;3
297300;;;VELVETFRUIT_EXTRACT;XIREC;5245.0;3
297500;;SUBMISSION;VEV_5400;XIREC;19.0;5
297600;;;VELVETFRUIT_EXTRACT;XIREC;5245.0;8
297800;;SUBMISSION;VELVETFRUIT_EXTRACT;XIREC;5250.0;5
298500;;SUBMISSION;VEV_5400;XIREC;20.0;2
298600;;SUBMISSION;VEV_5400;XIREC;20.0;26
298700;;;HYDROGEL_PACK;XIREC;10003.0;4
298900;;SUBMISSION;VEV_5400;XIREC;21.0;5
300400;;SUBMISSION;VEV_5400;XIREC;21.0;6
303600;;SUBMISSION;VEV_5400;XIREC;21.0;6
303900;;SUBMISSION;VEV_5400;XIREC;20.0;22
304100;SUBMISSION;;VEV_4000;XIREC;1249.0;1
304700;;SUBMISSION;VELVETFRUIT_EXTRACT;XIREC;5254.0;4
305100;;SUBMISSION;VELVETFRUIT_EXTRACT;XIREC;5250.0;17
305700;;;VELVETFRUIT_EXTRACT;XIREC;5252.0;8
305800;;SUBMISSION;HYDROGEL_PACK;XIREC;10019.0;2
310000;;;VELVETFRUIT_EXTRACT;XIREC;5253.0;3
310200;;;HYDROGEL_PACK;XIREC;10016.0;2
311500;;SUBMISSION;HYDROGEL_PACK;XIREC;10026.0;5
313000;SUBMISSION;;VEV_4000;XIREC;1253.0;2
313400;;SUBMISSION;HYDROGEL_PACK;XIREC;10022.0;5
314600;;SUBMISSION;VELVETFRUIT_EXTRACT;XIREC;5257.0;19
316700;SUBMISSION;;VEV_5400;XIREC;22.0;5
316700;;;VEV_5500;XIREC;9.0;5
316700;;;VEV_6000;XIREC;0.0;5
316700;;;VEV_6500;XIREC;0.0;5
317600;;;VEV_5400;XIREC;22.0;2
317600;;;VEV_5500;XIREC;9.0;2
317600;;;VEV_6000;XIREC;0.0;2
317600;;;VEV_6500;XIREC;0.0;2
318700;;;HYDROGEL_PACK;XIREC;10014.0;6
320300;SUBMISSION;;VEV_4000;XIREC;1258.0;2
320700;;SUBMISSION;VEV_4000;XIREC;1268.0;3
320900;;SUBMISSION;HYDROGEL_PACK;XIREC;10033.0;4
321200;;SUBMISSION;VELVETFRUIT_EXTRACT;XIREC;5256.0;10
321200;;;HYDROGEL_PACK;XIREC;10009.0;4
322800;SUBMISSION;;VEV_4000;XIREC;1255.0;1
323400;;SUBMISSION;VELVETFRUIT_EXTRACT;XIREC;5257.0;18
323400;;SUBMISSION;VELVETFRUIT_EXTRACT;XIREC;5257.0;12
323500;SUBMISSION;;VEV_4000;XIREC;1252.0;3
323900;;SUBMISSION;HYDROGEL_PACK;XIREC;10022.0;10
323900;;SUBMISSION;HYDROGEL_PACK;XIREC;10019.0;26
323900;;SUBMISSION;VELVETFRUIT_EXTRACT;XIREC;5257.0;7
324000;;SUBMISSION;HYDROGEL_PACK;XIREC;10022.0;11
324000;;SUBMISSION;HYDROGEL_PACK;XIREC;10020.0;7
324200;;SUBMISSION;HYDROGEL_PACK;XIREC;10023.0;13
324200;;SUBMISSION;HYDROGEL_PACK;XIREC;10020.0;27
324300;;SUBMISSION;HYDROGEL_PACK;XIREC;10023.0;15
324300;;SUBMISSION;HYDROGEL_PACK;XIREC;10021.0;24
324400;;SUBMISSION;HYDROGEL_PACK;XIREC;10024.0;15
324400;;SUBMISSION;HYDROGEL_PACK;XIREC;10022.0;6
327600;;;VELVETFRUIT_EXTRACT;XIREC;5269.0;3
328800;SUBMISSION;;VEV_4000;XIREC;1260.0;3
329500;;SUBMISSION;VELVETFRUIT_EXTRACT;XIREC;5265.0;20
329500;;SUBMISSION;VELVETFRUIT_EXTRACT;XIREC;5265.0;10
329700;;;VELVETFRUIT_EXTRACT;XIREC;5265.0;3
330900;;;HYDROGEL_PACK;XIREC;10040.0;3
331400;;;HYDROGEL_PACK;XIREC;10025.0;2
332300;;;VEV_5300;XIREC;58.0;4
332300;;;VEV_5500;XIREC;10.0;4
332300;;;VEV_6000;XIREC;0.0;4
332300;;;VEV_6500;XIREC;0.0;4
332700;;;HYDROGEL_PACK;XIREC;10030.0;6
335000;;;HYDROGEL_PACK;XIREC;10047.0;5
335300;;;HYDROGEL_PACK;XIREC;10048.0;4
335400;;SUBMISSION;VELVETFRUIT_EXTRACT;XIREC;5265.0;8
335400;;;HYDROGEL_PACK;XIREC;10048.0;4
336800;;;HYDROGEL_PACK;XIREC;10034.0;5
338000;;SUBMISSION;VELVETFRUIT_EXTRACT;XIREC;5261.0;3
340000;;;HYDROGEL_PACK;XIREC;10028.0;6
345000;;;HYDROGEL_PACK;XIREC;10015.0;4
345100;SUBMISSION;;VEV_4000;XIREC;1246.0;2
345400;SUBMISSION;;VELVETFRUIT_EXTRACT;XIREC;5250.0;8
346300;;SUBMISSION;VELVETFRUIT_EXTRACT;XIREC;5261.0;8
346400;;;VELVETFRUIT_EXTRACT;XIREC;5258.0;3
347400;SUBMISSION;;VEV_4000;XIREC;1258.0;1
350700;;SUBMISSION;VELVETFRUIT_EXTRACT;XIREC;5275.0;6
351100;;;VELVETFRUIT_EXTRACT;XIREC;5271.0;7
351600;;SUBMISSION;VELVETFRUIT_EXTRACT;XIREC;5273.0;21
351600;;SUBMISSION;VELVETFRUIT_EXTRACT;XIREC;5272.0;34
351800;SUBMISSION;;VEV_4000;XIREC;1269.0;1
352700;;;VELVETFRUIT_EXTRACT;XIREC;5274.0;7
354000;;;VELVETFRUIT_EXTRACT;XIREC;5270.0;3
354400;;;VELVETFRUIT_EXTRACT;XIREC;5271.0;4
356200;SUBMISSION;;VEV_4000;XIREC;1266.0;1
358200;;;HYDROGEL_PACK;XIREC;9994.0;6
359500;;;VELVETFRUIT_EXTRACT;XIREC;5279.0;6
360000;;;VEV_6000;XIREC;0.0;4
360000;;;VEV_6500;XIREC;0.0;4
363700;;;HYDROGEL_PACK;XIREC;10022.0;5
365100;SUBMISSION;;VEV_4000;XIREC;1271.0;1
366300;;;VELVETFRUIT_EXTRACT;XIREC;5279.0;7
366900;;;HYDROGEL_PACK;XIREC;10045.0;5
367000;;;HYDROGEL_PACK;XIREC;10042.0;5
367900;;SUBMISSION;VEV_5300;XIREC;62.0;3
369300;SUBMISSION;;VEV_4000;XIREC;1268.0;1
369900;;;VELVETFRUIT_EXTRACT;XIREC;5274.0;8
370400;;;HYDROGEL_PACK;XIREC;10047.0;2
370600;;;HYDROGEL_PACK;XIREC;10031.0;4
372300;;;VELVETFRUIT_EXTRACT;XIREC;5279.0;9
373300;;SUBMISSION;VEV_5200;XIREC;117.0;2
373300;;;HYDROGEL_PACK;XIREC;10054.0;2
374900;;SUBMISSION;VEV_4000;XIREC;1290.0;1
374900;;;VELVETFRUIT_EXTRACT;XIREC;5287.0;3
376500;;;VELVETFRUIT_EXTRACT;XIREC;5287.0;3
376700;;;VELVETFRUIT_EXTRACT;XIREC;5286.0;8
378100;SUBMISSION;;VEV_4000;XIREC;1271.0;3
379500;;SUBMISSION;VEV_5200;XIREC;115.0;2
379500;;SUBMISSION;VEV_5300;XIREC;60.0;2
380100;;SUBMISSION;VEV_4000;XIREC;1275.0;1
380500;;;HYDROGEL_PACK;XIREC;10043.0;4
381200;;;VELVETFRUIT_EXTRACT;XIREC;5269.0;7
381400;;;HYDROGEL_PACK;XIREC;10035.0;4
383100;;;HYDROGEL_PACK;XIREC;10033.0;6
384900;;SUBMISSION;VEV_5300;XIREC;60.0;4
386500;;;VELVETFRUIT_EXTRACT;XIREC;5271.0;3
387500;;;VELVETFRUIT_EXTRACT;XIREC;5275.0;7
388000;;;VELVETFRUIT_EXTRACT;XIREC;5275.0;4
389600;;;VELVETFRUIT_EXTRACT;XIREC;5271.0;4
389800;;;HYDROGEL_PACK;XIREC;10018.0;4
390400;;;HYDROGEL_PACK;XIREC;10003.0;6
392600;;;VELVETFRUIT_EXTRACT;XIREC;5266.0;8
394200;;;VELVETFRUIT_EXTRACT;XIREC;5261.0;7
394300;;SUBMISSION;VEV_4000;XIREC;1267.0;2
395500;;;VELVETFRUIT_EXTRACT;XIREC;5261.0;3
396900;;;VELVETFRUIT_EXTRACT;XIREC;5263.0;10
397900;;;VELVETFRUIT_EXTRACT;XIREC;5260.0;6
399700;SUBMISSION;;VELVETFRUIT_EXTRACT;XIREC;5259.0;6
400900;;SUBMISSION;VEV_5200;XIREC;107.0;2
402000;;;HYDROGEL_PACK;XIREC;10016.0;4
402100;SUBMISSION;;VEV_5400;XIREC;21.0;3
402100;SUBMISSION;;VEV_5500;XIREC;9.0;3
402100;;;VEV_6000;XIREC;0.0;3
402100;;;VEV_6500;XIREC;0.0;3
403300;SUBMISSION;;VELVETFRUIT_EXTRACT;XIREC;5258.0;17
404300;;;VELVETFRUIT_EXTRACT;XIREC;5260.0;8
405600;;;HYDROGEL_PACK;XIREC;9999.0;5
405800;SUBMISSION;;VELVETFRUIT_EXTRACT;XIREC;5260.0;7
406600;SUBMISSION;;HYDROGEL_PACK;XIREC;9994.0;10
407400;;SUBMISSION;VEV_4000;XIREC;1275.0;1
407800;;SUBMISSION;VELVETFRUIT_EXTRACT;XIREC;5270.0;17
407800;;SUBMISSION;VELVETFRUIT_EXTRACT;XIREC;5270.0;9
409600;SUBMISSION;;HYDROGEL_PACK;XIREC;9993.0;10
409600;;;VELVETFRUIT_EXTRACT;XIREC;5269.0;6
409700;SUBMISSION;;HYDROGEL_PACK;XIREC;9991.0;11
409700;SUBMISSION;;HYDROGEL_PACK;XIREC;9993.0;25
409800;SUBMISSION;;HYDROGEL_PACK;XIREC;9992.0;12
409900;SUBMISSION;;HYDROGEL_PACK;XIREC;9993.0;10
410000;SUBMISSION;;HYDROGEL_PACK;XIREC;9992.0;13
410100;SUBMISSION;;HYDROGEL_PACK;XIREC;9992.0;13
410300;SUBMISSION;;HYDROGEL_PACK;XIREC;9990.0;15
410300;SUBMISSION;;HYDROGEL_PACK;XIREC;9993.0;21
410400;SUBMISSION;;HYDROGEL_PACK;XIREC;9991.0;15
410500;SUBMISSION;;HYDROGEL_PACK;XIREC;9990.0;14
410500;SUBMISSION;;HYDROGEL_PACK;XIREC;9993.0;25
410500;;;HYDROGEL_PACK;XIREC;9990.0;3
410600;SUBMISSION;;HYDROGEL_PACK;XIREC;9989.0;6
411400;;SUBMISSION;VEV_4000;XIREC;1276.0;1
414600;;;HYDROGEL_PACK;XIREC;9993.0;2
414800;;SUBMISSION;VELVETFRUIT_EXTRACT;XIREC;5265.0;4
414800;;;VELVETFRUIT_EXTRACT;XIREC;5266.0;1
416400;;;HYDROGEL_PACK;XIREC;9964.0;5
417000;;;HYDROGEL_PACK;XIREC;9978.0;6
417000;;;VELVETFRUIT_EXTRACT;XIREC;5264.0;9
417100;;;HYDROGEL_PACK;XIREC;9977.0;2
417500;;SUBMISSION;VEV_4000;XIREC;1268.0;2
419500;SUBMISSION;;VELVETFRUIT_EXTRACT;XIREC;5262.0;5
420400;SUBMISSION;;VEV_5400;XIREC;21.0;3
420400;;;VEV_5500;XIREC;9.0;3
420400;;;VEV_6000;XIREC;0.0;3
420400;;;VEV_6500;XIREC;0.0;3
421200;;SUBMISSION;VELVETFRUIT_EXTRACT;XIREC;5269.0;5
422900;;;HYDROGEL_PACK;XIREC;9977.0;4
423100;;;VELVETFRUIT_EXTRACT;XIREC;5264.0;6
425600;;;HYDROGEL_PACK;XIREC;9994.0;2
427200;SUBMISSION;;VELVETFRUIT_EXTRACT;XIREC;5260.0;19
427200;SUBMISSION;;VELVETFRUIT_EXTRACT;XIREC;5261.0;30
427300;SUBMISSION;;VELVETFRUIT_EXTRACT;XIREC;5260.0;64
427400;SUBMISSION;;VELVETFRUIT_EXTRACT;XIREC;5259.0;25
427400;SUBMISSION;;VELVETFRUIT_EXTRACT;XIREC;5260.0;45
427500;SUBMISSION;;VELVETFRUIT_EXTRACT;XIREC;5259.0;17
428200;;;VELVETFRUIT_EXTRACT;XIREC;5256.0;8
428300;;SUBMISSION;HYDROGEL_PACK;XIREC;10000.0;5
428600;SUBMISSION;;VEV_5400;XIREC;21.0;26
428700;SUBMISSION;;VEV_5400;XIREC;21.0;15
428800;SUBMISSION;;VEV_5400;XIREC;21.0;16
428900;SUBMISSION;;VEV_5400;XIREC;21.0;4
429100;SUBMISSION;;HYDROGEL_PACK;XIREC;9980.0;3
429200;SUBMISSION;;VEV_5500;XIREC;9.0;25
429300;SUBMISSION;;VEV_5500;XIREC;9.0;23
429400;SUBMISSION;;VEV_5500;XIREC;9.0;21
429500;SUBMISSION;;VEV_5500;XIREC;9.0;4
429700;;;VELVETFRUIT_EXTRACT;XIREC;5249.0;8
430800;;;VELVETFRUIT_EXTRACT;XIREC;5252.0;4
431500;SUBMISSION;;HYDROGEL_PACK;XIREC;9989.0;2
431800;;SUBMISSION;VEV_4000;XIREC;1255.0;1
431900;SUBMISSION;;VEV_5300;XIREC;50.0;14
432000;SUBMISSION;;VEV_5200;XIREC;99.0;6
432000;;;VELVETFRUIT_EXTRACT;XIREC;5249.0;8
433100;;;VELVETFRUIT_EXTRACT;XIREC;5246.0;9
433500;;;VELVETFRUIT_EXTRACT;XIREC;5248.0;3
435200;;;HYDROGEL_PACK;XIREC;9978.0;6
436500;;;HYDROGEL_PACK;XIREC;9985.0;3
436600;;;VELVETFRUIT_EXTRACT;XIREC;5249.0;8
437100;;;VELVETFRUIT_EXTRACT;XIREC;5245.0;5
440100;;;VELVETFRUIT_EXTRACT;XIREC;5248.0;4
442300;;;VELVETFRUIT_EXTRACT;XIREC;5244.0;7
443900;;;HYDROGEL_PACK;XIREC;9966.0;5
446300;;;HYDROGEL_PACK;XIREC;9960.0;3
446500;SUBMISSION;;VEV_4000;XIREC;1244.0;1
447400;;;HYDROGEL_PACK;XIREC;9944.0;5
447500;;SUBMISSION;VEV_4000;XIREC;1256.0;3
447800;SUBMISSION;;VEV_4000;XIREC;1244.0;3
447800;;;VEV_5300;XIREC;49.0;5
447800;;;VEV_5400;XIREC;18.0;5
447800;;;VEV_5500;XIREC;7.0;5
447800;;;VEV_6000;XIREC;0.0;5
447800;;;VEV_6500;XIREC;0.0;5
447900;;SUBMISSION;VEV_5400;XIREC;18.0;21
447900;SUBMISSION;;VEV_5400;XIREC;19.0;21
448000;;SUBMISSION;VEV_5400;XIREC;18.0;26
448000;SUBMISSION;;VEV_5400;XIREC;19.0;26
448000;;;HYDROGEL_PACK;XIREC;9951.0;4
448100;SUBMISSION;;VEV_4000;XIREC;1244.0;2
448100;;SUBMISSION;VEV_5400;XIREC;18.0;18
448100;SUBMISSION;;VEV_5400;XIREC;19.0;18
448200;;SUBMISSION;VEV_5400;XIREC;18.0;26
448200;SUBMISSION;;VEV_5400;XIREC;19.0;26
448300;;SUBMISSION;VEV_5400;XIREC;18.0;18
448300;SUBMISSION;;VEV_5400;XIREC;19.0;18
448400;;SUBMISSION;VEV_5400;XIREC;18.0;26
448400;SUBMISSION;;VEV_5400;XIREC;19.0;26
448400;;;VELVETFRUIT_EXTRACT;XIREC;5253.0;7
448500;;SUBMISSION;VEV_5400;XIREC;18.0;19
448500;SUBMISSION;;VEV_5400;XIREC;19.0;19
448600;;SUBMISSION;VEV_5400;XIREC;18.0;24
448600;SUBMISSION;;VEV_5400;XIREC;19.0;24
448700;;SUBMISSION;VEV_5400;XIREC;18.0;18
448700;SUBMISSION;;VEV_5400;XIREC;19.0;18
448800;;SUBMISSION;VEV_5400;XIREC;18.0;29
448800;SUBMISSION;;VEV_5400;XIREC;19.0;29
448900;;SUBMISSION;VEV_5400;XIREC;18.0;18
448900;SUBMISSION;;VEV_5400;XIREC;19.0;18
449000;;SUBMISSION;VEV_5400;XIREC;18.0;21
449000;SUBMISSION;;VEV_5400;XIREC;19.0;21
449700;;;VEV_5400;XIREC;17.0;5
449700;;;VEV_5500;XIREC;7.0;5
449700;;;VEV_6000;XIREC;0.0;5
449700;;;VEV_6500;XIREC;0.0;5
450100;;;VELVETFRUIT_EXTRACT;XIREC;5242.0;5
450300;;;VELVETFRUIT_EXTRACT;XIREC;5246.0;7
450400;SUBMISSION;;VEV_4000;XIREC;1239.0;3
450500;;;VELVETFRUIT_EXTRACT;XIREC;5243.0;6
450700;;SUBMISSION;VEV_5400;XIREC;17.0;6
450700;SUBMISSION;;VEV_5400;XIREC;18.0;6
451400;;SUBMISSION;VEV_5400;XIREC;16.0;24
451400;SUBMISSION;;VEV_5400;XIREC;17.0;24
451500;;SUBMISSION;VEV_5400;XIREC;16.0;28
451500;SUBMISSION;;VEV_5400;XIREC;17.0;28
451500;;SUBMISSION;VEV_5500;XIREC;6.0;28
451500;SUBMISSION;;VEV_5500;XIREC;7.0;28
451600;;SUBMISSION;VEV_5400;XIREC;16.0;25
451600;SUBMISSION;;VEV_5400;XIREC;17.0;25
451600;;SUBMISSION;VEV_5500;XIREC;6.0;25
451600;SUBMISSION;;VEV_5500;XIREC;7.0;25
451700;;SUBMISSION;VEV_5400;XIREC;16.0;28
451700;SUBMISSION;;VEV_5400;XIREC;17.0;28
452000;;SUBMISSION;VEV_5500;XIREC;7.0;8
452000;SUBMISSION;;VEV_5500;XIREC;8.0;8
452300;;SUBMISSION;VEV_5500;XIREC;6.0;23
452300;SUBMISSION;;VEV_5500;XIREC;7.0;23
452400;;SUBMISSION;VEV_5500;XIREC;6.0;21
452400;SUBMISSION;;VEV_5500;XIREC;7.0;21
452500;;;VELVETFRUIT_EXTRACT;XIREC;5240.0;8
453100;;;VEV_5300;XIREC;45.0;3
453100;;;VEV_5400;XIREC;16.0;3
453100;;;VEV_5500;XIREC;6.0;3
453100;;;VEV_6000;XIREC;0.0;3
453100;;;VEV_6500;XIREC;0.0;3
453600;;SUBMISSION;VEV_5500;XIREC;6.0;25
453600;SUBMISSION;;VEV_5500;XIREC;7.0;25
453700;;SUBMISSION;VEV_5500;XIREC;6.0;23
