timestamp;buyer;seller;symbol;currency;price;quantity
0;SUBMISSION;;HYDROGEL_PACK;XIREC;9966.0;13
0;SUBMISSION;;HYDROGEL_PACK;XIREC;9968.0;11
100;SUBMISSION;;HYDROGEL_PACK;XIREC;9969.0;15
100;SUBMISSION;;HYDROGEL_PACK;XIREC;9971.0;21
200;SUBMISSION;;HYDROGEL_PACK;XIREC;9969.0;14
200;SUBMISSION;;HYDROGEL_PACK;XIREC;9972.0;21
300;SUBMISSION;;HYDROGEL_PACK;XIREC;9968.0;15
300;SUBMISSION;;HYDROGEL_PACK;XIREC;9971.0;26
400;SUBMISSION;;HYDROGEL_PACK;XIREC;9969.0;10
400;SUBMISSION;;HYDROGEL_PACK;XIREC;9972.0;17
1000;SUBMISSION;;HYDROGEL_PACK;XIREC;9967.0;2
4500;SUBMISSION;Mark 22;VEV_5400;XIREC;18.0;2
4500;SUBMISSION;Mark 22;VEV_5500;XIREC;8.0;2
4500;SUBMISSION;Mark 22;VEV_6000;XIREC;0.0;2
4500;SUBMISSION;Mark 22;VEV_6500;XIREC;0.0;2
5100;Mark 38;Mark 22;HYDROGEL_PACK;XIREC;9960.0;4
5200;;SUBMISSION;VELVETFRUIT_EXTRACT;XIREC;5251.0;18
5300;Mark 38;SUBMISSION;VEV_4000;XIREC;1259.0;2
6100;Mark 55;SUBMISSION;VELVETFRUIT_EXTRACT;XIREC;5254.0;3
6200;Mark 38;Mark 14;HYDROGEL_PACK;XIREC;9955.0;5
9400;SUBMISSION;;VELVETFRUIT_EXTRACT;XIREC;5244.0;14
9400;SUBMISSION;Mark 49;VELVETFRUIT_EXTRACT;XIREC;5244.0;8
9600;SUBMISSION;Mark 22;VEV_5400;XIREC;16.0;4
9600;SUBMISSION;Mark 22;VEV_5500;XIREC;7.0;4
9600;SUBMISSION;Mark 22;VEV_6000;XIREC;0.0;4
9600;SUBMISSION;Mark 22;VEV_6500;XIREC;0.0;4
10300;SUBMISSION;;VELVETFRUIT_EXTRACT;XIREC;5242.0;13
10400;SUBMISSION;;VELVETFRUIT_EXTRACT;XIREC;5240.0;1
10400;SUBMISSION;;VELVETFRUIT_EXTRACT;XIREC;5240.0;11
10400;SUBMISSION;Mark 49;VELVETFRUIT_EXTRACT;XIREC;5240.0;12
11800;SUBMISSION;Mark 22;VEV_5500;XIREC;7.0;4
11800;SUBMISSION;Mark 22;VEV_6000;XIREC;0.0;4
11800;SUBMISSION;Mark 22;VEV_6500;XIREC;0.0;4
12800;SUBMISSION;;VELVETFRUIT_EXTRACT;XIREC;5241.0;4
12900;SUBMISSION;;VELVETFRUIT_EXTRACT;XIREC;5242.0;2
13100;SUBMISSION;;VELVETFRUIT_EXTRACT;XIREC;5242.0;3
13200;SUBMISSION;;VELVETFRUIT_EXTRACT;XIREC;5242.0;2
13300;SUBMISSION;;VELVETFRUIT_EXTRACT;XIREC;5241.0;4
13400;SUBMISSION;;VELVETFRUIT_EXTRACT;XIREC;5241.0;6
13500;SUBMISSION;;VELVETFRUIT_EXTRACT;XIREC;5241.0;4
13600;SUBMISSION;;VELVETFRUIT_EXTRACT;XIREC;5239.0;10
13700;SUBMISSION;;VELVETFRUIT_EXTRACT;XIREC;5241.0;4
13800;SUBMISSION;;VELVETFRUIT_EXTRACT;XIREC;5241.0;4
13900;SUBMISSION;;VELVETFRUIT_EXTRACT;XIREC;5239.0;10
14000;SUBMISSION;;VELVETFRUIT_EXTRACT;XIREC;5240.0;9
14100;SUBMISSION;;VELVETFRUIT_EXTRACT;XIREC;5239.0;10
14200;SUBMISSION;;VELVETFRUIT_EXTRACT;XIREC;5238.0;7
14300;Mark 55;Mark 01;VELVETFRUIT_EXTRACT;XIREC;5238.0;6
14400;SUBMISSION;;VELVETFRUIT_EXTRACT;XIREC;5236.0;8
14800;SUBMISSION;Mark 55;VELVETFRUIT_EXTRACT;XIREC;5233.0;6
14800;SUBMISSION;;VEV_5000;XIREC;241.0;4
14800;SUBMISSION;Mark 22;VEV_5300;XIREC;42.0;4
14800;SUBMISSION;Mark 22;VEV_5400;XIREC;14.0;4
14800;SUBMISSION;Mark 22;VEV_5500;XIREC;6.0;4
14800;SUBMISSION;Mark 22;VEV_6000;XIREC;0.0;4
14800;SUBMISSION;Mark 22;VEV_6500;XIREC;0.0;4
15000;Mark 38;Mark 14;HYDROGEL_PACK;XIREC;9966.0;4
15500;SUBMISSION;;VELVETFRUIT_EXTRACT;XIREC;5234.0;1
16300;SUBMISSION;;VELVETFRUIT_EXTRACT;XIREC;5231.0;4
16700;SUBMISSION;Mark 38;VEV_4000;XIREC;1226.0;2
16700;SUBMISSION;;VEV_5000;XIREC;239.0;2
16700;SUBMISSION;Mark 22;VEV_5300;XIREC;41.0;2
16700;SUBMISSION;Mark 22;VEV_5400;XIREC;14.0;2
16700;SUBMISSION;Mark 22;VEV_5500;XIREC;6.0;2
16700;SUBMISSION;Mark 22;VEV_6000;XIREC;0.0;2
16700;SUBMISSION;Mark 22;VEV_6500;XIREC;0.0;2
16900;SUBMISSION;;VELVETFRUIT_EXTRACT;XIREC;5232.0;1
17100;SUBMISSION;;VELVETFRUIT_EXTRACT;XIREC;5230.0;2
17300;SUBMISSION;Mark 38;VEV_4000;XIREC;1226.0;1
17400;Mark 67;Mark 22;VELVETFRUIT_EXTRACT;XIREC;5230.0;8
17900;Mark 38;SUBMISSION;VEV_4000;XIREC;1238.0;1
18500;SUBMISSION;;VELVETFRUIT_EXTRACT;XIREC;5231.0;1
18700;SUBMISSION;;VELVETFRUIT_EXTRACT;XIREC;5228.0;3
19300;SUBMISSION;Mark 55;VELVETFRUIT_EXTRACT;XIREC;5227.0;5
20200;SUBMISSION;Mark 55;VELVETFRUIT_EXTRACT;XIREC;5225.0;5
22800;SUBMISSION;Mark 38;HYDROGEL_PACK;XIREC;9947.0;6
24100;SUBMISSION;;VELVETFRUIT_EXTRACT;XIREC;5233.0;11
25700;Mark 38;SUBMISSION;VEV_4000;XIREC;1236.0;3
29300;SUBMISSION;Mark 55;VELVETFRUIT_EXTRACT;XIREC;5238.0;4
30800;SUBMISSION;Mark 38;HYDROGEL_PACK;XIREC;9941.0;2
31400;Mark 38;Mark 14;HYDROGEL_PACK;XIREC;9953.0;3
31700;Mark 55;Mark 01;VELVETFRUIT_EXTRACT;XIREC;5237.0;4
32000;SUBMISSION;Mark 38;HYDROGEL_PACK;XIREC;9939.0;5
32600;Mark 55;Mark 01;VELVETFRUIT_EXTRACT;XIREC;5240.0;5
32800;Mark 67;Mark 22;VELVETFRUIT_EXTRACT;XIREC;5238.0;7
33600;SUBMISSION;Mark 38;HYDROGEL_PACK;XIREC;9949.0;6
36200;Mark 38;SUBMISSION;VEV_4000;XIREC;1239.0;3
36500;SUBMISSION;Mark 55;VELVETFRUIT_EXTRACT;XIREC;5233.0;7
37400;SUBMISSION;Mark 38;HYDROGEL_PACK;XIREC;9937.0;4
38500;SUBMISSION;;VEV_5000;XIREC;239.0;5
38500;SUBMISSION;Mark 22;VEV_5500;XIREC;6.0;5
38500;SUBMISSION;Mark 22;VEV_6000;XIREC;0.0;5
38500;SUBMISSION;Mark 22;VEV_6500;XIREC;0.0;5
38700;SUBMISSION;Mark 55;VELVETFRUIT_EXTRACT;XIREC;5229.0;7
38700;Mark 01;Mark 55;VELVETFRUIT_EXTRACT;XIREC;5228.0;1
39400;SUBMISSION;;VELVETFRUIT_EXTRACT;XIREC;5233.0;5
39400;Mark 22;Mark 49;VELVETFRUIT_EXTRACT;XIREC;5234.0;5
39400;Mark 67;Mark 49;VELVETFRUIT_EXTRACT;XIREC;5233.0;9
39800;SUBMISSION;Mark 55;VELVETFRUIT_EXTRACT;XIREC;5233.0;3
39800;Mark 01;Mark 55;VELVETFRUIT_EXTRACT;XIREC;5232.0;1
40400;SUBMISSION;;VEV_5000;XIREC;240.0;4
40400;SUBMISSION;Mark 22;VEV_5300;XIREC;41.0;4
40400;SUBMISSION;Mark 22;VEV_5400;XIREC;14.0;4
40400;SUBMISSION;Mark 22;VEV_5500;XIREC;6.0;4
40400;SUBMISSION;Mark 22;VEV_6000;XIREC;0.0;4
40400;SUBMISSION;Mark 22;VEV_6500;XIREC;0.0;4
40900;SUBMISSION;;VEV_5000;XIREC;242.0;6
40900;Mark 38;Mark 14;HYDROGEL_PACK;XIREC;9951.0;5
41300;Mark 38;Mark 14;HYDROGEL_PACK;XIREC;9953.0;5
43400;SUBMISSION;;VEV_5000;XIREC;238.0;5
43400;SUBMISSION;Mark 22;VEV_5400;XIREC;13.0;5
43400;SUBMISSION;Mark 22;VEV_5500;XIREC;6.0;5
43400;SUBMISSION;Mark 22;VEV_6000;XIREC;0.0;5
43400;SUBMISSION;Mark 22;VEV_6500;XIREC;0.0;5
43600;SUBMISSION;Mark 55;VELVETFRUIT_EXTRACT;XIREC;5230.0;3
43600;Mark 01;Mark 55;VELVETFRUIT_EXTRACT;XIREC;5229.0;1
43900;SUBMISSION;Mark 38;HYDROGEL_PACK;XIREC;9953.0;5
43900;Mark 14;Mark 38;HYDROGEL_PACK;XIREC;9952.0;1
45200;SUBMISSION;Mark 38;HYDROGEL_PACK;XIREC;9962.0;2
45400;Mark 67;Mark 22;VELVETFRUIT_EXTRACT;XIREC;5241.0;8
47700;SUBMISSION;Mark 55;VELVETFRUIT_EXTRACT;XIREC;5244.0;2
47700;Mark 01;Mark 55;VELVETFRUIT_EXTRACT;XIREC;5243.0;2
48300;SUBMISSION;Mark 38;HYDROGEL_PACK;XIREC;9961.0;1
48300;Mark 14;Mark 38;HYDROGEL_PACK;XIREC;9960.0;2
48900;SUBMISSION;Mark 55;VELVETFRUIT_EXTRACT;XIREC;5242.0;1
48900;Mark 01;Mark 55;VELVETFRUIT_EXTRACT;XIREC;5241.0;5
49800;SUBMISSION;Mark 55;VELVETFRUIT_EXTRACT;XIREC;5245.0;1
49800;Mark 01;Mark 55;VELVETFRUIT_EXTRACT;XIREC;5244.0;2
50200;SUBMISSION;Mark 38;VEV_4000;XIREC;1241.0;2
50300;Mark 38;SUBMISSION;VEV_4000;XIREC;1252.0;3
50700;SUBMISSION;Mark 22;VEV_5400;XIREC;16.0;5
50700;SUBMISSION;Mark 22;VEV_5500;XIREC;7.0;5
50700;SUBMISSION;Mark 22;VEV_6000;XIREC;0.0;5
50700;SUBMISSION;Mark 22;VEV_6500;XIREC;0.0;5
51700;SUBMISSION;Mark 55;VELVETFRUIT_EXTRACT;XIREC;5244.0;1
51700;Mark 14;Mark 55;VELVETFRUIT_EXTRACT;XIREC;5243.0;3
52400;SUBMISSION;Mark 38;HYDROGEL_PACK;XIREC;9962.0;1
52400;Mark 14;Mark 38;HYDROGEL_PACK;XIREC;9961.0;4
52800;SUBMISSION;Mark 22;VEV_5400;XIREC;16.0;3
52800;SUBMISSION;Mark 22;VEV_5500;XIREC;7.0;3
52800;SUBMISSION;Mark 22;VEV_6000;XIREC;0.0;3
52800;SUBMISSION;Mark 22;VEV_6500;XIREC;0.0;3
53000;SUBMISSION;Mark 38;HYDROGEL_PACK;XIREC;9962.0;1
53000;Mark 14;Mark 38;HYDROGEL_PACK;XIREC;9961.0;3
53400;SUBMISSION;Mark 22;VEV_5500;XIREC;7.0;2
53400;SUBMISSION;Mark 22;VEV_6000;XIREC;0.0;2
53400;SUBMISSION;Mark 22;VEV_6500;XIREC;0.0;2
53800;Mark 38;SUBMISSION;VEV_4000;XIREC;1250.0;2
54400;SUBMISSION;Mark 38;VEV_4000;XIREC;1239.0;3
57600;Mark 38;SUBMISSION;VEV_4000;XIREC;1252.0;3
59300;SUBMISSION;Mark 38;HYDROGEL_PACK;XIREC;9950.0;1
59300;Mark 14;Mark 38;HYDROGEL_PACK;XIREC;9949.0;3
59600;Mark 14;Mark 55;VELVETFRUIT_EXTRACT;XIREC;5244.0;4
60300;Mark 14;Mark 55;VELVETFRUIT_EXTRACT;XIREC;5245.0;5
61100;Mark 38;Mark 14;HYDROGEL_PACK;XIREC;9961.0;2
61400;Mark 38;Mark 14;HYDROGEL_PACK;XIREC;9962.0;2
62100;Mark 14;Mark 55;VELVETFRUIT_EXTRACT;XIREC;5243.0;6
62600;Mark 38;SUBMISSION;VEV_4000;XIREC;1249.0;1
63100;Mark 38;SUBMISSION;VEV_4000;XIREC;1247.0;3
63200;Mark 38;Mark 14;HYDROGEL_PACK;XIREC;9950.0;5
63200;Mark 14;Mark 55;VELVETFRUIT_EXTRACT;XIREC;5240.0;8
64200;Mark 55;Mark 14;VELVETFRUIT_EXTRACT;XIREC;5245.0;6
64300;Mark 14;Mark 38;HYDROGEL_PACK;XIREC;9933.0;4
65400;Mark 14;Mark 38;HYDROGEL_PACK;XIREC;9930.0;4
65700;Mark 14;Mark 55;VELVETFRUIT_EXTRACT;XIREC;5240.0;8
65900;Mark 14;Mark 38;HYDROGEL_PACK;XIREC;9935.0;2
67700;;SUBMISSION;VELVETFRUIT_EXTRACT;XIREC;5247.0;9
67700;Mark 55;SUBMISSION;VELVETFRUIT_EXTRACT;XIREC;5250.0;4
68000;Mark 38;SUBMISSION;VEV_4000;XIREC;1253.0;2
69500;Mark 14;Mark 38;HYDROGEL_PACK;XIREC;9952.0;2
70500;SUBMISSION;Mark 38;VEV_4000;XIREC;1237.0;1
73400;SUBMISSION;;VELVETFRUIT_EXTRACT;XIREC;5236.0;5
73400;Mark 22;Mark 49;VELVETFRUIT_EXTRACT;XIREC;5237.0;8
73400;Mark 55;Mark 49;VELVETFRUIT_EXTRACT;XIREC;5236.0;6
73500;Mark 14;Mark 38;HYDROGEL_PACK;XIREC;9966.0;3
74100;SUBMISSION;;VEV_5000;XIREC;242.0;3
74100;SUBMISSION;Mark 22;VEV_5300;XIREC;42.0;3
74100;SUBMISSION;Mark 22;VEV_5400;XIREC;14.0;3
74100;SUBMISSION;Mark 22;VEV_5500;XIREC;6.0;3
74100;SUBMISSION;Mark 22;VEV_6000;XIREC;0.0;3
74100;SUBMISSION;Mark 22;VEV_6500;XIREC;0.0;3
74300;Mark 55;Mark 14;VELVETFRUIT_EXTRACT;XIREC;5238.0;6
74400;SUBMISSION;Mark 55;VELVETFRUIT_EXTRACT;XIREC;5236.0;3
74400;Mark 14;Mark 55;VELVETFRUIT_EXTRACT;XIREC;5235.0;1
76600;Mark 38;Mark 14;HYDROGEL_PACK;XIREC;9995.0;3
77300;Mark 55;Mark 14;VELVETFRUIT_EXTRACT;XIREC;5241.0;8
78300;SUBMISSION;Mark 38;VEV_4000;XIREC;1234.0;3
78400;Mark 67;Mark 22;VELVETFRUIT_EXTRACT;XIREC;5238.0;7
78500;Mark 38;Mark 14;HYDROGEL_PACK;XIREC;10000.0;4
79000;Mark 14;Mark 38;HYDROGEL_PACK;XIREC;9982.0;3
79800;Mark 38;Mark 14;HYDROGEL_PACK;XIREC;9994.0;6
80700;SUBMISSION;;VEV_5000;XIREC;246.0;6
81300;Mark 14;Mark 38;HYDROGEL_PACK;XIREC;9970.0;6
81500;SUBMISSION;;VEV_5000;XIREC;248.0;9
81700;Mark 38;Mark 14;HYDROGEL_PACK;XIREC;9980.0;3
81900;Mark 38;Mark 14;HYDROGEL_PACK;XIREC;9978.0;2
82300;SUBMISSION;Mark 55;VELVETFRUIT_EXTRACT;XIREC;5236.0;2
82300;Mark 38;Mark 14;HYDROGEL_PACK;XIREC;9977.0;3
82300;Mark 01;Mark 55;VELVETFRUIT_EXTRACT;XIREC;5235.0;1
83200;Mark 55;Mark 01;VELVETFRUIT_EXTRACT;XIREC;5237.0;7
83400;SUBMISSION;;VEV_5000;XIREC;244.0;8
84300;Mark 38;SUBMISSION;VEV_4000;XIREC;1238.0;1
84600;Mark 67;Mark 22;VELVETFRUIT_EXTRACT;XIREC;5233.0;8
85300;SUBMISSION;;VEV_5000;XIREC;241.0;2
85300;SUBMISSION;Mark 22;VEV_5300;XIREC;42.0;2
85300;SUBMISSION;Mark 22;VEV_5400;XIREC;14.0;2
85300;SUBMISSION;Mark 22;VEV_5500;XIREC;6.0;2
85300;SUBMISSION;Mark 22;VEV_6000;XIREC;0.0;2
85300;SUBMISSION;Mark 22;VEV_6500;XIREC;0.0;2
86100;SUBMISSION;;VEV_5000;XIREC;243.0;5
86100;SUBMISSION;Mark 22;VEV_5400;XIREC;14.0;5
86100;SUBMISSION;Mark 22;VEV_5500;XIREC;6.0;5
86100;SUBMISSION;Mark 22;VEV_6000;XIREC;0.0;5
86100;SUBMISSION;Mark 22;VEV_6500;XIREC;0.0;5
87900;SUBMISSION;Mark 55;VELVETFRUIT_EXTRACT;XIREC;5240.0;2
87900;Mark 14;Mark 55;VELVETFRUIT_EXTRACT;XIREC;5239.0;1
88500;Mark 67;Mark 22;VELVETFRUIT_EXTRACT;XIREC;5242.0;6
89200;SUBMISSION;;VELVETFRUIT_EXTRACT;XIREC;5241.0;1
89300;SUBMISSION;Mark 38;VEV_4000;XIREC;1237.0;3
89800;SUBMISSION;Mark 22;VEV_5300;XIREC;45.0;4
89800;SUBMISSION;Mark 22;VEV_5400;XIREC;15.0;4
89800;SUBMISSION;Mark 22;VEV_6000;XIREC;0.0;4
89800;SUBMISSION;Mark 22;VEV_6500;XIREC;0.0;4
91100;Mark 55;Mark 14;VELVETFRUIT_EXTRACT;XIREC;5244.0;6
92000;Mark 55;Mark 14;VELVETFRUIT_EXTRACT;XIREC;5243.0;8
92100;Mark 14;Mark 38;HYDROGEL_PACK;XIREC;9955.0;4
92500;Mark 14;Mark 38;HYDROGEL_PACK;XIREC;9956.0;2
93700;Mark 55;Mark 01;VELVETFRUIT_EXTRACT;XIREC;5246.0;6
93800;Mark 55;Mark 01;VELVETFRUIT_EXTRACT;XIREC;5246.0;7
94400;Mark 38;Mark 14;HYDROGEL_PACK;XIREC;9974.0;4
97100;Mark 14;Mark 38;HYDROGEL_PACK;XIREC;9950.0;2
98600;Mark 38;Mark 14;HYDROGEL_PACK;XIREC;9962.0;2
99000;Mark 38;Mark 14;HYDROGEL_PACK;XIREC;9961.0;3
100500;Mark 55;Mark 14;VELVETFRUIT_EXTRACT;XIREC;5248.0;4
101200;;SUBMISSION;VELVETFRUIT_EXTRACT;XIREC;5248.0;22
101200;;SUBMISSION;VELVETFRUIT_EXTRACT;XIREC;5247.0;37
101400;Mark 14;Mark 38;HYDROGEL_PACK;XIREC;9936.0;5
101500;Mark 14;Mark 38;HYDROGEL_PACK;XIREC;9935.0;6
102500;SUBMISSION;Mark 38;VEV_4000;XIREC;1240.0;1
102800;SUBMISSION;Mark 38;VEV_4000;XIREC;1241.0;1
103100;Mark 38;Mark 14;HYDROGEL_PACK;XIREC;9952.0;4
103500;Mark 14;Mark 38;HYDROGEL_PACK;XIREC;9940.0;3
104400;Mark 55;SUBMISSION;VELVETFRUIT_EXTRACT;XIREC;5251.0;6
105400;;SUBMISSION;VELVETFRUIT_EXTRACT;XIREC;5253.0;5
105500;;SUBMISSION;VELVETFRUIT_EXTRACT;XIREC;5254.0;9
105600;;SUBMISSION;VELVETFRUIT_EXTRACT;XIREC;5255.0;13
105700;;SUBMISSION;VELVETFRUIT_EXTRACT;XIREC;5255.0;15
105800;;SUBMISSION;VELVETFRUIT_EXTRACT;XIREC;5256.0;17
105900;;SUBMISSION;VELVETFRUIT_EXTRACT;XIREC;5255.0;13
106000;;SUBMISSION;VELVETFRUIT_EXTRACT;XIREC;5256.0;19
106000;;SUBMISSION;VEV_5100;XIREC;173.0;30
106100;;SUBMISSION;VELVETFRUIT_EXTRACT;XIREC;5255.0;13
106200;;SUBMISSION;VELVETFRUIT_EXTRACT;XIREC;5256.0;17
106300;;SUBMISSION;VELVETFRUIT_EXTRACT;XIREC;5257.0;21
106300;;SUBMISSION;VEV_5100;XIREC;174.0;12
106300;;SUBMISSION;VEV_5100;XIREC;173.0;12
106400;;SUBMISSION;VELVETFRUIT_EXTRACT;XIREC;5256.0;19
106400;;SUBMISSION;VEV_5100;XIREC;173.0;24
106500;;SUBMISSION;VELVETFRUIT_EXTRACT;XIREC;5257.0;21
106500;;SUBMISSION;VEV_5100;XIREC;174.0;10
106600;;SUBMISSION;VELVETFRUIT_EXTRACT;XIREC;5259.0;9
106600;;SUBMISSION;VELVETFRUIT_EXTRACT;XIREC;5256.0;16
106700;;SUBMISSION;VELVETFRUIT_EXTRACT;XIREC;5257.0;20
106700;;SUBMISSION;VELVETFRUIT_EXTRACT;XIREC;5256.0;1
106800;;SUBMISSION;VELVETFRUIT_EXTRACT;XIREC;5257.0;18
106800;;SUBMISSION;VELVETFRUIT_EXTRACT;XIREC;5256.0;3
106900;;SUBMISSION;VEV_5000;XIREC;261.0;8
106900;;SUBMISSION;VEV_5000;XIREC;260.0;2
107000;;SUBMISSION;VELVETFRUIT_EXTRACT;XIREC;5257.0;13
107000;;SUBMISSION;VEV_5000;XIREC;261.0;8
107100;;SUBMISSION;VELVETFRUIT_EXTRACT;XIREC;5257.0;3
107100;;SUBMISSION;VEV_5000;XIREC;262.0;9
107100;;SUBMISSION;VEV_5000;XIREC;261.0;11
107100;Mark 14;Mark 38;HYDROGEL_PACK;XIREC;9952.0;5
107200;;SUBMISSION;VELVETFRUIT_EXTRACT;XIREC;5260.0;15
107200;;SUBMISSION;VEV_5000;XIREC;264.0;12
107200;;SUBMISSION;VEV_5000;XIREC;263.0;6
107200;;SUBMISSION;VEV_5200;XIREC;104.0;30
107200;;SUBMISSION;VEV_5300;XIREC;52.0;24
107300;;SUBMISSION;VEV_5000;XIREC;264.0;23
107300;;SUBMISSION;VEV_5200;XIREC;104.0;23
107300;;SUBMISSION;VEV_5300;XIREC;52.0;26
107400;;SUBMISSION;VELVETFRUIT_EXTRACT;XIREC;5262.0;5
107400;;SUBMISSION;VEV_5000;XIREC;265.0;6
107400;;SUBMISSION;VEV_5000;XIREC;264.0;13
107400;;SUBMISSION;VEV_5200;XIREC;104.0;19
107400;;SUBMISSION;VEV_5300;XIREC;52.0;21
107500;;SUBMISSION;VEV_5000;XIREC;264.0;6
107500;;SUBMISSION;VEV_5000;XIREC;263.0;20
107500;;SUBMISSION;VEV_5200;XIREC;104.0;26
107500;;SUBMISSION;VEV_5300;XIREC;52.0;8
107500;;SUBMISSION;VEV_5300;XIREC;51.0;13
107600;;SUBMISSION;VEV_5000;XIREC;263.0;23
107600;;SUBMISSION;VEV_5200;XIREC;103.0;23
107700;;SUBMISSION;VEV_5000;XIREC;264.0;25
107700;;SUBMISSION;VEV_5200;XIREC;104.0;25
107700;;SUBMISSION;VEV_5300;XIREC;52.0;15
107800;;SUBMISSION;VEV_5000;XIREC;265.0;11
107800;;SUBMISSION;VEV_5000;XIREC;264.0;22
107800;;SUBMISSION;VEV_5200;XIREC;104.0;30
107900;;SUBMISSION;VELVETFRUIT_EXTRACT;XIREC;5261.0;1
107900;Mark 55;SUBMISSION;VELVETFRUIT_EXTRACT;XIREC;5266.0;3
107900;;SUBMISSION;VEV_5000;XIREC;266.0;9
107900;;SUBMISSION;VEV_5000;XIREC;265.0;18
107900;;SUBMISSION;VEV_5200;XIREC;105.0;27
108000;;SUBMISSION;VEV_5000;XIREC;264.0;23
108000;;SUBMISSION;VEV_5200;XIREC;104.0;23
108100;;SUBMISSION;VEV_5000;XIREC;264.0;10
108100;;SUBMISSION;VEV_5000;XIREC;263.0;13
108100;;SUBMISSION;VEV_5200;XIREC;104.0;10
108100;;SUBMISSION;VEV_5200;XIREC;103.0;20
108200;;SUBMISSION;VEV_5000;XIREC;265.0;6
108200;;SUBMISSION;VEV_5200;XIREC;105.0;6
108200;;SUBMISSION;VEV_5200;XIREC;104.0;15
108300;;SUBMISSION;VEV_5200;XIREC;104.0;10
108300;;SUBMISSION;VEV_5200;XIREC;103.0;8
108400;;SUBMISSION;VEV_4000;XIREC;1263.0;3
108400;;SUBMISSION;VEV_4000;XIREC;1253.0;15
108400;;SUBMISSION;VEV_4000;XIREC;1251.0;12
108400;;SUBMISSION;VEV_4500;XIREC;763.0;3
108400;;SUBMISSION;VEV_4500;XIREC;756.0;8
108400;;SUBMISSION;VEV_4500;XIREC;754.0;19
108400;;SUBMISSION;VEV_5000;XIREC;268.0;1
108500;;SUBMISSION;VEV_5000;XIREC;266.0;1
108800;;SUBMISSION;VELVETFRUIT_EXTRACT;XIREC;5264.0;6
108800;;SUBMISSION;VEV_4000;XIREC;1256.0;11
108800;;SUBMISSION;VEV_4000;XIREC;1253.0;16
108800;;SUBMISSION;VEV_4500;XIREC;758.0;12
108800;;SUBMISSION;VEV_4500;XIREC;756.0;16
108800;;SUBMISSION;VEV_5000;XIREC;268.0;4
108800;;SUBMISSION;VEV_5500;XIREC;9.0;18
108900;;SUBMISSION;VEV_4000;XIREC;1256.0;7
108900;;SUBMISSION;VEV_4000;XIREC;1253.0;20
108900;;SUBMISSION;VEV_5500;XIREC;9.0;26
109000;;SUBMISSION;VELVETFRUIT_EXTRACT;XIREC;5264.0;13
109000;;SUBMISSION;VEV_4000;XIREC;1256.0;15
109000;;SUBMISSION;VEV_4000;XIREC;1253.0;15
109000;;SUBMISSION;VEV_4500;XIREC;758.0;11
109000;;SUBMISSION;VEV_4500;XIREC;756.0;16
109000;;SUBMISSION;VEV_5500;XIREC;9.0;29
109000;Mark 67;Mark 49;VELVETFRUIT_EXTRACT;XIREC;5265.0;12
109100;;SUBMISSION;VEV_4000;XIREC;1256.0;11
109100;;SUBMISSION;VEV_4000;XIREC;1254.0;19
109100;;SUBMISSION;VEV_4500;XIREC;759.0;7
109100;;SUBMISSION;VEV_4500;XIREC;757.0;15
109100;;SUBMISSION;VEV_5400;XIREC;20.0;25
109100;;SUBMISSION;VEV_5500;XIREC;9.0;25
109100;Mark 14;Mark 38;HYDROGEL_PACK;XIREC;9957.0;2
109200;;SUBMISSION;VEV_5500;XIREC;9.0;6
109200;;SUBMISSION;VEV_5500;XIREC;8.0;12
109300;;SUBMISSION;VEV_4000;XIREC;1256.0;12
109300;;SUBMISSION;VEV_4000;XIREC;1254.0;18
109300;;SUBMISSION;VEV_4500;XIREC;759.0;11
109300;;SUBMISSION;VEV_4500;XIREC;757.0;12
109300;;SUBMISSION;VEV_5400;XIREC;20.0;18
109300;;SUBMISSION;VEV_5500;XIREC;9.0;18
109400;;SUBMISSION;VEV_4000;XIREC;1258.0;8
109400;;SUBMISSION;VEV_4000;XIREC;1256.0;22
109400;;SUBMISSION;VEV_4500;XIREC;761.0;6
109400;;SUBMISSION;VEV_4500;XIREC;759.0;15
109400;;SUBMISSION;VEV_5400;XIREC;21.0;9
109400;;SUBMISSION;VEV_5400;XIREC;20.0;18
109400;;SUBMISSION;VEV_5500;XIREC;9.0;4
109500;;SUBMISSION;VEV_4000;XIREC;1258.0;11
109500;;SUBMISSION;VEV_4000;XIREC;1255.0;19
109500;;SUBMISSION;VEV_4500;XIREC;760.0;12
109500;;SUBMISSION;VEV_4500;XIREC;759.0;18
109500;;SUBMISSION;VEV_5400;XIREC;21.0;10
109500;;SUBMISSION;VEV_5400;XIREC;20.0;14
109600;;SUBMISSION;VEV_4000;XIREC;1259.0;8
109600;;SUBMISSION;VEV_4000;XIREC;1257.0;16
109600;;SUBMISSION;VEV_4500;XIREC;762.0;10
109600;;SUBMISSION;VEV_4500;XIREC;760.0;20
109600;;SUBMISSION;VEV_5400;XIREC;21.0;26
109700;;SUBMISSION;VEV_4000;XIREC;1260.0;8
109700;;SUBMISSION;VEV_4000;XIREC;1257.0;19
109700;;SUBMISSION;VEV_4500;XIREC;762.0;12
109700;;SUBMISSION;VEV_4500;XIREC;760.0;18
109700;;SUBMISSION;VEV_5400;XIREC;21.0;16
109800;;SUBMISSION;VEV_4000;XIREC;1261.0;3
109800;;SUBMISSION;VEV_4500;XIREC;763.0;8
109800;;SUBMISSION;VEV_4500;XIREC;761.0;15
109800;;SUBMISSION;VEV_5400;XIREC;21.0;20
109900;;SUBMISSION;VEV_4500;XIREC;762.0;10
109900;;SUBMISSION;VEV_4500;XIREC;760.0;20
109900;;SUBMISSION;VEV_5400;XIREC;21.0;22
110000;;SUBMISSION;VEV_4500;XIREC;762.0;1
110000;;SUBMISSION;VEV_5400;XIREC;21.0;26
110100;;SUBMISSION;VEV_5400;XIREC;20.0;26
110100;Mark 01;Mark 55;VELVETFRUIT_EXTRACT;XIREC;5265.0;4
110200;;SUBMISSION;VEV_5400;XIREC;20.0;23
110300;;SUBMISSION;VEV_5400;XIREC;20.0;24
110400;;SUBMISSION;VEV_5400;XIREC;20.0;22
110500;;SUBMISSION;VEV_5400;XIREC;20.0;22
110600;;SUBMISSION;VEV_5400;XIREC;20.0;17
111500;;SUBMISSION;VEV_5100;XIREC;178.0;3
111500;;SUBMISSION;VEV_5300;XIREC;53.0;3
111600;;SUBMISSION;VEV_5100;XIREC;177.0;12
111600;;SUBMISSION;VEV_5100;XIREC;176.0;14
111600;;SUBMISSION;VEV_5300;XIREC;52.0;17
111700;;SUBMISSION;VEV_5100;XIREC;176.0;10
111700;;SUBMISSION;VEV_5100;XIREC;175.0;16
111800;;SUBMISSION;VEV_5300;XIREC;52.0;15
111900;;SUBMISSION;VEV_5100;XIREC;176.0;5
112000;;SUBMISSION;VEV_5100;XIREC;176.0;2
112000;Mark 14;Mark 55;VELVETFRUIT_EXTRACT;XIREC;5260.0;3
112100;;SUBMISSION;VEV_5300;XIREC;52.0;7
112200;;SUBMISSION;VEV_5100;XIREC;176.0;6
112300;;SUBMISSION;VEV_5300;XIREC;52.0;6
112400;;SUBMISSION;VEV_5300;XIREC;52.0;2
112700;;SUBMISSION;VEV_5100;XIREC;175.0;30
112700;Mark 14;Mark 38;HYDROGEL_PACK;XIREC;9948.0;2
112800;;SUBMISSION;VEV_5100;XIREC;175.0;6
112800;;SUBMISSION;VEV_5100;XIREC;174.0;12
112900;;SUBMISSION;VEV_5100;XIREC;174.0;13
113000;;SUBMISSION;VEV_5100;XIREC;175.0;9
113000;;SUBMISSION;VEV_5100;XIREC;174.0;4
113900;Mark 38;Mark 14;HYDROGEL_PACK;XIREC;9956.0;2
114000;;SUBMISSION;VEV_5300;XIREC;52.0;10
114200;;SUBMISSION;VEV_5300;XIREC;53.0;5
114300;;SUBMISSION;VEV_5300;XIREC;53.0;3
115100;;SUBMISSION;VEV_5100;XIREC;175.0;10
115200;;SUBMISSION;VEV_5100;XIREC;175.0;6
115200;;SUBMISSION;VEV_5100;XIREC;174.0;7
115500;Mark 14;Mark 38;HYDROGEL_PACK;XIREC;9937.0;3
118800;Mark 14;Mark 55;VELVETFRUIT_EXTRACT;XIREC;5257.0;3
119400;Mark 38;Mark 14;HYDROGEL_PACK;XIREC;9962.0;3
120300;SUBMISSION;Mark 22;VEV_5400;XIREC;18.0;4
120300;SUBMISSION;Mark 22;VEV_5500;XIREC;8.0;4
120300;SUBMISSION;Mark 22;VEV_6000;XIREC;0.0;4
120300;SUBMISSION;Mark 22;VEV_6500;XIREC;0.0;4
120700;Mark 38;Mark 14;HYDROGEL_PACK;XIREC;9958.0;2
120900;;SUBMISSION;VEV_5100;XIREC;175.0;22
121000;;SUBMISSION;VEV_5100;XIREC;175.0;20
121600;;SUBMISSION;VEV_5300;XIREC;53.0;6
121600;;SUBMISSION;VEV_5300;XIREC;52.0;10
121700;;SUBMISSION;VEV_5300;XIREC;53.0;6
121700;;SUBMISSION;VEV_5300;XIREC;52.0;18
121800;;SUBMISSION;VEV_5500;XIREC;9.0;16
122100;;SUBMISSION;VEV_5300;XIREC;53.0;7
122400;;SUBMISSION;VEV_5300;XIREC;53.0;8
122400;;SUBMISSION;VEV_5300;XIREC;52.0;12
123100;;SUBMISSION;VEV_5300;XIREC;53.0;7
123300;;SUBMISSION;VEV_5300;XIREC;53.0;2
123300;Mark 01;Mark 55;VELVETFRUIT_EXTRACT;XIREC;5262.0;7
123500;;SUBMISSION;VEV_5300;XIREC;53.0;1
125600;Mark 55;SUBMISSION;VELVETFRUIT_EXTRACT;XIREC;5264.0;3
126000;Mark 38;Mark 14;HYDROGEL_PACK;XIREC;9953.0;4
127200;SUBMISSION;Mark 22;VEV_5500;XIREC;8.0;3
127200;SUBMISSION;Mark 22;VEV_6000;XIREC;0.0;3
127200;SUBMISSION;Mark 22;VEV_6500;XIREC;0.0;3
129100;Mark 38;SUBMISSION;VEV_4000;XIREC;1270.0;3
129500;Mark 38;Mark 14;HYDROGEL_PACK;XIREC;9967.0;6
129800;Mark 14;Mark 38;HYDROGEL_PACK;XIREC;9951.0;4
130800;Mark 14;Mark 38;HYDROGEL_PACK;XIREC;9946.0;5
131300;Mark 49;Mark 55;VELVETFRUIT_EXTRACT;XIREC;5265.0;5
131800;Mark 01;Mark 55;VELVETFRUIT_EXTRACT;XIREC;5261.0;5
132600;Mark 67;SUBMISSION;VELVETFRUIT_EXTRACT;XIREC;5262.0;6
132600;Mark 67;Mark 49;VELVETFRUIT_EXTRACT;XIREC;5263.0;4
133100;SUBMISSION;Mark 38;VEV_4000;XIREC;1258.0;3
133700;Mark 14;Mark 38;HYDROGEL_PACK;XIREC;9948.0;4
134000;Mark 14;Mark 55;VELVETFRUIT_EXTRACT;XIREC;5264.0;8
134500;Mark 14;Mark 38;HYDROGEL_PACK;XIREC;9944.0;6
135200;Mark 55;SUBMISSION;VELVETFRUIT_EXTRACT;XIREC;5263.0;5
135200;Mark 55;Mark 01;VELVETFRUIT_EXTRACT;XIREC;5264.0;3
135500;Mark 14;Mark 55;VELVETFRUIT_EXTRACT;XIREC;5257.0;7
135900;SUBMISSION;Mark 22;VEV_5300;XIREC;52.0;3
135900;SUBMISSION;Mark 22;VEV_5400;XIREC;19.0;3
135900;SUBMISSION;Mark 22;VEV_5500;XIREC;8.0;3
135900;SUBMISSION;Mark 22;VEV_6000;XIREC;0.0;3
135900;SUBMISSION;Mark 22;VEV_6500;XIREC;0.0;3
137000;SUBMISSION;Mark 38;VEV_4000;XIREC;1257.0;3
137300;SUBMISSION;Mark 38;VEV_4000;XIREC;1256.0;3
137600;Mark 38;SUBMISSION;VEV_4000;XIREC;1264.0;3
137800;Mark 14;Mark 38;HYDROGEL_PACK;XIREC;9942.0;3
138000;Mark 01;Mark 55;VELVETFRUIT_EXTRACT;XIREC;5254.0;7
138100;Mark 38;Mark 14;HYDROGEL_PACK;XIREC;9959.0;2
139700;Mark 67;SUBMISSION;VELVETFRUIT_EXTRACT;XIREC;5256.0;2
139700;Mark 67;Mark 22;VELVETFRUIT_EXTRACT;XIREC;5257.0;6
140000;Mark 55;SUBMISSION;VELVETFRUIT_EXTRACT;XIREC;5260.0;3
140000;Mark 55;Mark 14;VELVETFRUIT_EXTRACT;XIREC;5261.0;2
140100;Mark 55;SUBMISSION;VELVETFRUIT_EXTRACT;XIREC;5259.0;1
140100;Mark 55;Mark 14;VELVETFRUIT_EXTRACT;XIREC;5260.0;3
141000;Mark 55;SUBMISSION;VELVETFRUIT_EXTRACT;XIREC;5259.0;1
141000;Mark 55;Mark 14;VELVETFRUIT_EXTRACT;XIREC;5260.0;3
142000;Mark 55;SUBMISSION;VELVETFRUIT_EXTRACT;XIREC;5261.0;1
142000;Mark 55;Mark 14;VELVETFRUIT_EXTRACT;XIREC;5262.0;5
144500;Mark 01;Mark 55;VELVETFRUIT_EXTRACT;XIREC;5258.0;5
145500;SUBMISSION;Mark 22;VEV_5400;XIREC;19.0;2
145500;SUBMISSION;Mark 22;VEV_5500;XIREC;8.0;2
145500;SUBMISSION;Mark 22;VEV_6000;XIREC;0.0;2
145500;SUBMISSION;Mark 22;VEV_6500;XIREC;0.0;2
145600;Mark 38;Mark 14;HYDROGEL_PACK;XIREC;9962.0;5
146500;Mark 38;Mark 14;HYDROGEL_PACK;XIREC;9963.0;6
146700;Mark 14;Mark 55;VELVETFRUIT_EXTRACT;XIREC;5260.0;7
147900;SUBMISSION;Mark 38;VEV_4000;XIREC;1261.0;1
148000;Mark 38;Mark 14;HYDROGEL_PACK;XIREC;9972.0;3
148300;Mark 22;Mark 55;VELVETFRUIT_EXTRACT;XIREC;5265.0;4
148800;;SUBMISSION;VELVETFRUIT_EXTRACT;XIREC;5262.0;1
150600;SUBMISSION;Mark 22;VEV_5300;XIREC;53.0;2
150600;SUBMISSION;Mark 22;VEV_5400;XIREC;20.0;2
150600;SUBMISSION;Mark 22;VEV_5500;XIREC;8.0;2
150600;SUBMISSION;Mark 22;VEV_6000;XIREC;0.0;2
150600;SUBMISSION;Mark 22;VEV_6500;XIREC;0.0;2
150700;Mark 55;SUBMISSION;VELVETFRUIT_EXTRACT;XIREC;5267.0;1
150700;Mark 55;Mark 01;VELVETFRUIT_EXTRACT;XIREC;5268.0;6
151100;Mark 14;Mark 38;HYDROGEL_PACK;XIREC;9945.0;4
151200;Mark 14;Mark 38;HYDROGEL_PACK;XIREC;9944.0;6
151400;Mark 01;Mark 55;VELVETFRUIT_EXTRACT;XIREC;5261.0;7
152700;Mark 14;Mark 38;HYDROGEL_PACK;XIREC;9944.0;5
153000;SUBMISSION;Mark 22;VEV_5400;XIREC;18.0;4
153000;SUBMISSION;Mark 22;VEV_5500;XIREC;7.0;4
153000;SUBMISSION;Mark 22;VEV_6000;XIREC;0.0;4
153000;SUBMISSION;Mark 22;VEV_6500;XIREC;0.0;4
154100;SUBMISSION;Mark 38;VEV_4000;XIREC;1247.0;3
155500;SUBMISSION;;VELVETFRUIT_EXTRACT;XIREC;5251.0;22
155900;Mark 38;Mark 14;HYDROGEL_PACK;XIREC;9966.0;4
156200;SUBMISSION;Mark 38;VEV_4000;XIREC;1242.0;1
156400;Mark 14;Mark 38;HYDROGEL_PACK;XIREC;9949.0;6
159900;Mark 14;Mark 38;HYDROGEL_PACK;XIREC;9961.0;3
160600;;SUBMISSION;VELVETFRUIT_EXTRACT;XIREC;5252.0;5
161200;Mark 14;Mark 38;HYDROGEL_PACK;XIREC;9956.0;6
163300;Mark 67;SUBMISSION;VELVETFRUIT_EXTRACT;XIREC;5253.0;4
163300;Mark 67;Mark 22;VELVETFRUIT_EXTRACT;XIREC;5254.0;6
164000;Mark 14;Mark 55;VELVETFRUIT_EXTRACT;XIREC;5251.0;5
164300;Mark 38;Mark 14;HYDROGEL_PACK;XIREC;9973.0;5
165500;Mark 49;Mark 55;VELVETFRUIT_EXTRACT;XIREC;5250.0;4
167300;Mark 14;Mark 38;HYDROGEL_PACK;XIREC;9957.0;3
167600;SUBMISSION;Mark 38;VEV_4000;XIREC;1247.0;2
167600;Mark 01;Mark 55;VELVETFRUIT_EXTRACT;XIREC;5249.0;6
168400;SUBMISSION;Mark 55;VELVETFRUIT_EXTRACT;XIREC;5248.0;3
168500;Mark 38;SUBMISSION;VEV_4000;XIREC;1256.0;2
168700;Mark 38;SUBMISSION;VEV_4000;XIREC;1255.0;1
170400;SUBMISSION;Mark 22;VEV_5400;XIREC;17.0;5
170400;SUBMISSION;Mark 22;VEV_5500;XIREC;7.0;5
170400;SUBMISSION;Mark 22;VEV_6000;XIREC;0.0;5
170400;SUBMISSION;Mark 22;VEV_6500;XIREC;0.0;5
170500;SUBMISSION;Mark 22;VEV_5300;XIREC;46.0;3
170500;SUBMISSION;Mark 22;VEV_5500;XIREC;7.0;3
170500;SUBMISSION;Mark 22;VEV_6000;XIREC;0.0;3
170500;SUBMISSION;Mark 22;VEV_6500;XIREC;0.0;3
170900;Mark 38;SUBMISSION;VEV_4000;XIREC;1255.0;3
171400;Mark 38;Mark 14;HYDROGEL_PACK;XIREC;9992.0;6
171700;SUBMISSION;Mark 55;VELVETFRUIT_EXTRACT;XIREC;5248.0;7
172400;SUBMISSION;Mark 38;VEV_4000;XIREC;1243.0;1
172500;SUBMISSION;Mark 22;VEV_5300;XIREC;46.0;5
172500;SUBMISSION;Mark 22;VEV_5400;XIREC;17.0;5
172500;SUBMISSION;Mark 22;VEV_5500;XIREC;7.0;5
172500;SUBMISSION;Mark 22;VEV_6000;XIREC;0.0;5
172500;SUBMISSION;Mark 22;VEV_6500;XIREC;0.0;5
174200;Mark 38;Mark 14;HYDROGEL_PACK;XIREC;9988.0;5
174400;Mark 38;Mark 14;HYDROGEL_PACK;XIREC;9991.0;6
178000;Mark 14;Mark 38;HYDROGEL_PACK;XIREC;9988.0;3
179200;SUBMISSION;Mark 55;VELVETFRUIT_EXTRACT;XIREC;5244.0;4
179500;SUBMISSION;;VELVETFRUIT_EXTRACT;XIREC;5246.0;1
180100;Mark 55;Mark 01;VELVETFRUIT_EXTRACT;XIREC;5248.0;3
181300;;SUBMISSION;HYDROGEL_PACK;XIREC;10000.0;13
181900;SUBMISSION;;VELVETFRUIT_EXTRACT;XIREC;5246.0;3
182000;SUBMISSION;;VELVETFRUIT_EXTRACT;XIREC;5245.0;7
182100;SUBMISSION;;VELVETFRUIT_EXTRACT;XIREC;5246.0;3
182100;Mark 14;Mark 38;HYDROGEL_PACK;XIREC;10012.0;3
182200;SUBMISSION;;VELVETFRUIT_EXTRACT;XIREC;5246.0;3
182300;SUBMISSION;;VELVETFRUIT_EXTRACT;XIREC;5246.0;3
182800;Mark 14;Mark 38;HYDROGEL_PACK;XIREC;10010.0;5
184000;SUBMISSION;;VELVETFRUIT_EXTRACT;XIREC;5245.0;9
184100;SUBMISSION;;VELVETFRUIT_EXTRACT;XIREC;5244.0;13
184200;SUBMISSION;;VELVETFRUIT_EXTRACT;XIREC;5243.0;18
184200;Mark 38;SUBMISSION;VEV_4000;XIREC;1246.0;3
184300;SUBMISSION;;VELVETFRUIT_EXTRACT;XIREC;5243.0;17
184300;SUBMISSION;;VELVETFRUIT_EXTRACT;XIREC;5244.0;1
184400;SUBMISSION;;VELVETFRUIT_EXTRACT;XIREC;5243.0;18
184500;SUBMISSION;;VELVETFRUIT_EXTRACT;XIREC;5244.0;13
184600;SUBMISSION;;VELVETFRUIT_EXTRACT;XIREC;5244.0;13
184700;SUBMISSION;;VELVETFRUIT_EXTRACT;XIREC;5244.0;13
184800;SUBMISSION;;VELVETFRUIT_EXTRACT;XIREC;5240.0;6
184800;SUBMISSION;;VELVETFRUIT_EXTRACT;XIREC;5243.0;16
184800;SUBMISSION;;VELVETFRUIT_EXTRACT;XIREC;5244.0;3
184900;SUBMISSION;;VELVETFRUIT_EXTRACT;XIREC;5242.0;23
185000;SUBMISSION;;VELVETFRUIT_EXTRACT;XIREC;5244.0;13
185100;SUBMISSION;;VELVETFRUIT_EXTRACT;XIREC;5242.0;23
185200;SUBMISSION;;VELVETFRUIT_EXTRACT;XIREC;5243.0;13
185300;SUBMISSION;;VELVETFRUIT_EXTRACT;XIREC;5241.0;23
185300;SUBMISSION;;VELVETFRUIT_EXTRACT;XIREC;5242.0;4
185400;;SUBMISSION;HYDROGEL_PACK;XIREC;10017.0;2
185400;SUBMISSION;;VELVETFRUIT_EXTRACT;XIREC;5239.0;23
185400;SUBMISSION;;VELVETFRUIT_EXTRACT;XIREC;5240.0;14
185500;;SUBMISSION;HYDROGEL_PACK;XIREC;10018.0;3
185500;SUBMISSION;;VELVETFRUIT_EXTRACT;XIREC;5239.0;15
185500;SUBMISSION;;VELVETFRUIT_EXTRACT;XIREC;5240.0;12
185600;;SUBMISSION;HYDROGEL_PACK;XIREC;10023.0;10
185700;;SUBMISSION;HYDROGEL_PACK;XIREC;10023.0;10
185800;;SUBMISSION;HYDROGEL_PACK;XIREC;10024.0;11
185800;Mark 38;SUBMISSION;HYDROGEL_PACK;XIREC;10039.0;4
185900;;SUBMISSION;HYDROGEL_PACK;XIREC;10024.0;11
186000;;SUBMISSION;HYDROGEL_PACK;XIREC;10023.0;10
186000;SUBMISSION;;VEV_5000;XIREC;245.0;9
186000;SUBMISSION;;VEV_5000;XIREC;246.0;15
186100;;SUBMISSION;HYDROGEL_PACK;XIREC;10022.0;8
186100;SUBMISSION;;VELVETFRUIT_EXTRACT;XIREC;5235.0;6
186100;SUBMISSION;;VELVETFRUIT_EXTRACT;XIREC;5238.0;5
186200;;SUBMISSION;HYDROGEL_PACK;XIREC;10017.0;3
186400;;SUBMISSION;HYDROGEL_PACK;XIREC;10017.0;2
186500;;SUBMISSION;HYDROGEL_PACK;XIREC;10021.0;7
186600;;SUBMISSION;HYDROGEL_PACK;XIREC;10020.0;6
186700;;SUBMISSION;HYDROGEL_PACK;XIREC;10022.0;9
186800;;SUBMISSION;HYDROGEL_PACK;XIREC;10020.0;6
186800;SUBMISSION;;VEV_5000;XIREC;246.0;20
186900;;SUBMISSION;HYDROGEL_PACK;XIREC;10020.0;6
187000;;SUBMISSION;HYDROGEL_PACK;XIREC;10022.0;9
187100;;SUBMISSION;HYDROGEL_PACK;XIREC;10021.0;7
187200;;SUBMISSION;HYDROGEL_PACK;XIREC;10022.0;9
187300;;SUBMISSION;HYDROGEL_PACK;XIREC;10022.0;9
187300;SUBMISSION;;VEV_5200;XIREC;87.0;27
187400;;SUBMISSION;HYDROGEL_PACK;XIREC;10019.0;5
187400;SUBMISSION;;VEV_5200;XIREC;87.0;27
187400;Mark 55;Mark 01;VELVETFRUIT_EXTRACT;XIREC;5235.0;8
187500;;SUBMISSION;HYDROGEL_PACK;XIREC;10018.0;4
187500;SUBMISSION;;VEV_5100;XIREC;154.0;9
187500;SUBMISSION;;VEV_5100;XIREC;155.0;18
187500;SUBMISSION;;VEV_5200;XIREC;87.0;27
187600;;SUBMISSION;HYDROGEL_PACK;XIREC;10016.0;1
187600;SUBMISSION;;VEV_5200;XIREC;87.0;30
187600;Mark 55;Mark 01;VELVETFRUIT_EXTRACT;XIREC;5235.0;5
187700;;SUBMISSION;HYDROGEL_PACK;XIREC;10017.0;2
187700;SUBMISSION;;VEV_5100;XIREC;154.0;19
187700;SUBMISSION;;VEV_5200;XIREC;86.0;6
187700;SUBMISSION;;VEV_5200;XIREC;87.0;13
187800;;SUBMISSION;HYDROGEL_PACK;XIREC;10018.0;4
187800;SUBMISSION;;VEV_5100;XIREC;154.0;22
187800;SUBMISSION;;VEV_5200;XIREC;86.0;6
187800;SUBMISSION;;VEV_5200;XIREC;87.0;16
187900;;SUBMISSION;HYDROGEL_PACK;XIREC;10017.0;3
187900;SUBMISSION;;VEV_5100;XIREC;154.0;6
187900;SUBMISSION;;VEV_5100;XIREC;155.0;20
188000;;SUBMISSION;HYDROGEL_PACK;XIREC;10018.0;4
188000;SUBMISSION;;VEV_5100;XIREC;154.0;9
188000;SUBMISSION;;VEV_5100;XIREC;155.0;15
188100;;SUBMISSION;HYDROGEL_PACK;XIREC;10021.0;8
188100;SUBMISSION;;VEV_5100;XIREC;154.0;21
188200;;SUBMISSION;HYDROGEL_PACK;XIREC;10022.0;10
188300;;SUBMISSION;HYDROGEL_PACK;XIREC;10020.0;7
188300;SUBMISSION;;VEV_5100;XIREC;154.0;8
188300;SUBMISSION;;VEV_5100;XIREC;155.0;20
188400;;SUBMISSION;HYDROGEL_PACK;XIREC;10021.0;8
188400;Mark 14;Mark 38;HYDROGEL_PACK;XIREC;10021.0;4
188500;;SUBMISSION;HYDROGEL_PACK;XIREC;10021.0;8
188600;;SUBMISSION;HYDROGEL_PACK;XIREC;10022.0;9
188700;;SUBMISSION;HYDROGEL_PACK;XIREC;10023.0;10
188800;;SUBMISSION;HYDROGEL_PACK;XIREC;10021.0;8
188800;SUBMISSION;Mark 55;VELVETFRUIT_EXTRACT;XIREC;5233.0;6
188800;SUBMISSION;;VEV_5000;XIREC;242.0;11
188900;;SUBMISSION;HYDROGEL_PACK;XIREC;10018.0;4
189000;;SUBMISSION;HYDROGEL_PACK;XIREC;10019.0;5
189100;;SUBMISSION;HYDROGEL_PACK;XIREC;10020.0;7
189200;;SUBMISSION;HYDROGEL_PACK;XIREC;10022.0;9
189300;;SUBMISSION;HYDROGEL_PACK;XIREC;10025.0;13
189400;;SUBMISSION;HYDROGEL_PACK;XIREC;10026.0;14
189500;;SUBMISSION;HYDROGEL_PACK;XIREC;10023.0;11
189600;;SUBMISSION;HYDROGEL_PACK;XIREC;10026.0;7
189900;SUBMISSION;;VEV_5000;XIREC;248.0;6
190100;SUBMISSION;;VEV_5000;XIREC;244.0;3
190100;SUBMISSION;Mark 22;VEV_5300;XIREC;42.0;3
190100;SUBMISSION;Mark 22;VEV_5400;XIREC;15.0;3
190100;SUBMISSION;Mark 22;VEV_5500;XIREC;6.0;3
190100;SUBMISSION;Mark 22;VEV_6000;XIREC;0.0;3
190100;SUBMISSION;Mark 22;VEV_6500;XIREC;0.0;3
190200;SUBMISSION;;VEV_5000;XIREC;246.0;9
190600;SUBMISSION;Mark 55;VELVETFRUIT_EXTRACT;XIREC;5235.0;6
190700;Mark 55;Mark 14;VELVETFRUIT_EXTRACT;XIREC;5239.0;3
191100;SUBMISSION;Mark 55;VELVETFRUIT_EXTRACT;XIREC;5238.0;7
191100;Mark 14;Mark 55;VELVETFRUIT_EXTRACT;XIREC;5237.0;1
191900;SUBMISSION;;VEV_5000;XIREC;248.0;8
192600;SUBMISSION;Mark 55;VELVETFRUIT_EXTRACT;XIREC;5232.0;3
192800;Mark 14;Mark 38;HYDROGEL_PACK;XIREC;10007.0;5
193400;Mark 38;SUBMISSION;HYDROGEL_PACK;XIREC;10025.0;4
193600;SUBMISSION;;VEV_5000;XIREC;246.0;17
194200;Mark 38;SUBMISSION;VEV_4000;XIREC;1242.0;2
194400;SUBMISSION;Mark 55;VELVETFRUIT_EXTRACT;XIREC;5235.0;5
195200;Mark 55;Mark 14;VELVETFRUIT_EXTRACT;XIREC;5236.0;3
195600;SUBMISSION;;VEV_5000;XIREC;241.0;3
195600;SUBMISSION;Mark 22;VEV_5300;XIREC;41.0;3
195600;SUBMISSION;Mark 22;VEV_5400;XIREC;14.0;3
195600;SUBMISSION;Mark 22;VEV_5500;XIREC;6.0;3
195600;SUBMISSION;Mark 22;VEV_6000;XIREC;0.0;3
195600;SUBMISSION;Mark 22;VEV_6500;XIREC;0.0;3
196100;Mark 55;Mark 14;VELVETFRUIT_EXTRACT;XIREC;5236.0;5
196700;SUBMISSION;Mark 38;VEV_4000;XIREC;1230.0;1
197000;SUBMISSION;;VELVETFRUIT_EXTRACT;XIREC;5235.0;3
197300;SUBMISSION;;VEV_5000;XIREC;246.0;8
197600;SUBMISSION;;VELVETFRUIT_EXTRACT;XIREC;5237.0;2
197600;Mark 67;Mark 49;VELVETFRUIT_EXTRACT;XIREC;5237.0;9
197800;SUBMISSION;;VEV_5000;XIREC;248.0;7
198200;SUBMISSION;;VEV_5000;XIREC;248.0;7
198800;SUBMISSION;;VEV_5000;XIREC;250.0;7
198900;Mark 55;Mark 14;VELVETFRUIT_EXTRACT;XIREC;5243.0;5
199200;Mark 55;Mark 14;VELVETFRUIT_EXTRACT;XIREC;5243.0;5
199400;Mark 38;SUBMISSION;HYDROGEL_PACK;XIREC;10028.0;3
199700;SUBMISSION;;VEV_5000;XIREC;248.0;10
202300;Mark 38;SUBMISSION;VEV_4000;XIREC;1247.0;3
202700;Mark 38;SUBMISSION;HYDROGEL_PACK;XIREC;10032.0;5
203200;Mark 14;Mark 38;HYDROGEL_PACK;XIREC;10014.0;6
203400;SUBMISSION;;VEV_5000;XIREC;250.0;2
203600;SUBMISSION;;VEV_5000;XIREC;249.0;4
203700;Mark 55;Mark 14;VELVETFRUIT_EXTRACT;XIREC;5241.0;3
205400;SUBMISSION;;VELVETFRUIT_EXTRACT;XIREC;5243.0;1
206200;SUBMISSION;Mark 22;VEV_5400;XIREC;16.0;3
206200;SUBMISSION;Mark 22;VEV_6000;XIREC;0.0;3
206200;SUBMISSION;Mark 22;VEV_6500;XIREC;0.0;3
206600;Mark 38;SUBMISSION;VEV_4000;XIREC;1250.0;1
206800;SUBMISSION;Mark 55;VELVETFRUIT_EXTRACT;XIREC;5242.0;1
206800;Mark 01;Mark 55;VELVETFRUIT_EXTRACT;XIREC;5241.0;5
207600;Mark 55;SUBMISSION;VELVETFRUIT_EXTRACT;XIREC;5250.0;4
209400;;SUBMISSION;VELVETFRUIT_EXTRACT;XIREC;5247.0;54
210300;Mark 14;Mark 55;VELVETFRUIT_EXTRACT;XIREC;5250.0;5
210600;SUBMISSION;Mark 38;HYDROGEL_PACK;XIREC;9991.0;5
211100;SUBMISSION;Mark 38;HYDROGEL_PACK;XIREC;9997.0;6
211900;;SUBMISSION;VELVETFRUIT_EXTRACT;XIREC;5254.0;6
212000;;SUBMISSION;VELVETFRUIT_EXTRACT;XIREC;5253.0;2
212300;;SUBMISSION;VELVETFRUIT_EXTRACT;XIREC;5253.0;2
212400;;SUBMISSION;VELVETFRUIT_EXTRACT;XIREC;5253.0;2
212500;;SUBMISSION;VELVETFRUIT_EXTRACT;XIREC;5254.0;6
212600;;SUBMISSION;VELVETFRUIT_EXTRACT;XIREC;5254.0;8
212700;;SUBMISSION;VELVETFRUIT_EXTRACT;XIREC;5254.0;6
212800;;SUBMISSION;VELVETFRUIT_EXTRACT;XIREC;5255.0;10
212900;;SUBMISSION;VELVETFRUIT_EXTRACT;XIREC;5256.0;16
213000;;SUBMISSION;VELVETFRUIT_EXTRACT;XIREC;5255.0;10
213100;;SUBMISSION;VELVETFRUIT_EXTRACT;XIREC;5254.0;6
213200;;SUBMISSION;VELVETFRUIT_EXTRACT;XIREC;5256.0;14
213300;;SUBMISSION;VELVETFRUIT_EXTRACT;XIREC;5254.0;6
213400;;SUBMISSION;VELVETFRUIT_EXTRACT;XIREC;5253.0;2
213500;;SUBMISSION;VELVETFRUIT_EXTRACT;XIREC;5254.0;6
213600;;SUBMISSION;VELVETFRUIT_EXTRACT;XIREC;5254.0;6
213700;;SUBMISSION;VELVETFRUIT_EXTRACT;XIREC;5254.0;6
213700;Mark 55;SUBMISSION;VELVETFRUIT_EXTRACT;XIREC;5258.0;5
213800;SUBMISSION;;HYDROGEL_PACK;XIREC;9996.0;1
213800;;SUBMISSION;VELVETFRUIT_EXTRACT;XIREC;5256.0;10
213900;;SUBMISSION;VELVETFRUIT_EXTRACT;XIREC;5253.0;2
214000;;SUBMISSION;VELVETFRUIT_EXTRACT;XIREC;5253.0;3
214200;SUBMISSION;;HYDROGEL_PACK;XIREC;9996.0;1
214300;SUBMISSION;;HYDROGEL_PACK;XIREC;9995.0;3
214400;SUBMISSION;;HYDROGEL_PACK;XIREC;9994.0;5
214400;Mark 01;Mark 55;VELVETFRUIT_EXTRACT;XIREC;5250.0;3
214500;SUBMISSION;;HYDROGEL_PACK;XIREC;9991.0;10
214600;SUBMISSION;;HYDROGEL_PACK;XIREC;9989.0;15
214700;SUBMISSION;;HYDROGEL_PACK;XIREC;9992.0;9
214800;SUBMISSION;;HYDROGEL_PACK;XIREC;9991.0;11
214900;SUBMISSION;;HYDROGEL_PACK;XIREC;9990.0;13
215000;SUBMISSION;;HYDROGEL_PACK;XIREC;9992.0;9
215000;Mark 14;Mark 55;VELVETFRUIT_EXTRACT;XIREC;5249.0;4
215100;SUBMISSION;;HYDROGEL_PACK;XIREC;9994.0;5
215200;SUBMISSION;;HYDROGEL_PACK;XIREC;9994.0;5
215300;SUBMISSION;;HYDROGEL_PACK;XIREC;9994.0;5
215400;SUBMISSION;;HYDROGEL_PACK;XIREC;9992.0;9
215500;SUBMISSION;;HYDROGEL_PACK;XIREC;9994.0;5
215600;SUBMISSION;;HYDROGEL_PACK;XIREC;9995.0;3
215600;;SUBMISSION;VELVETFRUIT_EXTRACT;XIREC;5250.0;17
215700;SUBMISSION;;HYDROGEL_PACK;XIREC;9995.0;3
215800;SUBMISSION;;HYDROGEL_PACK;XIREC;9995.0;4
216000;Mark 38;SUBMISSION;VEV_4000;XIREC;1258.0;1
217100;Mark 55;SUBMISSION;VELVETFRUIT_EXTRACT;XIREC;5256.0;4
217500;Mark 38;SUBMISSION;HYDROGEL_PACK;XIREC;10010.0;4
217800;Mark 38;SUBMISSION;VEV_4000;XIREC;1258.0;1
218200;;SUBMISSION;VELVETFRUIT_EXTRACT;XIREC;5254.0;5
218500;Mark 38;SUBMISSION;HYDROGEL_PACK;XIREC;10016.0;5
218900;Mark 38;SUBMISSION;HYDROGEL_PACK;XIREC;10013.0;3
218900;Mark 14;Mark 55;VELVETFRUIT_EXTRACT;XIREC;5249.0;8
221000;SUBMISSION;;VELVETFRUIT_EXTRACT;XIREC;5246.0;2
221100;SUBMISSION;;VELVETFRUIT_EXTRACT;XIREC;5246.0;2
221200;Mark 38;SUBMISSION;HYDROGEL_PACK;XIREC;10010.0;5
221300;SUBMISSION;;VELVETFRUIT_EXTRACT;XIREC;5246.0;2
221400;SUBMISSION;;VELVETFRUIT_EXTRACT;XIREC;5246.0;2
221500;SUBMISSION;;VELVETFRUIT_EXTRACT;XIREC;5246.0;2
221600;SUBMISSION;;VELVETFRUIT_EXTRACT;XIREC;5245.0;7
221700;SUBMISSION;;VELVETFRUIT_EXTRACT;XIREC;5245.0;2
221800;SUBMISSION;;VELVETFRUIT_EXTRACT;XIREC;5246.0;2
221800;SUBMISSION;Mark 55;VELVETFRUIT_EXTRACT;XIREC;5242.0;7
221900;SUBMISSION;;VELVETFRUIT_EXTRACT;XIREC;5245.0;7
222000;SUBMISSION;;VELVETFRUIT_EXTRACT;XIREC;5245.0;2
222900;SUBMISSION;Mark 38;VEV_4000;XIREC;1241.0;3
223300;Mark 38;SUBMISSION;VEV_4000;XIREC;1252.0;2
223500;SUBMISSION;;HYDROGEL_PACK;XIREC;9998.0;2
223600;SUBMISSION;;HYDROGEL_PACK;XIREC;9994.0;12
223700;SUBMISSION;;HYDROGEL_PACK;XIREC;9992.0;14
223700;SUBMISSION;;HYDROGEL_PACK;XIREC;9995.0;3
223800;SUBMISSION;;HYDROGEL_PACK;XIREC;9994.0;10
223800;SUBMISSION;;HYDROGEL_PACK;XIREC;9997.0;2
223900;SUBMISSION;;HYDROGEL_PACK;XIREC;9996.0;7
224000;SUBMISSION;;HYDROGEL_PACK;XIREC;9997.0;5
224100;SUBMISSION;;HYDROGEL_PACK;XIREC;9994.0;12
224100;Mark 38;SUBMISSION;VEV_4000;XIREC;1253.0;1
224100;Mark 38;Mark 14;VEV_4000;XIREC;1258.0;1
224200;SUBMISSION;;HYDROGEL_PACK;XIREC;9996.0;7
224300;SUBMISSION;;HYDROGEL_PACK;XIREC;9994.0;12
224400;SUBMISSION;;HYDROGEL_PACK;XIREC;9994.0;12
224500;SUBMISSION;;HYDROGEL_PACK;XIREC;9994.0;12
224600;SUBMISSION;;HYDROGEL_PACK;XIREC;9993.0;10
224600;SUBMISSION;;HYDROGEL_PACK;XIREC;9996.0;4
224700;SUBMISSION;;HYDROGEL_PACK;XIREC;9993.0;10
224700;SUBMISSION;;HYDROGEL_PACK;XIREC;9995.0;2
224800;SUBMISSION;;HYDROGEL_PACK;XIREC;9992.0;3
224900;SUBMISSION;;HYDROGEL_PACK;XIREC;9990.0;6
225000;SUBMISSION;;HYDROGEL_PACK;XIREC;9989.0;3
225100;Mark 55;SUBMISSION;VELVETFRUIT_EXTRACT;XIREC;5253.0;5
225500;SUBMISSION;;HYDROGEL_PACK;XIREC;9988.0;3
225800;SUBMISSION;;HYDROGEL_PACK;XIREC;9987.0;2
226100;SUBMISSION;Mark 38;HYDROGEL_PACK;XIREC;9975.0;5
226100;;SUBMISSION;VELVETFRUIT_EXTRACT;XIREC;5251.0;2
226200;;SUBMISSION;VELVETFRUIT_EXTRACT;XIREC;5252.0;5
226400;;SUBMISSION;VELVETFRUIT_EXTRACT;XIREC;5251.0;2
226500;;SUBMISSION;VELVETFRUIT_EXTRACT;XIREC;5252.0;5
226900;;SUBMISSION;VELVETFRUIT_EXTRACT;XIREC;5252.0;5
227000;;SUBMISSION;VELVETFRUIT_EXTRACT;XIREC;5251.0;2
227100;;SUBMISSION;VELVETFRUIT_EXTRACT;XIREC;5251.0;2
227500;;SUBMISSION;VELVETFRUIT_EXTRACT;XIREC;5252.0;5
227600;;SUBMISSION;VELVETFRUIT_EXTRACT;XIREC;5253.0;10
227700;;SUBMISSION;VELVETFRUIT_EXTRACT;XIREC;5253.0;10
227900;;SUBMISSION;VELVETFRUIT_EXTRACT;XIREC;5252.0;5
228100;;SUBMISSION;VELVETFRUIT_EXTRACT;XIREC;5251.0;2
229000;SUBMISSION;;VELVETFRUIT_EXTRACT;XIREC;5245.0;3
229100;Mark 38;Mark 14;VEV_4000;XIREC;1258.0;1
230000;Mark 38;Mark 14;HYDROGEL_PACK;XIREC;9998.0;4
230500;SUBMISSION;;VELVETFRUIT_EXTRACT;XIREC;5247.0;1
230600;SUBMISSION;;VELVETFRUIT_EXTRACT;XIREC;5247.0;1
230700;SUBMISSION;;VELVETFRUIT_EXTRACT;XIREC;5246.0;7
230800;Mark 38;SUBMISSION;HYDROGEL_PACK;XIREC;10006.0;3
230800;SUBMISSION;;VELVETFRUIT_EXTRACT;XIREC;5245.0;12
230900;SUBMISSION;;VELVETFRUIT_EXTRACT;XIREC;5246.0;9
231000;SUBMISSION;;VELVETFRUIT_EXTRACT;XIREC;5246.0;7
231100;SUBMISSION;;VELVETFRUIT_EXTRACT;XIREC;5246.0;7
231200;SUBMISSION;;VELVETFRUIT_EXTRACT;XIREC;5245.0;12
231300;SUBMISSION;;VELVETFRUIT_EXTRACT;XIREC;5245.0;15
231400;SUBMISSION;;VELVETFRUIT_EXTRACT;XIREC;5246.0;7
231500;SUBMISSION;;VELVETFRUIT_EXTRACT;XIREC;5247.0;1
231600;SUBMISSION;;VELVETFRUIT_EXTRACT;XIREC;5247.0;1
231700;SUBMISSION;;VELVETFRUIT_EXTRACT;XIREC;5246.0;7
231800;SUBMISSION;;VELVETFRUIT_EXTRACT;XIREC;5246.0;9
231900;SUBMISSION;;VELVETFRUIT_EXTRACT;XIREC;5245.0;12
232000;SUBMISSION;;VELVETFRUIT_EXTRACT;XIREC;5246.0;7
232100;SUBMISSION;;VELVETFRUIT_EXTRACT;XIREC;5247.0;4
232200;SUBMISSION;;VELVETFRUIT_EXTRACT;XIREC;5246.0;7
232300;SUBMISSION;;VELVETFRUIT_EXTRACT;XIREC;5247.0;1
232400;SUBMISSION;;VELVETFRUIT_EXTRACT;XIREC;5246.0;7
232500;SUBMISSION;;VELVETFRUIT_EXTRACT;XIREC;5244.0;5
232500;SUBMISSION;;VELVETFRUIT_EXTRACT;XIREC;5247.0;5
232600;SUBMISSION;;VELVETFRUIT_EXTRACT;XIREC;5245.0;12
232900;SUBMISSION;;VEV_5000;XIREC;252.0;7
233200;SUBMISSION;;VEV_5000;XIREC;252.0;7
233300;SUBMISSION;;VELVETFRUIT_EXTRACT;XIREC;5245.0;3
233400;SUBMISSION;;VEV_5000;XIREC;252.0;7
233600;SUBMISSION;;VEV_5000;XIREC;252.0;7
234000;SUBMISSION;;VELVETFRUIT_EXTRACT;XIREC;5243.0;4
235000;;SUBMISSION;HYDROGEL_PACK;XIREC;10006.0;4
235100;;SUBMISSION;HYDROGEL_PACK;XIREC;10005.0;1
235300;SUBMISSION;Mark 22;VEV_5400;XIREC;16.0;3
235300;SUBMISSION;Mark 22;VEV_5500;XIREC;7.0;3
235300;SUBMISSION;Mark 22;VEV_6000;XIREC;0.0;3
235300;SUBMISSION;Mark 22;VEV_6500;XIREC;0.0;3
235900;SUBMISSION;Mark 38;HYDROGEL_PACK;XIREC;9999.0;3
236400;;SUBMISSION;HYDROGEL_PACK;XIREC;10005.0;2
236600;;SUBMISSION;HYDROGEL_PACK;XIREC;10008.0;10
236700;;SUBMISSION;HYDROGEL_PACK;XIREC;10010.0;11
236700;;SUBMISSION;HYDROGEL_PACK;XIREC;10008.0;4
236800;;SUBMISSION;HYDROGEL_PACK;XIREC;10007.0;7
236900;;SUBMISSION;HYDROGEL_PACK;XIREC;10006.0;5
237000;;SUBMISSION;HYDROGEL_PACK;XIREC;10009.0;13
237100;;SUBMISSION;HYDROGEL_PACK;XIREC;10011.0;11
237100;;SUBMISSION;HYDROGEL_PACK;XIREC;10008.0;7
237200;;SUBMISSION;HYDROGEL_PACK;XIREC;10011.0;12
237200;;SUBMISSION;HYDROGEL_PACK;XIREC;10009.0;6
237300;;SUBMISSION;HYDROGEL_PACK;XIREC;10011.0;10
237300;;SUBMISSION;HYDROGEL_PACK;XIREC;10008.0;8
237400;;SUBMISSION;HYDROGEL_PACK;XIREC;10009.0;12
237500;;SUBMISSION;HYDROGEL_PACK;XIREC;10010.0;10
237500;;SUBMISSION;HYDROGEL_PACK;XIREC;10008.0;5
237600;;SUBMISSION;HYDROGEL_PACK;XIREC;10012.0;13
237600;;SUBMISSION;HYDROGEL_PACK;XIREC;10010.0;7
237700;;SUBMISSION;HYDROGEL_PACK;XIREC;10010.0;15
237800;;SUBMISSION;HYDROGEL_PACK;XIREC;10011.0;14
237800;;SUBMISSION;HYDROGEL_PACK;XIREC;10008.0;4
237900;;SUBMISSION;HYDROGEL_PACK;XIREC;10011.0;10
237900;;SUBMISSION;HYDROGEL_PACK;XIREC;10008.0;8
237900;Mark 55;SUBMISSION;VELVETFRUIT_EXTRACT;XIREC;5253.0;6
238000;;SUBMISSION;HYDROGEL_PACK;XIREC;10011.0;14
238000;;SUBMISSION;HYDROGEL_PACK;XIREC;10009.0;4
238100;;SUBMISSION;HYDROGEL_PACK;XIREC;10010.0;12
238100;;SUBMISSION;HYDROGEL_PACK;XIREC;10007.0;3
238200;;SUBMISSION;HYDROGEL_PACK;XIREC;10009.0;12
238200;Mark 38;SUBMISSION;HYDROGEL_PACK;XIREC;10024.0;2
239100;;SUBMISSION;VELVETFRUIT_EXTRACT;XIREC;5251.0;4
239300;;SUBMISSION;VELVETFRUIT_EXTRACT;XIREC;5251.0;4
239400;;SUBMISSION;VELVETFRUIT_EXTRACT;XIREC;5251.0;4
239400;Mark 14;Mark 55;VELVETFRUIT_EXTRACT;XIREC;5251.0;6
239500;;SUBMISSION;HYDROGEL_PACK;XIREC;10010.0;1
239500;;SUBMISSION;VELVETFRUIT_EXTRACT;XIREC;5251.0;4
239600;;SUBMISSION;VELVETFRUIT_EXTRACT;XIREC;5252.0;4
239600;Mark 55;SUBMISSION;VELVETFRUIT_EXTRACT;XIREC;5254.0;5
239600;Mark 14;Mark 38;HYDROGEL_PACK;XIREC;10006.0;4
239700;Mark 38;SUBMISSION;HYDROGEL_PACK;XIREC;10020.0;6
239700;;SUBMISSION;VELVETFRUIT_EXTRACT;XIREC;5252.0;11
239800;;SUBMISSION;VELVETFRUIT_EXTRACT;XIREC;5253.0;17
239900;;SUBMISSION;VELVETFRUIT_EXTRACT;XIREC;5253.0;17
240000;;SUBMISSION;VELVETFRUIT_EXTRACT;XIREC;5252.0;11
240100;;SUBMISSION;VELVETFRUIT_EXTRACT;XIREC;5252.0;14
240200;;SUBMISSION;VELVETFRUIT_EXTRACT;XIREC;5253.0;16
240200;;SUBMISSION;VELVETFRUIT_EXTRACT;XIREC;5252.0;1
240200;Mark 55;SUBMISSION;VELVETFRUIT_EXTRACT;XIREC;5257.0;3
240300;;SUBMISSION;VELVETFRUIT_EXTRACT;XIREC;5252.0;10
240400;;SUBMISSION;VELVETFRUIT_EXTRACT;XIREC;5252.0;10
240500;;SUBMISSION;HYDROGEL_PACK;XIREC;10014.0;8
240500;;SUBMISSION;VELVETFRUIT_EXTRACT;XIREC;5252.0;14
240600;;SUBMISSION;VELVETFRUIT_EXTRACT;XIREC;5254.0;15
240600;;SUBMISSION;VELVETFRUIT_EXTRACT;XIREC;5253.0;8
240600;Mark 14;Mark 38;HYDROGEL_PACK;XIREC;10013.0;3
240700;;SUBMISSION;HYDROGEL_PACK;XIREC;10015.0;3
240700;;SUBMISSION;VELVETFRUIT_EXTRACT;XIREC;5255.0;22
240700;;SUBMISSION;VELVETFRUIT_EXTRACT;XIREC;5254.0;7
240800;;SUBMISSION;HYDROGEL_PACK;XIREC;10015.0;1
240800;;SUBMISSION;VELVETFRUIT_EXTRACT;XIREC;5254.0;25
240900;;SUBMISSION;VELVETFRUIT_EXTRACT;XIREC;5254.0;25
241000;;SUBMISSION;VELVETFRUIT_EXTRACT;XIREC;5255.0;4
241000;;SUBMISSION;VEV_5000;XIREC;259.0;24
241100;;SUBMISSION;VELVETFRUIT_EXTRACT;XIREC;5257.0;16
241100;;SUBMISSION;VELVETFRUIT_EXTRACT;XIREC;5256.0;1
241100;;SUBMISSION;VEV_5000;XIREC;261.0;7
241100;;SUBMISSION;VEV_5000;XIREC;260.0;16
241200;;SUBMISSION;VEV_5000;XIREC;260.0;25
241300;;SUBMISSION;VEV_5000;XIREC;260.0;25
241400;;SUBMISSION;VEV_5000;XIREC;260.0;7
241400;;SUBMISSION;VEV_5000;XIREC;259.0;16
241500;;SUBMISSION;VEV_5000;XIREC;259.0;28
241600;;SUBMISSION;VEV_5000;XIREC;261.0;22
241700;;SUBMISSION;VELVETFRUIT_EXTRACT;XIREC;5258.0;5
241700;;SUBMISSION;VEV_5000;XIREC;262.0;4
241900;Mark 14;Mark 38;HYDROGEL_PACK;XIREC;10005.0;2
242900;Mark 67;SUBMISSION;VELVETFRUIT_EXTRACT;XIREC;5253.0;5
245600;Mark 55;SUBMISSION;VELVETFRUIT_EXTRACT;XIREC;5255.0;6
248200;Mark 38;SUBMISSION;HYDROGEL_PACK;XIREC;10024.0;5
248300;Mark 01;Mark 55;VELVETFRUIT_EXTRACT;XIREC;5257.0;5
249800;;SUBMISSION;VEV_5200;XIREC;107.0;3
249800;;SUBMISSION;VEV_5200;XIREC;106.0;20
249800;;SUBMISSION;VEV_5500;XIREC;9.0;24
249900;;SUBMISSION;VEV_5200;XIREC;106.0;23
250000;;SUBMISSION;VEV_5200;XIREC;106.0;7
250000;;SUBMISSION;VEV_5200;XIREC;105.0;13
250100;;SUBMISSION;VEV_5200;XIREC;106.0;11
250100;;SUBMISSION;VEV_5200;XIREC;105.0;19
250500;Mark 01;Mark 55;VELVETFRUIT_EXTRACT;XIREC;5260.0;4
250600;SUBMISSION;Mark 38;VEV_4000;XIREC;1257.0;2
251200;Mark 01;Mark 55;VELVETFRUIT_EXTRACT;XIREC;5262.0;8
251600;Mark 38;SUBMISSION;VEV_4000;XIREC;1270.0;2
251600;Mark 38;Mark 14;VEV_4000;XIREC;1275.0;1
251900;Mark 67;SUBMISSION;VELVETFRUIT_EXTRACT;XIREC;5262.0;9
251900;Mark 67;Mark 49;VELVETFRUIT_EXTRACT;XIREC;5263.0;5
252400;Mark 55;SUBMISSION;VELVETFRUIT_EXTRACT;XIREC;5266.0;6
252500;SUBMISSION;Mark 38;HYDROGEL_PACK;XIREC;9989.0;3
252500;SUBMISSION;Mark 22;VEV_5300;XIREC;53.0;2
252500;SUBMISSION;Mark 22;VEV_5400;XIREC;19.0;2
252500;SUBMISSION;Mark 22;VEV_5500;XIREC;8.0;2
252500;SUBMISSION;Mark 22;VEV_6000;XIREC;0.0;2
252500;SUBMISSION;Mark 22;VEV_6500;XIREC;0.0;2
252600;;SUBMISSION;VEV_5200;XIREC;106.0;26
252600;;SUBMISSION;VEV_5500;XIREC;9.0;2
252700;;SUBMISSION;VEV_5200;XIREC;106.0;7
252700;;SUBMISSION;VEV_5200;XIREC;105.0;13
253100;SUBMISSION;;HYDROGEL_PACK;XIREC;10001.0;1
253900;SUBMISSION;;HYDROGEL_PACK;XIREC;10001.0;2
253900;Mark 55;SUBMISSION;VELVETFRUIT_EXTRACT;XIREC;5265.0;3
254200;SUBMISSION;;HYDROGEL_PACK;XIREC;10001.0;2
254300;SUBMISSION;;HYDROGEL_PACK;XIREC;10001.0;2
254400;SUBMISSION;;HYDROGEL_PACK;XIREC;9998.0;12
254500;SUBMISSION;;HYDROGEL_PACK;XIREC;10000.0;5
254600;SUBMISSION;;HYDROGEL_PACK;XIREC;9999.0;8
254700;SUBMISSION;;HYDROGEL_PACK;XIREC;9997.0;4
254700;Mark 38;Mark 14;HYDROGEL_PACK;XIREC;9997.0;5
254800;SUBMISSION;;HYDROGEL_PACK;XIREC;9997.0;11
254800;SUBMISSION;;HYDROGEL_PACK;XIREC;9999.0;4
254900;SUBMISSION;;HYDROGEL_PACK;XIREC;9997.0;15
255000;SUBMISSION;;HYDROGEL_PACK;XIREC;9996.0;13
255000;SUBMISSION;;HYDROGEL_PACK;XIREC;9998.0;5
255000;SUBMISSION;Mark 38;HYDROGEL_PACK;XIREC;9981.0;4
255100;SUBMISSION;;HYDROGEL_PACK;XIREC;9995.0;11
255100;SUBMISSION;;HYDROGEL_PACK;XIREC;9998.0;9
255200;SUBMISSION;;HYDROGEL_PACK;XIREC;9993.0;12
255200;SUBMISSION;;HYDROGEL_PACK;XIREC;9996.0;15
255300;SUBMISSION;;HYDROGEL_PACK;XIREC;9989.0;13
255300;SUBMISSION;;HYDROGEL_PACK;XIREC;9991.0;20
255300;SUBMISSION;Mark 38;HYDROGEL_PACK;XIREC;9974.0;2
255400;SUBMISSION;;HYDROGEL_PACK;XIREC;9989.0;14
255400;SUBMISSION;;HYDROGEL_PACK;XIREC;9991.0;26
255400;SUBMISSION;Mark 38;HYDROGEL_PACK;XIREC;9974.0;3
255500;SUBMISSION;;HYDROGEL_PACK;XIREC;9986.0;13
255500;SUBMISSION;;HYDROGEL_PACK;XIREC;9989.0;23
255600;SUBMISSION;;HYDROGEL_PACK;XIREC;9985.0;14
255600;SUBMISSION;;HYDROGEL_PACK;XIREC;9988.0;21
255700;SUBMISSION;;HYDROGEL_PACK;XIREC;9987.0;9
255800;SUBMISSION;;HYDROGEL_PACK;XIREC;9983.0;7
256100;;SUBMISSION;VEV_5100;XIREC;178.0;2
256100;;SUBMISSION;VEV_5200;XIREC;106.0;8
256100;;SUBMISSION;VEV_5200;XIREC;105.0;2
256200;;SUBMISSION;VEV_5100;XIREC;179.0;10
256200;;SUBMISSION;VEV_5100;XIREC;178.0;10
256200;;SUBMISSION;VEV_5500;XIREC;9.0;21
256500;;SUBMISSION;VEV_5500;XIREC;9.0;8
256900;;SUBMISSION;VEV_5500;XIREC;9.0;7
256900;;SUBMISSION;VEV_5500;XIREC;8.0;16
258400;Mark 67;SUBMISSION;VELVETFRUIT_EXTRACT;XIREC;5256.0;2
258400;Mark 67;Mark 22;VELVETFRUIT_EXTRACT;XIREC;5257.0;6
262200;Mark 01;Mark 55;VELVETFRUIT_EXTRACT;XIREC;5250.0;4
262300;Mark 38;SUBMISSION;HYDROGEL_PACK;XIREC;10004.0;4
262800;Mark 38;SUBMISSION;HYDROGEL_PACK;XIREC;10007.0;2
263100;Mark 38;Mark 14;VEV_4000;XIREC;1268.0;3
263900;Mark 55;SUBMISSION;VELVETFRUIT_EXTRACT;XIREC;5256.0;2
263900;Mark 55;Mark 14;VELVETFRUIT_EXTRACT;XIREC;5257.0;5
265400;SUBMISSION;;VELVETFRUIT_EXTRACT;XIREC;5250.0;9
265400;Mark 67;SUBMISSION;VELVETFRUIT_EXTRACT;XIREC;5250.0;2
265400;Mark 67;Mark 49;VELVETFRUIT_EXTRACT;XIREC;5250.0;7
265600;SUBMISSION;Mark 55;VELVETFRUIT_EXTRACT;XIREC;5248.0;5
265700;SUBMISSION;;VELVETFRUIT_EXTRACT;XIREC;5247.0;14
265800;Mark 55;SUBMISSION;VELVETFRUIT_EXTRACT;XIREC;5251.0;5
265800;Mark 55;Mark 14;VELVETFRUIT_EXTRACT;XIREC;5252.0;2
265900;SUBMISSION;Mark 38;VEV_4000;XIREC;1245.0;1
266300;Mark 38;Mark 14;HYDROGEL_PACK;XIREC;9999.0;4
266500;Mark 55;SUBMISSION;VELVETFRUIT_EXTRACT;XIREC;5252.0;4
266500;Mark 55;Mark 01;VELVETFRUIT_EXTRACT;XIREC;5253.0;1
266600;Mark 38;Mark 14;HYDROGEL_PACK;XIREC;9997.0;4
267400;Mark 55;SUBMISSION;VELVETFRUIT_EXTRACT;XIREC;5252.0;3
268300;Mark 38;SUBMISSION;VEV_4000;XIREC;1252.0;1
268300;Mark 38;Mark 14;VEV_4000;XIREC;1257.0;1
268700;Mark 55;SUBMISSION;VELVETFRUIT_EXTRACT;XIREC;5250.0;3
268700;Mark 55;Mark 14;VELVETFRUIT_EXTRACT;XIREC;5251.0;2
269300;SUBMISSION;Mark 38;HYDROGEL_PACK;XIREC;9974.0;3
269300;SUBMISSION;Mark 55;VELVETFRUIT_EXTRACT;XIREC;5248.0;5
271600;SUBMISSION;Mark 38;VEV_4000;XIREC;1253.0;1
272600;Mark 67;SUBMISSION;VELVETFRUIT_EXTRACT;XIREC;5260.0;6
272600;Mark 67;Mark 22;VELVETFRUIT_EXTRACT;XIREC;5261.0;1
274600;Mark 38;Mark 14;HYDROGEL_PACK;XIREC;9989.0;2
274900;;SUBMISSION;VELVETFRUIT_EXTRACT;XIREC;5255.0;3
275300;Mark 55;SUBMISSION;VELVETFRUIT_EXTRACT;XIREC;5258.0;3
275300;Mark 55;Mark 01;VELVETFRUIT_EXTRACT;XIREC;5259.0;5
275700;Mark 38;Mark 14;HYDROGEL_PACK;XIREC;9996.0;2
276500;Mark 55;SUBMISSION;VELVETFRUIT_EXTRACT;XIREC;5254.0;2
276500;Mark 55;Mark 14;VELVETFRUIT_EXTRACT;XIREC;5255.0;5
277400;Mark 55;SUBMISSION;VELVETFRUIT_EXTRACT;XIREC;5253.0;1
277400;Mark 55;Mark 14;VELVETFRUIT_EXTRACT;XIREC;5254.0;3
278300;Mark 55;SUBMISSION;VELVETFRUIT_EXTRACT;XIREC;5257.0;1
278300;Mark 55;Mark 14;VELVETFRUIT_EXTRACT;XIREC;5258.0;4
279600;Mark 55;SUBMISSION;VELVETFRUIT_EXTRACT;XIREC;5259.0;1
279600;Mark 55;Mark 01;VELVETFRUIT_EXTRACT;XIREC;5260.0;3
280000;SUBMISSION;;HYDROGEL_PACK;XIREC;9967.0;3
280500;Mark 38;Mark 14;HYDROGEL_PACK;XIREC;9973.0;2
281100;SUBMISSION;Mark 38;HYDROGEL_PACK;XIREC;9953.0;3
281400;;SUBMISSION;VELVETFRUIT_EXTRACT;XIREC;5252.0;1
281400;Mark 67;Mark 49;VELVETFRUIT_EXTRACT;XIREC;5253.0;15
281500;Mark 38;SUBMISSION;VEV_4000;XIREC;1262.0;1
282000;;SUBMISSION;VELVETFRUIT_EXTRACT;XIREC;5255.0;1
282200;Mark 38;Mark 14;HYDROGEL_PACK;XIREC;9979.0;2
282200;Mark 14;Mark 55;VELVETFRUIT_EXTRACT;XIREC;5260.0;7
283400;Mark 55;Mark 14;VELVETFRUIT_EXTRACT;XIREC;5259.0;7
285400;SUBMISSION;Mark 38;HYDROGEL_PACK;XIREC;9966.0;5
286300;Mark 55;SUBMISSION;VELVETFRUIT_EXTRACT;XIREC;5265.0;1
286300;Mark 55;Mark 01;VELVETFRUIT_EXTRACT;XIREC;5266.0;5
286600;Mark 38;Mark 14;VEV_4000;XIREC;1277.0;2
288800;Mark 38;Mark 14;VEV_4000;XIREC;1278.0;1
289100;Mark 55;Mark 14;VELVETFRUIT_EXTRACT;XIREC;5271.0;5
289200;Mark 67;Mark 49;VELVETFRUIT_EXTRACT;XIREC;5266.0;11
290900;Mark 38;Mark 14;HYDROGEL_PACK;XIREC;9965.0;3
291400;Mark 55;Mark 49;VELVETFRUIT_EXTRACT;XIREC;5274.0;5
291800;Mark 67;Mark 22;VELVETFRUIT_EXTRACT;XIREC;5270.0;5
292400;Mark 55;Mark 01;VELVETFRUIT_EXTRACT;XIREC;5275.0;8
292800;SUBMISSION;Mark 38;HYDROGEL_PACK;XIREC;9952.0;6
294500;;SUBMISSION;VEV_5400;XIREC;22.0;26
294600;;SUBMISSION;VEV_5400;XIREC;22.0;13
295000;Mark 38;Mark 14;HYDROGEL_PACK;XIREC;9959.0;5
295800;;SUBMISSION;VEV_5100;XIREC;185.0;10
295800;;SUBMISSION;VEV_5100;XIREC;184.0;11
296900;;SUBMISSION;VEV_5100;XIREC;184.0;4
296900;Mark 01;Mark 55;VELVETFRUIT_EXTRACT;XIREC;5270.0;5
297100;Mark 38;Mark 14;HYDROGEL_PACK;XIREC;9958.0;3
297300;;SUBMISSION;VEV_5100;XIREC;184.0;9
297300;;SUBMISSION;VEV_5100;XIREC;183.0;13
297400;;SUBMISSION;VEV_5100;XIREC;184.0;1
297400;Mark 55;Mark 14;VELVETFRUIT_EXTRACT;XIREC;5275.0;4
297500;SUBMISSION;Mark 38;VEV_4000;XIREC;1267.0;1
297500;;SUBMISSION;VEV_5100;XIREC;184.0;2
297600;;SUBMISSION;VEV_5100;XIREC;184.0;1
297700;;SUBMISSION;VEV_5100;XIREC;183.0;12
297700;;SUBMISSION;VEV_5100;XIREC;182.0;18
297700;;SUBMISSION;VEV_5300;XIREC;56.0;20
297800;;SUBMISSION;VEV_5100;XIREC;183.0;2
297800;;SUBMISSION;VEV_5300;XIREC;56.0;1
297900;;SUBMISSION;VEV_5100;XIREC;182.0;17
297900;;SUBMISSION;VEV_5300;XIREC;56.0;5
297900;;SUBMISSION;VEV_5300;XIREC;55.0;11
298000;;SUBMISSION;VEV_5100;XIREC;182.0;16
298000;;SUBMISSION;VEV_5300;XIREC;56.0;9
298000;;SUBMISSION;VEV_5300;XIREC;55.0;8
298100;;SUBMISSION;VEV_5100;XIREC;182.0;24
298100;;SUBMISSION;VEV_5300;XIREC;55.0;23
298200;;SUBMISSION;VEV_5100;XIREC;181.0;5
298200;;SUBMISSION;VEV_5300;XIREC;55.0;6
301100;Mark 38;Mark 14;HYDROGEL_PACK;XIREC;9966.0;3
301300;Mark 38;Mark 14;HYDROGEL_PACK;XIREC;9967.0;2
302400;SUBMISSION;Mark 38;HYDROGEL_PACK;XIREC;9937.0;6
304000;SUBMISSION;Mark 22;VEV_5400;XIREC;19.0;3
304000;SUBMISSION;Mark 22;VEV_5500;XIREC;8.0;3
304000;SUBMISSION;Mark 22;VEV_6000;XIREC;0.0;3
304000;SUBMISSION;Mark 22;VEV_6500;XIREC;0.0;3
304200;SUBMISSION;Mark 38;HYDROGEL_PACK;XIREC;9945.0;2
306500;Mark 38;Mark 14;HYDROGEL_PACK;XIREC;9967.0;5
307100;Mark 38;SUBMISSION;VEV_4000;XIREC;1274.0;1
307500;Mark 55;Mark 01;VELVETFRUIT_EXTRACT;XIREC;5275.0;8
308000;SUBMISSION;Mark 38;HYDROGEL_PACK;XIREC;9944.0;3
308100;SUBMISSION;Mark 38;HYDROGEL_PACK;XIREC;9946.0;4
308100;Mark 67;Mark 22;VELVETFRUIT_EXTRACT;XIREC;5271.0;6
309500;Mark 55;Mark 01;VELVETFRUIT_EXTRACT;XIREC;5268.0;4
310100;SUBMISSION;Mark 22;VEV_5400;XIREC;20.0;5
310100;SUBMISSION;Mark 22;VEV_5500;XIREC;8.0;5
310100;SUBMISSION;Mark 22;VEV_6000;XIREC;0.0;5
310100;SUBMISSION;Mark 22;VEV_6500;XIREC;0.0;5
310500;Mark 67;Mark 49;VELVETFRUIT_EXTRACT;XIREC;5266.0;11
310600;Mark 14;Mark 55;VELVETFRUIT_EXTRACT;XIREC;5264.0;3
313000;Mark 55;Mark 01;VELVETFRUIT_EXTRACT;XIREC;5267.0;5
314500;Mark 14;Mark 55;VELVETFRUIT_EXTRACT;XIREC;5251.0;4
315200;SUBMISSION;;VELVETFRUIT_EXTRACT;XIREC;5251.0;20
316200;Mark 38;Mark 14;HYDROGEL_PACK;XIREC;9939.0;5
317100;SUBMISSION;Mark 38;HYDROGEL_PACK;XIREC;9930.0;3
317100;Mark 14;Mark 38;HYDROGEL_PACK;XIREC;9929.0;1
318300;Mark 38;Mark 14;HYDROGEL_PACK;XIREC;9950.0;4
318900;Mark 55;SUBMISSION;VELVETFRUIT_EXTRACT;XIREC;5250.0;3
318900;Mark 55;Mark 14;VELVETFRUIT_EXTRACT;XIREC;5250.0;1
319100;SUBMISSION;;VELVETFRUIT_EXTRACT;XIREC;5246.0;9
321900;Mark 55;SUBMISSION;VELVETFRUIT_EXTRACT;XIREC;5252.0;4
321900;Mark 55;Mark 14;VELVETFRUIT_EXTRACT;XIREC;5253.0;3
322000;SUBMISSION;Mark 22;VEV_5400;XIREC;16.0;2
322000;SUBMISSION;Mark 22;VEV_5500;XIREC;7.0;2
322000;SUBMISSION;Mark 22;VEV_6000;XIREC;0.0;2
322000;SUBMISSION;Mark 22;VEV_6500;XIREC;0.0;2
322600;SUBMISSION;Mark 22;VEV_5200;XIREC;98.0;4
322600;SUBMISSION;Mark 22;VEV_5500;XIREC;7.0;4
322600;SUBMISSION;Mark 22;VEV_6000;XIREC;0.0;4
322600;SUBMISSION;Mark 22;VEV_6500;XIREC;0.0;4
323300;Mark 38;Mark 14;HYDROGEL_PACK;XIREC;9956.0;5
323300;Mark 38;Mark 14;VEV_4000;XIREC;1262.0;3
324100;Mark 55;SUBMISSION;VELVETFRUIT_EXTRACT;XIREC;5253.0;3
324100;Mark 55;Mark 14;VELVETFRUIT_EXTRACT;XIREC;5254.0;4
324600;Mark 38;Mark 14;HYDROGEL_PACK;XIREC;9946.0;6
325300;SUBMISSION;Mark 38;VEV_4000;XIREC;1242.0;2
326300;Mark 38;SUBMISSION;VEV_4000;XIREC;1256.0;1
327600;SUBMISSION;Mark 38;HYDROGEL_PACK;XIREC;9929.0;2
327600;Mark 14;Mark 38;HYDROGEL_PACK;XIREC;9928.0;3
327700;Mark 38;Mark 14;HYDROGEL_PACK;XIREC;9946.0;6
328000;SUBMISSION;Mark 38;VEV_4000;XIREC;1248.0;1
328400;SUBMISSION;Mark 38;VEV_4000;XIREC;1245.0;1
328500;Mark 14;Mark 55;VELVETFRUIT_EXTRACT;XIREC;5249.0;4
331400;SUBMISSION;Mark 38;VEV_4000;XIREC;1237.0;1
331600;SUBMISSION;;VELVETFRUIT_EXTRACT;XIREC;5243.0;1
332200;SUBMISSION;;VELVETFRUIT_EXTRACT;XIREC;5243.0;2
332400;SUBMISSION;;VELVETFRUIT_EXTRACT;XIREC;5243.0;2
332500;SUBMISSION;;VELVETFRUIT_EXTRACT;XIREC;5243.0;2
332600;SUBMISSION;;VELVETFRUIT_EXTRACT;XIREC;5243.0;2
332700;SUBMISSION;;VELVETFRUIT_EXTRACT;XIREC;5241.0;8
332800;SUBMISSION;;VELVETFRUIT_EXTRACT;XIREC;5241.0;8
332900;SUBMISSION;;VELVETFRUIT_EXTRACT;XIREC;5241.0;8
333000;SUBMISSION;;VELVETFRUIT_EXTRACT;XIREC;5237.0;8
333000;SUBMISSION;;VELVETFRUIT_EXTRACT;XIREC;5241.0;6
333100;SUBMISSION;;VELVETFRUIT_EXTRACT;XIREC;5241.0;8
333100;SUBMISSION;Mark 55;VELVETFRUIT_EXTRACT;XIREC;5237.0;4
333200;SUBMISSION;;VELVETFRUIT_EXTRACT;XIREC;5242.0;5
333300;SUBMISSION;;VELVETFRUIT_EXTRACT;XIREC;5243.0;2
334900;SUBMISSION;Mark 38;VEV_4000;XIREC;1242.0;1
335300;SUBMISSION;Mark 38;HYDROGEL_PACK;XIREC;9944.0;1
335300;SUBMISSION;Mark 55;VELVETFRUIT_EXTRACT;XIREC;5246.0;3
335300;Mark 14;Mark 38;HYDROGEL_PACK;XIREC;9943.0;4
335500;Mark 38;Mark 14;HYDROGEL_PACK;XIREC;9961.0;4
338100;SUBMISSION;Mark 38;HYDROGEL_PACK;XIREC;9932.0;1
338100;Mark 14;Mark 38;HYDROGEL_PACK;XIREC;9931.0;2
339500;SUBMISSION;Mark 38;HYDROGEL_PACK;XIREC;9933.0;1
339500;Mark 14;Mark 38;HYDROGEL_PACK;XIREC;9932.0;2
340100;Mark 38;SUBMISSION;VEV_4000;XIREC;1255.0;2
340500;Mark 67;Mark 49;VELVETFRUIT_EXTRACT;XIREC;5249.0;9
342000;Mark 14;Mark 55;VELVETFRUIT_EXTRACT;XIREC;5249.0;6
342400;Mark 14;Mark 38;HYDROGEL_PACK;XIREC;9944.0;5
343100;Mark 38;Mark 14;HYDROGEL_PACK;XIREC;9966.0;2
343400;;SUBMISSION;VELVETFRUIT_EXTRACT;XIREC;5250.0;13
343400;Mark 67;Mark 49;VELVETFRUIT_EXTRACT;XIREC;5251.0;13
344000;Mark 14;Mark 38;HYDROGEL_PACK;XIREC;9953.0;5
344200;Mark 55;SUBMISSION;VELVETFRUIT_EXTRACT;XIREC;5252.0;4
345700;SUBMISSION;Mark 55;VELVETFRUIT_EXTRACT;XIREC;5246.0;7
345700;Mark 38;Mark 14;HYDROGEL_PACK;XIREC;9957.0;6
345900;Mark 38;Mark 14;HYDROGEL_PACK;XIREC;9958.0;3
348500;Mark 14;Mark 38;HYDROGEL_PACK;XIREC;9964.0;5
350300;SUBMISSION;Mark 22;VEV_5400;XIREC;15.0;4
350300;SUBMISSION;Mark 22;VEV_5500;XIREC;6.0;4
350300;SUBMISSION;Mark 22;VEV_6000;XIREC;0.0;4
350300;SUBMISSION;Mark 22;VEV_6500;XIREC;0.0;4
350900;Mark 38;SUBMISSION;VEV_4000;XIREC;1251.0;3
351000;Mark 38;Mark 14;HYDROGEL_PACK;XIREC;9973.0;3
351400;SUBMISSION;;VELVETFRUIT_EXTRACT;XIREC;5246.0;1
353000;SUBMISSION;;VELVETFRUIT_EXTRACT;XIREC;5246.0;2
354100;SUBMISSION;;VELVETFRUIT_EXTRACT;XIREC;5246.0;2
354200;SUBMISSION;;VELVETFRUIT_EXTRACT;XIREC;5246.0;2
354300;SUBMISSION;;VELVETFRUIT_EXTRACT;XIREC;5246.0;3
354400;SUBMISSION;;VELVETFRUIT_EXTRACT;XIREC;5246.0;5
354500;SUBMISSION;;VELVETFRUIT_EXTRACT;XIREC;5246.0;3
354600;SUBMISSION;;VELVETFRUIT_EXTRACT;XIREC;5245.0;7
354700;SUBMISSION;;VELVETFRUIT_EXTRACT;XIREC;5246.0;5
354900;SUBMISSION;;VELVETFRUIT_EXTRACT;XIREC;5245.0;7
355000;SUBMISSION;;VELVETFRUIT_EXTRACT;XIREC;5246.0;5
355100;SUBMISSION;;VELVETFRUIT_EXTRACT;XIREC;5245.0;7
355200;SUBMISSION;;VELVETFRUIT_EXTRACT;XIREC;5245.0;10
355300;SUBMISSION;;VELVETFRUIT_EXTRACT;XIREC;5244.0;12
355400;SUBMISSION;;VELVETFRUIT_EXTRACT;XIREC;5243.0;17
355500;SUBMISSION;;VELVETFRUIT_EXTRACT;XIREC;5245.0;10
355600;SUBMISSION;;VELVETFRUIT_EXTRACT;XIREC;5244.0;12
355700;SUBMISSION;;VELVETFRUIT_EXTRACT;XIREC;5243.0;17
355800;SUBMISSION;;VELVETFRUIT_EXTRACT;XIREC;5242.0;22
355900;SUBMISSION;;VELVETFRUIT_EXTRACT;XIREC;5242.0;21
356000;SUBMISSION;;VELVETFRUIT_EXTRACT;XIREC;5244.0;12
356100;SUBMISSION;;VELVETFRUIT_EXTRACT;XIREC;5244.0;12
356200;SUBMISSION;;VELVETFRUIT_EXTRACT;XIREC;5245.0;7
356300;SUBMISSION;;VELVETFRUIT_EXTRACT;XIREC;5246.0;5
356400;SUBMISSION;;VELVETFRUIT_EXTRACT;XIREC;5246.0;3
356500;SUBMISSION;;VELVETFRUIT_EXTRACT;XIREC;5245.0;7
356600;SUBMISSION;;VELVETFRUIT_EXTRACT;XIREC;5246.0;3
356800;SUBMISSION;Mark 38;VEV_4000;XIREC;1239.0;2
357100;SUBMISSION;;VELVETFRUIT_EXTRACT;XIREC;5245.0;8
357100;Mark 38;Mark 14;HYDROGEL_PACK;XIREC;9963.0;6
357200;SUBMISSION;;VEV_5000;XIREC;252.0;3
357300;SUBMISSION;;VEV_5000;XIREC;252.0;3
357400;SUBMISSION;;VEV_5000;XIREC;252.0;3
358100;SUBMISSION;Mark 55;VELVETFRUIT_EXTRACT;XIREC;5246.0;6
358300;SUBMISSION;Mark 38;VEV_4000;XIREC;1242.0;3
358500;Mark 38;Mark 14;HYDROGEL_PACK;XIREC;9960.0;6
360600;Mark 14;Mark 38;HYDROGEL_PACK;XIREC;9951.0;2
362700;Mark 14;Mark 38;HYDROGEL_PACK;XIREC;9961.0;3
363100;Mark 38;Mark 14;HYDROGEL_PACK;XIREC;9983.0;4
363300;;SUBMISSION;VELVETFRUIT_EXTRACT;XIREC;5251.0;1
363400;;SUBMISSION;VELVETFRUIT_EXTRACT;XIREC;5252.0;7
363500;;SUBMISSION;VELVETFRUIT_EXTRACT;XIREC;5252.0;7
363600;;SUBMISSION;VELVETFRUIT_EXTRACT;XIREC;5255.0;23
363700;;SUBMISSION;VELVETFRUIT_EXTRACT;XIREC;5254.0;20
363800;;SUBMISSION;VELVETFRUIT_EXTRACT;XIREC;5254.0;17
363900;;SUBMISSION;VELVETFRUIT_EXTRACT;XIREC;5254.0;16
363900;;SUBMISSION;VELVETFRUIT_EXTRACT;XIREC;5253.0;1
364000;;SUBMISSION;VELVETFRUIT_EXTRACT;XIREC;5252.0;22
364100;;SUBMISSION;VELVETFRUIT_EXTRACT;XIREC;5252.0;7
364200;;SUBMISSION;VELVETFRUIT_EXTRACT;XIREC;5251.0;4
364300;;SUBMISSION;VELVETFRUIT_EXTRACT;XIREC;5252.0;7
364400;;SUBMISSION;VELVETFRUIT_EXTRACT;XIREC;5251.0;1
364800;;SUBMISSION;VELVETFRUIT_EXTRACT;XIREC;5251.0;1
364800;Mark 38;Mark 14;HYDROGEL_PACK;XIREC;9978.0;5
364900;;SUBMISSION;VELVETFRUIT_EXTRACT;XIREC;5251.0;1
364900;Mark 14;Mark 55;VELVETFRUIT_EXTRACT;XIREC;5251.0;7
365000;SUBMISSION;Mark 38;VEV_4000;XIREC;1247.0;2
365400;;SUBMISSION;VELVETFRUIT_EXTRACT;XIREC;5251.0;2
365600;Mark 14;Mark 55;VELVETFRUIT_EXTRACT;XIREC;5250.0;8
366200;;SUBMISSION;VELVETFRUIT_EXTRACT;XIREC;5252.0;2
367900;Mark 67;Mark 22;VELVETFRUIT_EXTRACT;XIREC;5248.0;5
368500;Mark 38;Mark 14;HYDROGEL_PACK;XIREC;9983.0;6
370000;;SUBMISSION;VELVETFRUIT_EXTRACT;XIREC;5251.0;4
370100;;SUBMISSION;VELVETFRUIT_EXTRACT;XIREC;5250.0;1
371100;;SUBMISSION;VELVETFRUIT_EXTRACT;XIREC;5252.0;5
371400;Mark 14;Mark 38;HYDROGEL_PACK;XIREC;9953.0;2
372100;;SUBMISSION;VELVETFRUIT_EXTRACT;XIREC;5250.0;2
372200;;SUBMISSION;VELVETFRUIT_EXTRACT;XIREC;5251.0;5
372300;;SUBMISSION;VELVETFRUIT_EXTRACT;XIREC;5251.0;9
372600;;SUBMISSION;VELVETFRUIT_EXTRACT;XIREC;5251.0;5
372700;;SUBMISSION;VELVETFRUIT_EXTRACT;XIREC;5251.0;5
372800;;SUBMISSION;VELVETFRUIT_EXTRACT;XIREC;5251.0;9
372900;;SUBMISSION;VELVETFRUIT_EXTRACT;XIREC;5251.0;5
373000;;SUBMISSION;VELVETFRUIT_EXTRACT;XIREC;5252.0;12
373100;;SUBMISSION;VELVETFRUIT_EXTRACT;XIREC;5251.0;5
373200;;SUBMISSION;VELVETFRUIT_EXTRACT;XIREC;5251.0;6
373300;;SUBMISSION;VELVETFRUIT_EXTRACT;XIREC;5252.0;12
373400;;SUBMISSION;VELVETFRUIT_EXTRACT;XIREC;5253.0;14
373400;Mark 38;Mark 14;HYDROGEL_PACK;XIREC;9970.0;3
373600;;SUBMISSION;VELVETFRUIT_EXTRACT;XIREC;5253.0;4
373700;Mark 14;Mark 38;HYDROGEL_PACK;XIREC;9954.0;5
374100;Mark 14;Mark 55;VELVETFRUIT_EXTRACT;XIREC;5253.0;6
374400;Mark 14;Mark 55;VELVETFRUIT_EXTRACT;XIREC;5253.0;4
374800;SUBMISSION;Mark 38;VEV_4000;XIREC;1247.0;3
375100;Mark 14;Mark 38;HYDROGEL_PACK;XIREC;9947.0;2
376300;SUBMISSION;Mark 38;VEV_4000;XIREC;1241.0;2
376600;SUBMISSION;Mark 22;VEV_5300;XIREC;46.0;5
376600;SUBMISSION;Mark 22;VEV_5400;XIREC;15.0;5
376600;SUBMISSION;Mark 22;VEV_5500;XIREC;6.0;5
376600;SUBMISSION;Mark 22;VEV_6000;XIREC;0.0;5
376600;SUBMISSION;Mark 22;VEV_6500;XIREC;0.0;5
376800;SUBMISSION;;VELVETFRUIT_EXTRACT;XIREC;5246.0;3
377900;SUBMISSION;Mark 22;VEV_5300;XIREC;47.0;2
377900;SUBMISSION;Mark 22;VEV_5500;XIREC;6.0;2
377900;SUBMISSION;Mark 22;VEV_6000;XIREC;0.0;2
377900;SUBMISSION;Mark 22;VEV_6500;XIREC;0.0;2
380100;Mark 38;Mark 14;HYDROGEL_PACK;XIREC;9957.0;6
380700;Mark 38;Mark 14;HYDROGEL_PACK;XIREC;9948.0;4
380900;Mark 01;Mark 55;VELVETFRUIT_EXTRACT;XIREC;5250.0;8
381700;Mark 55;SUBMISSION;VELVETFRUIT_EXTRACT;XIREC;5254.0;8
383300;Mark 38;Mark 14;HYDROGEL_PACK;XIREC;9945.0;5
383600;Mark 38;Mark 14;HYDROGEL_PACK;XIREC;9948.0;4
383700;SUBMISSION;Mark 55;VELVETFRUIT_EXTRACT;XIREC;5247.0;7
384200;SUBMISSION;Mark 38;VEV_4000;XIREC;1244.0;1
384500;SUBMISSION;Mark 38;VEV_4000;XIREC;1243.0;3
385800;Mark 38;Mark 14;HYDROGEL_PACK;XIREC;9943.0;6
385900;SUBMISSION;Mark 55;VELVETFRUIT_EXTRACT;XIREC;5246.0;3
386000;SUBMISSION;Mark 55;VELVETFRUIT_EXTRACT;XIREC;5245.0;8
386100;SUBMISSION;;VELVETFRUIT_EXTRACT;XIREC;5248.0;4
386300;SUBMISSION;;VELVETFRUIT_EXTRACT;XIREC;5247.0;13
386400;SUBMISSION;;VELVETFRUIT_EXTRACT;XIREC;5246.0;7
386400;SUBMISSION;;VELVETFRUIT_EXTRACT;XIREC;5249.0;2
386500;SUBMISSION;;VELVETFRUIT_EXTRACT;XIREC;5248.0;5
386600;SUBMISSION;;VELVETFRUIT_EXTRACT;XIREC;5248.0;5
386700;SUBMISSION;;VELVETFRUIT_EXTRACT;XIREC;5248.0;5
386800;Mark 38;SUBMISSION;VEV_4000;XIREC;1252.0;2
386900;SUBMISSION;;VELVETFRUIT_EXTRACT;XIREC;5248.0;5
387000;SUBMISSION;;VELVETFRUIT_EXTRACT;XIREC;5247.0;13
387100;SUBMISSION;;VELVETFRUIT_EXTRACT;XIREC;5248.0;5
387400;SUBMISSION;;VELVETFRUIT_EXTRACT;XIREC;5248.0;5
387500;SUBMISSION;;VELVETFRUIT_EXTRACT;XIREC;5245.0;13
387500;SUBMISSION;;VELVETFRUIT_EXTRACT;XIREC;5249.0;4
388700;SUBMISSION;;VELVETFRUIT_EXTRACT;XIREC;5248.0;5
388800;SUBMISSION;;VELVETFRUIT_EXTRACT;XIREC;5248.0;5
388900;SUBMISSION;;VELVETFRUIT_EXTRACT;XIREC;5247.0;14
389000;SUBMISSION;;VELVETFRUIT_EXTRACT;XIREC;5246.0;22
389100;SUBMISSION;;VELVETFRUIT_EXTRACT;XIREC;5245.0;21
389100;SUBMISSION;;VELVETFRUIT_EXTRACT;XIREC;5246.0;9
389200;SUBMISSION;;VELVETFRUIT_EXTRACT;XIREC;5245.0;22
389300;SUBMISSION;;VELVETFRUIT_EXTRACT;XIREC;5244.0;18
389300;SUBMISSION;;VELVETFRUIT_EXTRACT;XIREC;5245.0;20
389400;SUBMISSION;;VELVETFRUIT_EXTRACT;XIREC;5243.0;8
389400;SUBMISSION;;VELVETFRUIT_EXTRACT;XIREC;5246.0;25
389500;SUBMISSION;;VEV_5000;XIREC;252.0;7
389600;SUBMISSION;;VEV_5000;XIREC;252.0;19
389700;SUBMISSION;;VEV_5000;XIREC;252.0;5
389800;SUBMISSION;;VEV_5000;XIREC;253.0;9
389900;SUBMISSION;;VEV_5000;XIREC;252.0;11
390000;SUBMISSION;;VEV_5000;XIREC;252.0;21
390100;Mark 67;Mark 49;VELVETFRUIT_EXTRACT;XIREC;5244.0;10
390200;SUBMISSION;;VEV_5000;XIREC;253.0;9
390300;SUBMISSION;;VEV_5000;XIREC;253.0;9
390400;SUBMISSION;;VEV_5000;XIREC;253.0;5
390500;SUBMISSION;;VEV_5000;XIREC;252.0;21
390600;SUBMISSION;;VEV_5000;XIREC;252.0;6
390700;SUBMISSION;;VEV_5000;XIREC;251.0;8
390800;SUBMISSION;Mark 38;VEV_4000;XIREC;1238.0;3
390800;SUBMISSION;;VEV_5000;XIREC;251.0;10
390800;SUBMISSION;;VEV_5000;XIREC;252.0;10
390900;SUBMISSION;;VEV_5000;XIREC;253.0;4
391100;SUBMISSION;;VEV_5000;XIREC;252.0;9
391500;SUBMISSION;;VELVETFRUIT_EXTRACT;XIREC;5245.0;8
391500;SUBMISSION;;VEV_5000;XIREC;250.0;11
391800;SUBMISSION;;VEV_5000;XIREC;252.0;9
392000;SUBMISSION;;VEV_5000;XIREC;253.0;6
392200;SUBMISSION;;VEV_5000;XIREC;254.0;4
392300;SUBMISSION;Mark 55;VELVETFRUIT_EXTRACT;XIREC;5243.0;5
392300;SUBMISSION;;VEV_5000;XIREC;252.0;8
392400;SUBMISSION;;VEV_5000;XIREC;252.0;9
392500;SUBMISSION;;VEV_5000;XIREC;251.0;10
392500;SUBMISSION;;VEV_5000;XIREC;252.0;10
392700;SUBMISSION;;VEV_5000;XIREC;252.0;7
392800;SUBMISSION;;VEV_5000;XIREC;252.0;20
393000;SUBMISSION;Mark 55;VELVETFRUIT_EXTRACT;XIREC;5243.0;4
393100;SUBMISSION;;VEV_5000;XIREC;252.0;8
393500;SUBMISSION;;VEV_5000;XIREC;252.0;9
393600;SUBMISSION;;VEV_5000;XIREC;252.0;8
393700;SUBMISSION;;VEV_5000;XIREC;252.0;20
393800;SUBMISSION;;VEV_5000;XIREC;251.0;7
393800;SUBMISSION;;VEV_5000;XIREC;252.0;13
393900;SUBMISSION;Mark 55;VELVETFRUIT_EXTRACT;XIREC;5242.0;6
394100;SUBMISSION;;VEV_5000;XIREC;250.0;32
394200;SUBMISSION;;VEV_5000;XIREC;248.0;12
394300;SUBMISSION;;VELVETFRUIT_EXTRACT;XIREC;5242.0;1
394300;SUBMISSION;;VEV_5000;XIREC;248.0;18
394400;SUBMISSION;;VEV_5000;XIREC;247.0;12
394500;SUBMISSION;;VEV_5000;XIREC;248.0;12
394600;SUBMISSION;;VEV_5000;XIREC;248.0;11
394700;SUBMISSION;Mark 55;VELVETFRUIT_EXTRACT;XIREC;5238.0;8
394700;SUBMISSION;;VEV_5000;XIREC;247.0;11
394700;SUBMISSION;;VEV_5000;XIREC;248.0;18
394800;Mark 14;Mark 38;HYDROGEL_PACK;XIREC;9941.0;5
395200;SUBMISSION;;VEV_5000;XIREC;248.0;5
396000;Mark 55;Mark 01;VELVETFRUIT_EXTRACT;XIREC;5246.0;8
396200;SUBMISSION;Mark 55;VELVETFRUIT_EXTRACT;XIREC;5241.0;7
396300;Mark 38;Mark 14;HYDROGEL_PACK;XIREC;9956.0;4
397800;Mark 38;Mark 14;HYDROGEL_PACK;XIREC;9950.0;4
398400;SUBMISSION;Mark 55;VELVETFRUIT_EXTRACT;XIREC;5236.0;6
399700;SUBMISSION;Mark 22;VEV_5400;XIREC;14.0;5
399700;SUBMISSION;Mark 22;VEV_5500;XIREC;6.0;5
399700;SUBMISSION;Mark 22;VEV_6000;XIREC;0.0;5
399700;SUBMISSION;Mark 22;VEV_6500;XIREC;0.0;5
399900;SUBMISSION;Mark 38;VEV_4000;XIREC;1236.0;1
400100;SUBMISSION;Mark 55;VELVETFRUIT_EXTRACT;XIREC;5241.0;5
400100;Mark 14;Mark 55;VELVETFRUIT_EXTRACT;XIREC;5240.0;3
400600;SUBMISSION;;VELVETFRUIT_EXTRACT;XIREC;5244.0;3
401900;SUBMISSION;Mark 55;VELVETFRUIT_EXTRACT;XIREC;5243.0;3
401900;Mark 01;Mark 55;VELVETFRUIT_EXTRACT;XIREC;5242.0;5
402400;SUBMISSION;Mark 55;VELVETFRUIT_EXTRACT;XIREC;5241.0;2
402400;Mark 14;Mark 55;VELVETFRUIT_EXTRACT;XIREC;5240.0;4
403500;SUBMISSION;Mark 55;VELVETFRUIT_EXTRACT;XIREC;5240.0;1
403500;Mark 01;Mark 55;VELVETFRUIT_EXTRACT;XIREC;5239.0;7
403600;Mark 14;Mark 38;HYDROGEL_PACK;XIREC;9922.0;6
404200;Mark 55;Mark 14;VELVETFRUIT_EXTRACT;XIREC;5247.0;4
406400;Mark 55;Mark 14;VELVETFRUIT_EXTRACT;XIREC;5246.0;5
407900;SUBMISSION;;VELVETFRUIT_EXTRACT;XIREC;5239.0;1
409300;Mark 14;Mark 38;HYDROGEL_PACK;XIREC;9929.0;6
409700;SUBMISSION;;VEV_5100;XIREC;155.0;25
409800;SUBMISSION;;VEV_5100;XIREC;155.0;10
409800;SUBMISSION;;VEV_5100;XIREC;156.0;16
410400;SUBMISSION;;VEV_5100;XIREC;154.0;3
410400;SUBMISSION;;VEV_5100;XIREC;157.0;21
410400;SUBMISSION;Mark 22;VEV_5400;XIREC;13.0;3
410400;SUBMISSION;Mark 22;VEV_5500;XIREC;5.0;3
410400;SUBMISSION;Mark 22;VEV_6000;XIREC;0.0;3
410400;SUBMISSION;Mark 22;VEV_6500;XIREC;0.0;3
410600;Mark 55;Mark 14;VELVETFRUIT_EXTRACT;XIREC;5239.0;6
411000;Mark 38;Mark 14;HYDROGEL_PACK;XIREC;9951.0;4
411200;SUBMISSION;;VEV_5100;XIREC;155.0;27
411200;Mark 55;Mark 01;VELVETFRUIT_EXTRACT;XIREC;5236.0;7
411300;SUBMISSION;;VEV_5100;XIREC;155.0;25
411300;Mark 55;Mark 01;VELVETFRUIT_EXTRACT;XIREC;5236.0;7
411400;SUBMISSION;;VEV_5100;XIREC;154.0;28
411400;Mark 38;Mark 14;HYDROGEL_PACK;XIREC;9952.0;3
411500;SUBMISSION;;VEV_5100;XIREC;155.0;21
411700;SUBMISSION;;VEV_5100;XIREC;155.0;25
411800;SUBMISSION;;VEV_5100;XIREC;154.0;8
411800;SUBMISSION;;VEV_5100;XIREC;155.0;22
411900;SUBMISSION;;VEV_5100;XIREC;155.0;22
412000;SUBMISSION;;VEV_5100;XIREC;155.0;26
412300;Mark 38;Mark 14;HYDROGEL_PACK;XIREC;9953.0;2
413200;SUBMISSION;;VEV_5100;XIREC;155.0;11
413200;SUBMISSION;;VEV_5100;XIREC;156.0;19
413300;SUBMISSION;;VEV_5100;XIREC;155.0;28
413400;SUBMISSION;;VEV_5100;XIREC;155.0;26
413700;SUBMISSION;;VEV_5100;XIREC;155.0;20
414000;Mark 38;Mark 14;HYDROGEL_PACK;XIREC;9962.0;2
414400;Mark 14;Mark 38;HYDROGEL_PACK;XIREC;9945.0;3
414800;Mark 14;Mark 38;HYDROGEL_PACK;XIREC;9940.0;3
415300;SUBMISSION;;VEV_5100;XIREC;155.0;11
415300;SUBMISSION;;VEV_5100;XIREC;156.0;7
415400;SUBMISSION;;VEV_5100;XIREC;155.0;3
415700;Mark 55;Mark 14;VELVETFRUIT_EXTRACT;XIREC;5234.0;3
416100;SUBMISSION;;VEV_5100;XIREC;155.0;1
416600;SUBMISSION;;VEV_5200;XIREC;87.0;12
416600;SUBMISSION;;VEV_5200;XIREC;88.0;16
417700;SUBMISSION;;VEV_5200;XIREC;87.0;6
417700;SUBMISSION;;VEV_5200;XIREC;88.0;12
418000;SUBMISSION;;VEV_5100;XIREC;154.0;23
418200;SUBMISSION;;VEV_5200;XIREC;87.0;11
418200;SUBMISSION;;VEV_5200;XIREC;88.0;14
418400;SUBMISSION;;VEV_5100;XIREC;155.0;26
418500;SUBMISSION;;VEV_5100;XIREC;155.0;2
419000;SUBMISSION;;VEV_5100;XIREC;155.0;13
419100;SUBMISSION;;VEV_5100;XIREC;155.0;3
419700;Mark 38;SUBMISSION;VEV_4000;XIREC;1236.0;1
419700;SUBMISSION;;VEV_5200;XIREC;87.0;30
419800;SUBMISSION;;VEV_5200;XIREC;86.0;26
419800;SUBMISSION;;VEV_5500;XIREC;6.0;19
419900;SUBMISSION;;VEV_5200;XIREC;86.0;30
419900;SUBMISSION;;VEV_5500;XIREC;6.0;23
419900;Mark 55;Mark 01;VELVETFRUIT_EXTRACT;XIREC;5231.0;6
420000;SUBMISSION;;VEV_5200;XIREC;85.0;12
420000;SUBMISSION;;VEV_5200;XIREC;86.0;18
420000;SUBMISSION;;VEV_5500;XIREC;6.0;25
420100;SUBMISSION;;VEV_5200;XIREC;85.0;23
420100;SUBMISSION;;VEV_5300;XIREC;40.0;27
420100;SUBMISSION;;VEV_5500;XIREC;5.0;27
420200;SUBMISSION;;VEV_5200;XIREC;85.0;26
420200;SUBMISSION;;VEV_5300;XIREC;40.0;24
420200;SUBMISSION;;VEV_5500;XIREC;6.0;24
420300;SUBMISSION;;VEV_5200;XIREC;85.0;28
420300;SUBMISSION;;VEV_5300;XIREC;40.0;26
420300;SUBMISSION;;VEV_5500;XIREC;6.0;26
420400;SUBMISSION;;VEV_5200;XIREC;85.0;30
420400;SUBMISSION;;VEV_5300;XIREC;40.0;30
420400;SUBMISSION;;VEV_5500;XIREC;6.0;30
420500;SUBMISSION;;VEV_5200;XIREC;85.0;29
420500;SUBMISSION;;VEV_5300;XIREC;40.0;21
420500;SUBMISSION;;VEV_5500;XIREC;5.0;6
420500;SUBMISSION;;VEV_5500;XIREC;6.0;15
420600;SUBMISSION;;VEV_5200;XIREC;84.0;27
420600;SUBMISSION;;VEV_5300;XIREC;40.0;23
420700;SUBMISSION;;VEV_5200;XIREC;84.0;18
420700;SUBMISSION;;VEV_5300;XIREC;40.0;25
420800;SUBMISSION;;VEV_5200;XIREC;84.0;8
420800;SUBMISSION;;VEV_5200;XIREC;85.0;20
420800;SUBMISSION;;VEV_5300;XIREC;40.0;30
420900;SUBMISSION;;VEV_5200;XIREC;85.0;30
420900;SUBMISSION;;VEV_5300;XIREC;40.0;25
421000;SUBMISSION;;VEV_5200;XIREC;86.0;30
421100;SUBMISSION;;VEV_5200;XIREC;86.0;30
421200;SUBMISSION;;VEV_5200;XIREC;85.0;20
421200;SUBMISSION;;VEV_5300;XIREC;40.0;30
421300;SUBMISSION;;VEV_5200;XIREC;86.0;30
421400;SUBMISSION;;VEV_5200;XIREC;86.0;28
421500;SUBMISSION;;VEV_5200;XIREC;85.0;12
421500;SUBMISSION;;VEV_5200;XIREC;86.0;10
421500;SUBMISSION;;VEV_5300;XIREC;40.0;9
421500;SUBMISSION;;VEV_5300;XIREC;41.0;19
421500;Mark 14;Mark 38;HYDROGEL_PACK;XIREC;9946.0;3
421800;SUBMISSION;;VEV_5500;XIREC;6.0;23
422300;SUBMISSION;;VEV_5100;XIREC;153.0;18
422600;SUBMISSION;;VEV_5300;XIREC;40.0;22
422800;SUBMISSION;;VEV_5300;XIREC;40.0;5
422800;SUBMISSION;;VEV_5300;XIREC;41.0;14
422900;SUBMISSION;;VEV_5500;XIREC;6.0;2
423100;SUBMISSION;;VEV_5500;XIREC;6.0;6
423200;SUBMISSION;;VEV_5500;XIREC;6.0;3
423300;SUBMISSION;;VEV_5500;XIREC;6.0;2
423400;SUBMISSION;;VEV_5500;XIREC;6.0;3
423500;SUBMISSION;;VEV_5500;XIREC;6.0;21
423600;SUBMISSION;;VEV_5100;XIREC;152.0;7
423600;SUBMISSION;;VEV_5100;XIREC;153.0;10
423700;SUBMISSION;;VEV_5100;XIREC;153.0;11
423700;SUBMISSION;;VEV_5100;XIREC;154.0;14
423800;SUBMISSION;;VEV_5100;XIREC;155.0;22
423900;SUBMISSION;;VEV_5100;XIREC;154.0;12
423900;SUBMISSION;;VEV_5100;XIREC;155.0;13
424000;SUBMISSION;;VEV_5100;XIREC;154.0;11
424500;Mark 55;Mark 14;VELVETFRUIT_EXTRACT;XIREC;5235.0;7
425100;SUBMISSION;;VELVETFRUIT_EXTRACT;XIREC;5233.0;1
425400;Mark 38;SUBMISSION;VEV_4000;XIREC;1241.0;1
426800;Mark 14;Mark 55;VELVETFRUIT_EXTRACT;XIREC;5232.0;8
427000;Mark 14;Mark 38;HYDROGEL_PACK;XIREC;9950.0;2
427600;Mark 55;Mark 14;VELVETFRUIT_EXTRACT;XIREC;5237.0;8
428000;SUBMISSION;Mark 22;VEV_5400;XIREC;13.0;2
428000;SUBMISSION;Mark 22;VEV_5500;XIREC;5.0;2
428000;SUBMISSION;Mark 22;VEV_6000;XIREC;0.0;2
428000;SUBMISSION;Mark 22;VEV_6500;XIREC;0.0;2
429400;SUBMISSION;;VEV_5500;XIREC;6.0;12
430100;SUBMISSION;;VEV_5300;XIREC;40.0;19
430200;SUBMISSION;;VEV_5300;XIREC;40.0;27
430200;Mark 55;Mark 14;VELVETFRUIT_EXTRACT;XIREC;5230.0;3
431000;Mark 55;Mark 01;VELVETFRUIT_EXTRACT;XIREC;5233.0;5
431500;SUBMISSION;;VEV_5500;XIREC;6.0;13
431700;Mark 55;Mark 14;VELVETFRUIT_EXTRACT;XIREC;5233.0;4
432100;Mark 55;Mark 14;VELVETFRUIT_EXTRACT;XIREC;5234.0;3
432200;SUBMISSION;;VEV_5500;XIREC;6.0;24
432700;SUBMISSION;;VEV_5500;XIREC;6.0;19
432800;SUBMISSION;;VEV_5500;XIREC;6.0;12
433400;SUBMISSION;;VEV_5500;XIREC;6.0;6
433600;SUBMISSION;;VEV_5500;XIREC;6.0;3
433900;SUBMISSION;;VEV_5500;XIREC;6.0;4
434000;SUBMISSION;;VEV_5500;XIREC;6.0;24
435300;SUBMISSION;;VEV_5300;XIREC;40.0;3
435300;Mark 01;Mark 55;VELVETFRUIT_EXTRACT;XIREC;5225.0;8
436200;Mark 38;Mark 14;HYDROGEL_PACK;XIREC;9935.0;5
437100;Mark 38;SUBMISSION;VEV_4000;XIREC;1233.0;1
437100;Mark 38;SUBMISSION;VEV_4500;XIREC;733.0;1
437100;Mark 38;SUBMISSION;VEV_5000;XIREC;237.0;1
437100;Mark 38;SUBMISSION;VEV_5200;XIREC;87.0;1
437100;Mark 38;SUBMISSION;VEV_5300;XIREC;41.0;1
437100;SUBMISSION;Mark 22;VEV_5400;XIREC;13.0;4
437100;SUBMISSION;Mark 22;VEV_5500;XIREC;5.0;4
437100;SUBMISSION;Mark 22;VEV_6000;XIREC;0.0;4
437100;SUBMISSION;Mark 22;VEV_6500;XIREC;0.0;4
437100;Mark 38;Mark 22;VEV_5100;XIREC;152.0;1
437700;SUBMISSION;;VEV_5200;XIREC;87.0;1
438000;Mark 01;Mark 55;VELVETFRUIT_EXTRACT;XIREC;5230.0;7
440300;Mark 38;Mark 14;HYDROGEL_PACK;XIREC;9922.0;2
441300;Mark 14;Mark 38;HYDROGEL_PACK;XIREC;9902.0;2
443600;Mark 14;Mark 38;HYDROGEL_PACK;XIREC;9908.0;2
444000;SUBMISSION;Mark 38;VEV_4000;XIREC;1235.0;3
444300;Mark 01;Mark 55;VELVETFRUIT_EXTRACT;XIREC;5238.0;7
445900;Mark 55;Mark 14;VELVETFRUIT_EXTRACT;XIREC;5249.0;4
446500;;SUBMISSION;VELVETFRUIT_EXTRACT;XIREC;5247.0;17
448100;Mark 55;SUBMISSION;VELVETFRUIT_EXTRACT;XIREC;5253.0;3
448700;SUBMISSION;Mark 38;VEV_4000;XIREC;1243.0;3
450000;Mark 14;Mark 38;HYDROGEL_PACK;XIREC;9932.0;5
453500;SUBMISSION;Mark 55;VELVETFRUIT_EXTRACT;XIREC;5246.0;3
453500;Mark 01;Mark 55;VELVETFRUIT_EXTRACT;XIREC;5245.0;5
453600;Mark 55;SUBMISSION;VELVETFRUIT_EXTRACT;XIREC;5251.0;4
454800;SUBMISSION;Mark 55;VELVETFRUIT_EXTRACT;XIREC;5246.0;3
455200;SUBMISSION;Mark 55;VELVETFRUIT_EXTRACT;XIREC;5245.0;3
455200;Mark 01;Mark 55;VELVETFRUIT_EXTRACT;XIREC;5244.0;3
455400;Mark 38;SUBMISSION;VEV_4000;XIREC;1252.0;1
455700;SUBMISSION;Mark 22;VEV_5400;XIREC;15.0;4
455700;SUBMISSION;Mark 22;VEV_5500;XIREC;6.0;4
455700;SUBMISSION;Mark 22;VEV_6000;XIREC;0.0;4
455700;SUBMISSION;Mark 22;VEV_6500;XIREC;0.0;4
457700;Mark 14;Mark 38;HYDROGEL_PACK;XIREC;9914.0;4
458400;Mark 55;Mark 14;VELVETFRUIT_EXTRACT;XIREC;5248.0;3
459900;Mark 55;SUBMISSION;VELVETFRUIT_EXTRACT;XIREC;5251.0;8
459900;SUBMISSION;Mark 38;VEV_4000;XIREC;1244.0;2
460400;SUBMISSION;Mark 22;VEV_5300;XIREC;47.0;3
460400;SUBMISSION;Mark 22;VEV_5400;XIREC;16.0;3
460400;SUBMISSION;Mark 22;VEV_5500;XIREC;6.0;3
460400;SUBMISSION;Mark 22;VEV_6000;XIREC;0.0;3
460400;SUBMISSION;Mark 22;VEV_6500;XIREC;0.0;3
460700;Mark 55;SUBMISSION;VELVETFRUIT_EXTRACT;XIREC;5253.0;6
462000;;SUBMISSION;VELVETFRUIT_EXTRACT;XIREC;5254.0;2
462200;;SUBMISSION;VELVETFRUIT_EXTRACT;XIREC;5254.0;2
462300;Mark 55;SUBMISSION;VELVETFRUIT_EXTRACT;XIREC;5258.0;8
462400;;SUBMISSION;VELVETFRUIT_EXTRACT;XIREC;5254.0;2
462500;Mark 38;Mark 14;HYDROGEL_PACK;XIREC;9932.0;2
462800;;SUBMISSION;VELVETFRUIT_EXTRACT;XIREC;5254.0;2
464200;SUBMISSION;Mark 38;VEV_4000;XIREC;1246.0;1
465300;Mark 55;SUBMISSION;VELVETFRUIT_EXTRACT;XIREC;5254.0;8
468000;SUBMISSION;Mark 55;VELVETFRUIT_EXTRACT;XIREC;5248.0;3
469200;;SUBMISSION;VELVETFRUIT_EXTRACT;XIREC;5253.0;2
469300;Mark 01;Mark 55;VELVETFRUIT_EXTRACT;XIREC;5252.0;6
469600;Mark 14;Mark 55;VELVETFRUIT_EXTRACT;XIREC;5252.0;7
470400;Mark 55;SUBMISSION;VELVETFRUIT_EXTRACT;XIREC;5256.0;4
470500;;SUBMISSION;VELVETFRUIT_EXTRACT;XIREC;5253.0;2
472600;Mark 14;Mark 55;VELVETFRUIT_EXTRACT;XIREC;5249.0;3
474200;;SUBMISSION;VELVETFRUIT_EXTRACT;XIREC;5253.0;4
475400;Mark 55;SUBMISSION;VELVETFRUIT_EXTRACT;XIREC;5253.0;7
475500;;SUBMISSION;VELVETFRUIT_EXTRACT;XIREC;5252.0;1
475500;SUBMISSION;Mark 38;VEV_4000;XIREC;1249.0;1
475600;;SUBMISSION;VELVETFRUIT_EXTRACT;XIREC;5252.0;1
475700;;SUBMISSION;VELVETFRUIT_EXTRACT;XIREC;5253.0;5
475800;;SUBMISSION;VELVETFRUIT_EXTRACT;XIREC;5252.0;3
475900;;SUBMISSION;VELVETFRUIT_EXTRACT;XIREC;5254.0;10
476000;;SUBMISSION;VELVETFRUIT_EXTRACT;XIREC;5254.0;12
476100;;SUBMISSION;VELVETFRUIT_EXTRACT;XIREC;5256.0;18
476200;;SUBMISSION;VELVETFRUIT_EXTRACT;XIREC;5254.0;10
476200;Mark 38;Mark 14;HYDROGEL_PACK;XIREC;9959.0;3
476300;;SUBMISSION;VELVETFRUIT_EXTRACT;XIREC;5254.0;12
476400;;SUBMISSION;VELVETFRUIT_EXTRACT;XIREC;5254.0;10
476500;;SUBMISSION;VELVETFRUIT_EXTRACT;XIREC;5254.0;10
476500;SUBMISSION;Mark 22;VEV_5400;XIREC;17.0;2
476500;SUBMISSION;Mark 22;VEV_5500;XIREC;7.0;2
476500;SUBMISSION;Mark 22;VEV_6000;XIREC;0.0;2
476500;SUBMISSION;Mark 22;VEV_6500;XIREC;0.0;2
476600;;SUBMISSION;VELVETFRUIT_EXTRACT;XIREC;5253.0;5
476700;;SUBMISSION;VELVETFRUIT_EXTRACT;XIREC;5253.0;5
476800;;SUBMISSION;VELVETFRUIT_EXTRACT;XIREC;5252.0;3
476900;;SUBMISSION;VELVETFRUIT_EXTRACT;XIREC;5253.0;5
477000;;SUBMISSION;VELVETFRUIT_EXTRACT;XIREC;5253.0;7
477100;;SUBMISSION;VELVETFRUIT_EXTRACT;XIREC;5254.0;3
477200;;SUBMISSION;VELVETFRUIT_EXTRACT;XIREC;5255.0;14
477300;;SUBMISSION;VELVETFRUIT_EXTRACT;XIREC;5256.0;18
477400;;SUBMISSION;VELVETFRUIT_EXTRACT;XIREC;5256.0;18
477500;;SUBMISSION;VELVETFRUIT_EXTRACT;XIREC;5256.0;16
477500;;SUBMISSION;VELVETFRUIT_EXTRACT;XIREC;5255.0;2
477600;;SUBMISSION;VELVETFRUIT_EXTRACT;XIREC;5256.0;17
477600;;SUBMISSION;VELVETFRUIT_EXTRACT;XIREC;5255.0;1
477600;Mark 14;Mark 38;HYDROGEL_PACK;XIREC;9941.0;5
477700;;SUBMISSION;VELVETFRUIT_EXTRACT;XIREC;5254.0;10
477800;;SUBMISSION;VELVETFRUIT_EXTRACT;XIREC;5254.0;10
477900;;SUBMISSION;VELVETFRUIT_EXTRACT;XIREC;5252.0;3
477900;Mark 55;SUBMISSION;VELVETFRUIT_EXTRACT;XIREC;5257.0;5
478000;;SUBMISSION;VELVETFRUIT_EXTRACT;XIREC;5253.0;3
478000;;SUBMISSION;VEV_5000;XIREC;256.0;2
478100;;SUBMISSION;VEV_5000;XIREC;258.0;1
478600;;SUBMISSION;VEV_5000;XIREC;255.0;1
478700;;SUBMISSION;VEV_5000;XIREC;256.0;1
478900;Mark 14;Mark 55;VELVETFRUIT_EXTRACT;XIREC;5250.0;4
479100;Mark 38;Mark 14;HYDROGEL_PACK;XIREC;9973.0;5
480100;Mark 67;SUBMISSION;VELVETFRUIT_EXTRACT;XIREC;5250.0;10
480700;Mark 38;SUBMISSION;VEV_4000;XIREC;1254.0;2
480900;SUBMISSION;Mark 38;VEV_4000;XIREC;1244.0;2
481300;Mark 38;SUBMISSION;VEV_4000;XIREC;1252.0;3
481700;SUBMISSION;;VELVETFRUIT_EXTRACT;XIREC;5246.0;3
481800;SUBMISSION;;VELVETFRUIT_EXTRACT;XIREC;5246.0;5
481900;SUBMISSION;;VELVETFRUIT_EXTRACT;XIREC;5245.0;8
482000;SUBMISSION;;VELVETFRUIT_EXTRACT;XIREC;5246.0;3
482100;SUBMISSION;;VELVETFRUIT_EXTRACT;XIREC;5246.0;3
482200;SUBMISSION;;VELVETFRUIT_EXTRACT;XIREC;5246.0;5
482300;SUBMISSION;;VELVETFRUIT_EXTRACT;XIREC;5246.0;5
482900;SUBMISSION;;VELVETFRUIT_EXTRACT;XIREC;5245.0;8
483000;SUBMISSION;;VELVETFRUIT_EXTRACT;XIREC;5245.0;8
483100;SUBMISSION;;VELVETFRUIT_EXTRACT;XIREC;5245.0;8
483100;Mark 55;Mark 14;VELVETFRUIT_EXTRACT;XIREC;5245.0;8
483200;SUBMISSION;;VELVETFRUIT_EXTRACT;XIREC;5244.0;13
483200;Mark 38;SUBMISSION;VEV_4000;XIREC;1247.0;3
483300;SUBMISSION;;VELVETFRUIT_EXTRACT;XIREC;5243.0;18
483400;SUBMISSION;;VELVETFRUIT_EXTRACT;XIREC;5242.0;22
483500;SUBMISSION;;VELVETFRUIT_EXTRACT;XIREC;5243.0;20
483600;SUBMISSION;;VELVETFRUIT_EXTRACT;XIREC;5239.0;9
483600;SUBMISSION;;VELVETFRUIT_EXTRACT;XIREC;5243.0;18
483700;SUBMISSION;;VELVETFRUIT_EXTRACT;XIREC;5242.0;15
483700;SUBMISSION;;VELVETFRUIT_EXTRACT;XIREC;5243.0;7
483800;SUBMISSION;;VELVETFRUIT_EXTRACT;XIREC;5244.0;15
483800;SUBMISSION;Mark 55;VELVETFRUIT_EXTRACT;XIREC;5239.0;7
483900;SUBMISSION;;VELVETFRUIT_EXTRACT;XIREC;5245.0;8
484000;SUBMISSION;;VELVETFRUIT_EXTRACT;XIREC;5245.0;8
484100;SUBMISSION;;VELVETFRUIT_EXTRACT;XIREC;5245.0;8
484400;SUBMISSION;;VELVETFRUIT_EXTRACT;XIREC;5245.0;3
484500;SUBMISSION;;VELVETFRUIT_EXTRACT;XIREC;5245.0;1
484600;SUBMISSION;;VELVETFRUIT_EXTRACT;XIREC;5244.0;6
485300;Mark 14;Mark 38;HYDROGEL_PACK;XIREC;9952.0;3
485700;SUBMISSION;;VELVETFRUIT_EXTRACT;XIREC;5242.0;4
486400;SUBMISSION;Mark 55;VELVETFRUIT_EXTRACT;XIREC;5240.0;7
486700;SUBMISSION;;VELVETFRUIT_EXTRACT;XIREC;5242.0;3
486900;SUBMISSION;;VELVETFRUIT_EXTRACT;XIREC;5242.0;3
487000;SUBMISSION;;VELVETFRUIT_EXTRACT;XIREC;5241.0;3
487100;SUBMISSION;;VELVETFRUIT_EXTRACT;XIREC;5240.0;7
489600;Mark 14;Mark 38;HYDROGEL_PACK;XIREC;9948.0;4
489700;SUBMISSION;Mark 55;VELVETFRUIT_EXTRACT;XIREC;5238.0;6
489700;SUBMISSION;Mark 22;VEV_5300;XIREC;43.0;4
489700;SUBMISSION;Mark 22;VEV_5400;XIREC;14.0;4
489700;SUBMISSION;Mark 22;VEV_5500;XIREC;5.0;4
489700;SUBMISSION;Mark 22;VEV_6000;XIREC;0.0;4
489700;SUBMISSION;Mark 22;VEV_6500;XIREC;0.0;4
490900;Mark 55;Mark 14;VELVETFRUIT_EXTRACT;XIREC;5246.0;5
491100;SUBMISSION;Mark 38;VEV_4000;XIREC;1238.0;3
492100;SUBMISSION;Mark 55;VELVETFRUIT_EXTRACT;XIREC;5242.0;5
493900;SUBMISSION;Mark 55;VELVETFRUIT_EXTRACT;XIREC;5238.0;3
494500;Mark 38;Mark 14;HYDROGEL_PACK;XIREC;9975.0;4
494700;SUBMISSION;Mark 38;VEV_4000;XIREC;1233.0;2
495300;Mark 14;Mark 38;HYDROGEL_PACK;XIREC;9964.0;5
496200;SUBMISSION;Mark 55;VELVETFRUIT_EXTRACT;XIREC;5240.0;5
496300;SUBMISSION;Mark 38;VEV_4000;XIREC;1235.0;2
498200;SUBMISSION;;VELVETFRUIT_EXTRACT;XIREC;5240.0;6
498200;Mark 22;Mark 49;VELVETFRUIT_EXTRACT;XIREC;5241.0;5
498400;SUBMISSION;Mark 55;VELVETFRUIT_EXTRACT;XIREC;5239.0;7
499900;Mark 14;Mark 38;HYDROGEL_PACK;XIREC;9990.0;6
500800;Mark 14;Mark 38;HYDROGEL_PACK;XIREC;9987.0;4
501400;Mark 14;Mark 38;HYDROGEL_PACK;XIREC;9987.0;6
502000;Mark 14;Mark 38;HYDROGEL_PACK;XIREC;9985.0;3
502700;SUBMISSION;Mark 22;VEV_5500;XIREC;6.0;2
502700;SUBMISSION;Mark 22;VEV_6000;XIREC;0.0;2
502700;SUBMISSION;Mark 22;VEV_6500;XIREC;0.0;2
503500;SUBMISSION;Mark 38;VEV_4000;XIREC;1245.0;3
503500;Mark 14;Mark 38;HYDROGEL_PACK;XIREC;9994.0;6
504300;;SUBMISSION;HYDROGEL_PACK;XIREC;10004.0;8
504500;;SUBMISSION;VELVETFRUIT_EXTRACT;XIREC;5252.0;3
504600;;SUBMISSION;VELVETFRUIT_EXTRACT;XIREC;5251.0;1
504700;;SUBMISSION;VELVETFRUIT_EXTRACT;XIREC;5252.0;3
504800;;SUBMISSION;HYDROGEL_PACK;XIREC;10004.0;8
505000;;SUBMISSION;VELVETFRUIT_EXTRACT;XIREC;5252.0;3
505100;;SUBMISSION;VELVETFRUIT_EXTRACT;XIREC;5252.0;3
505200;;SUBMISSION;VELVETFRUIT_EXTRACT;XIREC;5252.0;3
505300;;SUBMISSION;VELVETFRUIT_EXTRACT;XIREC;5253.0;3
505300;Mark 55;SUBMISSION;VELVETFRUIT_EXTRACT;XIREC;5255.0;3
505400;;SUBMISSION;VELVETFRUIT_EXTRACT;XIREC;5255.0;18
505500;;SUBMISSION;VELVETFRUIT_EXTRACT;XIREC;5255.0;16
505500;;SUBMISSION;VELVETFRUIT_EXTRACT;XIREC;5254.0;2
505600;;SUBMISSION;VELVETFRUIT_EXTRACT;XIREC;5255.0;20
505700;;SUBMISSION;VELVETFRUIT_EXTRACT;XIREC;5256.0;18
505700;;SUBMISSION;VELVETFRUIT_EXTRACT;XIREC;5255.0;5
505800;;SUBMISSION;VELVETFRUIT_EXTRACT;XIREC;5255.0;16
505800;;SUBMISSION;VELVETFRUIT_EXTRACT;XIREC;5254.0;2
505900;;SUBMISSION;VELVETFRUIT_EXTRACT;XIREC;5255.0;18
506000;;SUBMISSION;VELVETFRUIT_EXTRACT;XIREC;5255.0;18
506100;;SUBMISSION;VELVETFRUIT_EXTRACT;XIREC;5255.0;18
506200;;SUBMISSION;VELVETFRUIT_EXTRACT;XIREC;5254.0;13
506200;Mark 14;Mark 55;VELVETFRUIT_EXTRACT;XIREC;5254.0;5
506300;;SUBMISSION;VELVETFRUIT_EXTRACT;XIREC;5253.0;8
506400;;SUBMISSION;VELVETFRUIT_EXTRACT;XIREC;5253.0;10
506500;;SUBMISSION;VELVETFRUIT_EXTRACT;XIREC;5254.0;13
506600;;SUBMISSION;VELVETFRUIT_EXTRACT;XIREC;5255.0;18
506700;;SUBMISSION;VELVETFRUIT_EXTRACT;XIREC;5256.0;22
506800;;SUBMISSION;VELVETFRUIT_EXTRACT;XIREC;5257.0;20
506800;;SUBMISSION;VELVETFRUIT_EXTRACT;XIREC;5256.0;7
506900;;SUBMISSION;VELVETFRUIT_EXTRACT;XIREC;5257.0;21
506900;;SUBMISSION;VELVETFRUIT_EXTRACT;XIREC;5256.0;6
507000;;SUBMISSION;VEV_5000;XIREC;260.0;12
507000;;SUBMISSION;VEV_5000;XIREC;259.0;12
507100;;SUBMISSION;VELVETFRUIT_EXTRACT;XIREC;5258.0;13
507100;;SUBMISSION;VEV_5000;XIREC;262.0;10
507100;;SUBMISSION;VEV_5000;XIREC;261.0;11
507200;Mark 38;SUBMISSION;HYDROGEL_PACK;XIREC;10011.0;4
507200;;SUBMISSION;VELVETFRUIT_EXTRACT;XIREC;5260.0;9
507200;;SUBMISSION;VEV_5000;XIREC;263.0;12
507200;;SUBMISSION;VEV_5000;XIREC;262.0;15
507300;;SUBMISSION;VEV_5000;XIREC;261.0;31
507400;;SUBMISSION;VEV_5000;XIREC;261.0;9
507400;;SUBMISSION;VEV_5000;XIREC;260.0;13
507500;;SUBMISSION;VEV_5000;XIREC;261.0;9
507500;;SUBMISSION;VEV_5000;XIREC;260.0;21
507600;;SUBMISSION;VEV_5000;XIREC;261.0;8
507600;;SUBMISSION;VEV_5000;XIREC;260.0;22
507700;;SUBMISSION;VEV_5000;XIREC;262.0;30
507800;SUBMISSION;Mark 38;HYDROGEL_PACK;XIREC;9993.0;4
507800;;SUBMISSION;VEV_5000;XIREC;263.0;12
507800;;SUBMISSION;VEV_5000;XIREC;262.0;21
507800;Mark 14;Mark 38;HYDROGEL_PACK;XIREC;9992.0;2
507900;;SUBMISSION;VEV_5000;XIREC;263.0;8
507900;;SUBMISSION;VEV_5000;XIREC;262.0;12
508000;;SUBMISSION;VELVETFRUIT_EXTRACT;XIREC;5261.0;3
508000;;SUBMISSION;VEV_5000;XIREC;264.0;9
508000;;SUBMISSION;VEV_5000;XIREC;263.0;20
508100;;SUBMISSION;VEV_5000;XIREC;263.0;30
508200;;SUBMISSION;VEV_5000;XIREC;263.0;23
508300;;SUBMISSION;VEV_5000;XIREC;264.0;6
508300;;SUBMISSION;VEV_5000;XIREC;263.0;21
508400;;SUBMISSION;VEV_5000;XIREC;263.0;6
508400;;SUBMISSION;VEV_5000;XIREC;262.0;17
508500;;SUBMISSION;VEV_5000;XIREC;262.0;8
508500;;SUBMISSION;VEV_5000;XIREC;261.0;19
508600;;SUBMISSION;VEV_5000;XIREC;261.0;17
509000;;SUBMISSION;VEV_5000;XIREC;262.0;2
509100;SUBMISSION;Mark 38;VEV_4000;XIREC;1255.0;3
509200;;SUBMISSION;VEV_5000;XIREC;263.0;4
509300;;SUBMISSION;VEV_5000;XIREC;264.0;1
509700;;SUBMISSION;VELVETFRUIT_EXTRACT;XIREC;5259.0;12
509700;Mark 67;Mark 49;VELVETFRUIT_EXTRACT;XIREC;5260.0;13
509900;Mark 14;Mark 38;HYDROGEL_PACK;XIREC;10005.0;5
510100;Mark 14;Mark 38;HYDROGEL_PACK;XIREC;10003.0;3
510900;;SUBMISSION;VEV_5000;XIREC;265.0;3
511000;;SUBMISSION;VEV_5000;XIREC;266.0;1
511100;;SUBMISSION;VEV_5000;XIREC;267.0;1
512700;;SUBMISSION;VEV_5100;XIREC;178.0;30
512700;;SUBMISSION;VEV_5200;XIREC;106.0;30
513200;Mark 38;SUBMISSION;HYDROGEL_PACK;XIREC;10009.0;5
514100;Mark 49;Mark 22;VELVETFRUIT_EXTRACT;XIREC;5263.0;7
514500;Mark 14;Mark 55;VELVETFRUIT_EXTRACT;XIREC;5265.0;6
514600;;SUBMISSION;VEV_5100;XIREC;178.0;30
514600;;SUBMISSION;VEV_5200;XIREC;106.0;30
514700;;SUBMISSION;VEV_5100;XIREC;178.0;30
514700;;SUBMISSION;VEV_5200;XIREC;106.0;30
514800;;SUBMISSION;VEV_5100;XIREC;179.0;21
514800;;SUBMISSION;VEV_5200;XIREC;106.0;21
515000;;SUBMISSION;VEV_5100;XIREC;179.0;7
515000;;SUBMISSION;VEV_5100;XIREC;178.0;23
515200;SUBMISSION;Mark 38;HYDROGEL_PACK;XIREC;10001.0;4
515300;;SUBMISSION;VEV_5100;XIREC;178.0;29
515400;;SUBMISSION;VEV_5100;XIREC;178.0;26
515500;;SUBMISSION;VEV_5100;XIREC;178.0;21
516000;;SUBMISSION;VEV_5100;XIREC;178.0;10
516000;;SUBMISSION;VEV_5100;XIREC;177.0;16
516800;Mark 14;Mark 55;VELVETFRUIT_EXTRACT;XIREC;5261.0;5
517900;SUBMISSION;Mark 38;VEV_4000;XIREC;1254.0;1
518800;Mark 38;SUBMISSION;VEV_4000;XIREC;1266.0;1
519000;Mark 14;Mark 38;HYDROGEL_PACK;XIREC;10002.0;5
519100;SUBMISSION;Mark 38;VEV_4000;XIREC;1251.0;2
519400;Mark 38;SUBMISSION;HYDROGEL_PACK;XIREC;10016.0;2
519500;SUBMISSION;Mark 22;VEV_5300;XIREC;50.0;4
519500;SUBMISSION;Mark 22;VEV_5400;XIREC;17.0;4
519500;SUBMISSION;Mark 22;VEV_5500;XIREC;6.0;4
519500;SUBMISSION;Mark 22;VEV_6000;XIREC;0.0;4
519500;SUBMISSION;Mark 22;VEV_6500;XIREC;0.0;4
520400;Mark 38;SUBMISSION;HYDROGEL_PACK;XIREC;10018.0;2
520500;Mark 01;Mark 55;VELVETFRUIT_EXTRACT;XIREC;5256.0;4
521100;SUBMISSION;Mark 38;VEV_4000;XIREC;1253.0;2
521800;Mark 55;SUBMISSION;VELVETFRUIT_EXTRACT;XIREC;5264.0;3
523300;Mark 55;SUBMISSION;VELVETFRUIT_EXTRACT;XIREC;5261.0;3
524000;SUBMISSION;Mark 22;VEV_5400;XIREC;17.0;4
524000;SUBMISSION;Mark 22;VEV_5500;XIREC;7.0;4
524000;SUBMISSION;Mark 22;VEV_6000;XIREC;0.0;4
524000;SUBMISSION;Mark 22;VEV_6500;XIREC;0.0;4
524500;Mark 67;SUBMISSION;VELVETFRUIT_EXTRACT;XIREC;5258.0;7
525500;SUBMISSION;Mark 38;VEV_4000;XIREC;1252.0;1
526200;Mark 01;Mark 55;VELVETFRUIT_EXTRACT;XIREC;5250.0;8
526600;Mark 38;SUBMISSION;HYDROGEL_PACK;XIREC;10020.0;4
527700;Mark 38;SUBMISSION;HYDROGEL_PACK;XIREC;10020.0;6
527700;Mark 55;SUBMISSION;VELVETFRUIT_EXTRACT;XIREC;5254.0;3
527700;Mark 55;Mark 14;VELVETFRUIT_EXTRACT;XIREC;5255.0;3
528100;;SUBMISSION;HYDROGEL_PACK;XIREC;10013.0;2
528200;;SUBMISSION;HYDROGEL_PACK;XIREC;10013.0;2
528300;;SUBMISSION;HYDROGEL_PACK;XIREC;10013.0;2
528400;;SUBMISSION;HYDROGEL_PACK;XIREC;10014.0;3
528500;;SUBMISSION;HYDROGEL_PACK;XIREC;10014.0;4
528600;;SUBMISSION;HYDROGEL_PACK;XIREC;10017.0;8
528600;Mark 55;SUBMISSION;VELVETFRUIT_EXTRACT;XIREC;5253.0;2
528600;Mark 55;Mark 14;VELVETFRUIT_EXTRACT;XIREC;5254.0;2
528700;;SUBMISSION;HYDROGEL_PACK;XIREC;10016.0;7
528800;;SUBMISSION;HYDROGEL_PACK;XIREC;10017.0;8
528900;;SUBMISSION;HYDROGEL_PACK;XIREC;10016.0;7
529000;;SUBMISSION;HYDROGEL_PACK;XIREC;10014.0;4
529100;;SUBMISSION;HYDROGEL_PACK;XIREC;10017.0;8
529200;;SUBMISSION;HYDROGEL_PACK;XIREC;10013.0;2
529300;;SUBMISSION;HYDROGEL_PACK;XIREC;10015.0;5
529400;;SUBMISSION;HYDROGEL_PACK;XIREC;10018.0;10
529400;Mark 55;SUBMISSION;VELVETFRUIT_EXTRACT;XIREC;5255.0;2
529400;Mark 55;Mark 14;VELVETFRUIT_EXTRACT;XIREC;5256.0;2
529500;;SUBMISSION;HYDROGEL_PACK;XIREC;10026.0;9
529500;;SUBMISSION;HYDROGEL_PACK;XIREC;10019.0;8
529600;;SUBMISSION;HYDROGEL_PACK;XIREC;10019.0;11
529700;;SUBMISSION;HYDROGEL_PACK;XIREC;10017.0;8
529800;;SUBMISSION;HYDROGEL_PACK;XIREC;10015.0;5
529900;;SUBMISSION;HYDROGEL_PACK;XIREC;10013.0;2
530000;;SUBMISSION;HYDROGEL_PACK;XIREC;10013.0;2
530000;SUBMISSION;;VELVETFRUIT_EXTRACT;XIREC;5251.0;10
530000;Mark 01;Mark 55;VELVETFRUIT_EXTRACT;XIREC;5249.0;6
530100;;SUBMISSION;HYDROGEL_PACK;XIREC;10013.0;2
530300;Mark 14;Mark 38;HYDROGEL_PACK;XIREC;10010.0;3
530600;Mark 14;Mark 38;HYDROGEL_PACK;XIREC;10010.0;5
530700;;SUBMISSION;HYDROGEL_PACK;XIREC;10013.0;2
530800;;SUBMISSION;HYDROGEL_PACK;XIREC;10015.0;6
530900;;SUBMISSION;HYDROGEL_PACK;XIREC;10017.0;9
531000;;SUBMISSION;HYDROGEL_PACK;XIREC;10016.0;7
531100;;SUBMISSION;HYDROGEL_PACK;XIREC;10016.0;7
531200;;SUBMISSION;HYDROGEL_PACK;XIREC;10016.0;7
531300;;SUBMISSION;HYDROGEL_PACK;XIREC;10014.0;4
531400;;SUBMISSION;HYDROGEL_PACK;XIREC;10015.0;6
531500;;SUBMISSION;HYDROGEL_PACK;XIREC;10013.0;3
531600;;SUBMISSION;HYDROGEL_PACK;XIREC;10013.0;3
531700;;SUBMISSION;HYDROGEL_PACK;XIREC;10015.0;6
531800;;SUBMISSION;HYDROGEL_PACK;XIREC;10018.0;10
531900;;SUBMISSION;HYDROGEL_PACK;XIREC;10017.0;9
532000;;SUBMISSION;HYDROGEL_PACK;XIREC;10026.0;4
532000;;SUBMISSION;HYDROGEL_PACK;XIREC;10018.0;12
532000;;SUBMISSION;HYDROGEL_PACK;XIREC;10016.0;1
532100;;SUBMISSION;HYDROGEL_PACK;XIREC;10018.0;10
532200;;SUBMISSION;HYDROGEL_PACK;XIREC;10020.0;10
532200;;SUBMISSION;HYDROGEL_PACK;XIREC;10018.0;4
532300;;SUBMISSION;HYDROGEL_PACK;XIREC;10018.0;10
532400;;SUBMISSION;HYDROGEL_PACK;XIREC;10017.0;9
532500;;SUBMISSION;HYDROGEL_PACK;XIREC;10015.0;6
532600;;SUBMISSION;HYDROGEL_PACK;XIREC;10014.0;4
532700;;SUBMISSION;HYDROGEL_PACK;XIREC;10015.0;6
532800;;SUBMISSION;HYDROGEL_PACK;XIREC;10016.0;3
532900;;SUBMISSION;HYDROGEL_PACK;XIREC;10017.0;2
533000;;SUBMISSION;HYDROGEL_PACK;XIREC;10018.0;2
533100;Mark 38;SUBMISSION;HYDROGEL_PACK;XIREC;10028.0;2
533400;Mark 38;SUBMISSION;HYDROGEL_PACK;XIREC;10029.0;5
534100;SUBMISSION;Mark 55;VELVETFRUIT_EXTRACT;XIREC;5245.0;3
534800;Mark 38;SUBMISSION;HYDROGEL_PACK;XIREC;10017.0;3
535600;SUBMISSION;;VELVETFRUIT_EXTRACT;XIREC;5244.0;5
535700;SUBMISSION;;VELVETFRUIT_EXTRACT;XIREC;5243.0;9
535800;SUBMISSION;;VELVETFRUIT_EXTRACT;XIREC;5245.0;1
535900;SUBMISSION;;VELVETFRUIT_EXTRACT;XIREC;5244.0;5
536000;SUBMISSION;;VELVETFRUIT_EXTRACT;XIREC;5245.0;1
536100;SUBMISSION;;VELVETFRUIT_EXTRACT;XIREC;5244.0;5
536200;SUBMISSION;;VELVETFRUIT_EXTRACT;XIREC;5245.0;1
536300;SUBMISSION;;VELVETFRUIT_EXTRACT;XIREC;5243.0;9
536400;SUBMISSION;;VELVETFRUIT_EXTRACT;XIREC;5244.0;5
536500;SUBMISSION;;VELVETFRUIT_EXTRACT;XIREC;5244.0;5
536600;SUBMISSION;;VELVETFRUIT_EXTRACT;XIREC;5244.0;5
536700;SUBMISSION;;VELVETFRUIT_EXTRACT;XIREC;5243.0;9
536800;SUBMISSION;;VELVETFRUIT_EXTRACT;XIREC;5242.0;13
536900;SUBMISSION;;VELVETFRUIT_EXTRACT;XIREC;5241.0;17
537000;SUBMISSION;;VELVETFRUIT_EXTRACT;XIREC;5241.0;17
537100;SUBMISSION;;VELVETFRUIT_EXTRACT;XIREC;5240.0;20
537200;SUBMISSION;;VELVETFRUIT_EXTRACT;XIREC;5240.0;20
537300;SUBMISSION;;VELVETFRUIT_EXTRACT;XIREC;5241.0;18
537400;SUBMISSION;;VELVETFRUIT_EXTRACT;XIREC;5241.0;18
537500;SUBMISSION;;VELVETFRUIT_EXTRACT;XIREC;5241.0;16
537500;Mark 14;Mark 38;HYDROGEL_PACK;XIREC;10014.0;2
537500;Mark 55;Mark 01;VELVETFRUIT_EXTRACT;XIREC;5241.0;4
537600;SUBMISSION;;VELVETFRUIT_EXTRACT;XIREC;5240.0;20
537700;SUBMISSION;;VELVETFRUIT_EXTRACT;XIREC;5240.0;20
537800;SUBMISSION;;VELVETFRUIT_EXTRACT;XIREC;5241.0;12
537900;SUBMISSION;;VELVETFRUIT_EXTRACT;XIREC;5242.0;9
537900;SUBMISSION;Mark 55;VELVETFRUIT_EXTRACT;XIREC;5240.0;6
538000;Mark 38;SUBMISSION;HYDROGEL_PACK;XIREC;10023.0;2
538000;SUBMISSION;;VELVETFRUIT_EXTRACT;XIREC;5242.0;12
538100;SUBMISSION;;VELVETFRUIT_EXTRACT;XIREC;5241.0;18
538200;SUBMISSION;;VELVETFRUIT_EXTRACT;XIREC;5241.0;5
538300;SUBMISSION;;VELVETFRUIT_EXTRACT;XIREC;5239.0;11
538400;SUBMISSION;;VEV_5000;XIREC;244.0;9
538500;SUBMISSION;;VELVETFRUIT_EXTRACT;XIREC;5238.0;5
538500;SUBMISSION;;VEV_5000;XIREC;244.0;11
538600;SUBMISSION;;VEV_5000;XIREC;244.0;6
538700;SUBMISSION;;VEV_5000;XIREC;244.0;11
538800;SUBMISSION;;VEV_5000;XIREC;244.0;9
538900;Mark 38;SUBMISSION;HYDROGEL_PACK;XIREC;10021.0;6
538900;SUBMISSION;;VEV_5000;XIREC;244.0;12
539100;SUBMISSION;;VEV_5000;XIREC;246.0;19
539200;SUBMISSION;;VEV_5000;XIREC;246.0;19
539300;SUBMISSION;;VEV_5000;XIREC;244.0;7
539400;SUBMISSION;;VEV_5000;XIREC;245.0;19
539500;SUBMISSION;;VEV_5000;XIREC;244.0;9
539600;SUBMISSION;;VEV_5000;XIREC;244.0;6
539700;SUBMISSION;;VEV_5000;XIREC;244.0;6
539800;SUBMISSION;;VEV_5000;XIREC;244.0;8
539900;SUBMISSION;;VEV_5000;XIREC;244.0;8
540100;SUBMISSION;;VEV_5000;XIREC;246.0;18
540200;SUBMISSION;;VEV_5000;XIREC;245.0;6
540700;SUBMISSION;Mark 55;VELVETFRUIT_EXTRACT;XIREC;5239.0;7
