timestamp;buyer;seller;symbol;currency;price;quantity
0;;SUBMISSION;VELVETFRUIT_EXTRACT;XIREC;5265.0;25
0;;SUBMISSION;VEV_5000;XIREC;267.0;7
0;;SUBMISSION;VEV_5000;XIREC;266.0;3
0;;SUBMISSION;VEV_5100;XIREC;177.0;7
0;;SUBMISSION;VEV_5100;XIREC;176.0;14
0;;SUBMISSION;VEV_5200;XIREC;102.0;10
0;;SUBMISSION;VEV_5300;XIREC;52.0;10
0;;SUBMISSION;VEV_5400;XIREC;16.0;20
0;SUBMISSION;;VEV_6000;XIREC;1.0;20
0;SUBMISSION;;VEV_6500;XIREC;1.0;18
100;;SUBMISSION;VELVETFRUIT_EXTRACT;XIREC;5263.0;25
100;;SUBMISSION;VEV_5000;XIREC;265.0;10
100;;SUBMISSION;VEV_5200;XIREC;101.0;10
100;;SUBMISSION;VEV_5300;XIREC;51.0;10
100;;SUBMISSION;VEV_5400;XIREC;16.0;25
100;SUBMISSION;;VEV_6000;XIREC;1.0;25
100;SUBMISSION;;VEV_6500;XIREC;1.0;17
200;;SUBMISSION;VELVETFRUIT_EXTRACT;XIREC;5263.0;25
200;;SUBMISSION;VEV_5000;XIREC;266.0;8
200;;SUBMISSION;VEV_5000;XIREC;265.0;2
200;;SUBMISSION;VEV_5200;XIREC;102.0;8
200;;SUBMISSION;VEV_5200;XIREC;101.0;2
200;;SUBMISSION;VEV_5300;XIREC;51.0;10
200;;SUBMISSION;VEV_5400;XIREC;16.0;19
200;SUBMISSION;;VEV_6000;XIREC;1.0;19
200;SUBMISSION;;VEV_6500;XIREC;1.0;18
300;;SUBMISSION;VELVETFRUIT_EXTRACT;XIREC;5264.0;23
300;;SUBMISSION;VELVETFRUIT_EXTRACT;XIREC;5263.0;2
300;;SUBMISSION;VEV_5000;XIREC;266.0;9
300;;SUBMISSION;VEV_5000;XIREC;265.0;1
300;;SUBMISSION;VEV_5200;XIREC;102.0;10
300;;SUBMISSION;VEV_5300;XIREC;51.0;10
300;;SUBMISSION;VEV_5400;XIREC;16.0;25
300;SUBMISSION;;VEV_6000;XIREC;1.0;25
300;SUBMISSION;;VEV_6500;XIREC;1.0;13
400;;SUBMISSION;VELVETFRUIT_EXTRACT;XIREC;5262.0;25
400;;SUBMISSION;VEV_5200;XIREC;101.0;10
400;;SUBMISSION;VEV_5300;XIREC;51.0;10
400;;SUBMISSION;VEV_5400;XIREC;16.0;25
400;SUBMISSION;;VEV_6000;XIREC;1.0;26
400;SUBMISSION;;VEV_6500;XIREC;1.0;20
500;;SUBMISSION;VEV_5200;XIREC;100.0;10
500;;SUBMISSION;VEV_5300;XIREC;50.0;10
500;;SUBMISSION;VEV_5400;XIREC;16.0;19
500;SUBMISSION;;VEV_6000;XIREC;1.0;19
500;SUBMISSION;;VEV_6500;XIREC;1.0;17
600;;SUBMISSION;VEV_5200;XIREC;100.0;5
600;;SUBMISSION;VEV_5200;XIREC;99.0;5
600;;SUBMISSION;VEV_5300;XIREC;50.0;10
600;;SUBMISSION;VEV_5400;XIREC;16.0;5
600;;SUBMISSION;VEV_5400;XIREC;15.0;20
600;SUBMISSION;;VEV_6000;XIREC;1.0;24
600;SUBMISSION;;VEV_6500;XIREC;1.0;10
700;;SUBMISSION;VEV_5300;XIREC;50.0;10
700;;SUBMISSION;VEV_5400;XIREC;16.0;18
700;SUBMISSION;;VEV_6000;XIREC;1.0;18
700;SUBMISSION;;VEV_6500;XIREC;1.0;11
800;;SUBMISSION;VEV_5200;XIREC;100.0;9
800;;SUBMISSION;VEV_5200;XIREC;99.0;1
800;;SUBMISSION;VEV_5300;XIREC;50.0;10
800;;SUBMISSION;VEV_5400;XIREC;16.0;20
800;SUBMISSION;;VEV_6000;XIREC;1.0;20
800;SUBMISSION;;VEV_6500;XIREC;1.0;17
900;;SUBMISSION;VEV_5200;XIREC;100.0;6
900;;SUBMISSION;VEV_5200;XIREC;99.0;4
900;;SUBMISSION;VEV_5300;XIREC;50.0;10
900;;SUBMISSION;VEV_5400;XIREC;16.0;24
900;SUBMISSION;;VEV_6000;XIREC;1.0;24
900;SUBMISSION;;VEV_6500;XIREC;1.0;12
900;Mark 67;Mark 49;VELVETFRUIT_EXTRACT;XIREC;5262.0;8
1000;;SUBMISSION;VEV_5200;XIREC;100.0;10
1000;;SUBMISSION;VEV_5300;XIREC;50.0;10
1000;;SUBMISSION;VEV_5400;XIREC;16.0;25
1000;SUBMISSION;;VEV_6000;XIREC;1.0;26
1000;SUBMISSION;;VEV_6500;XIREC;1.0;19
1100;;SUBMISSION;VEV_5200;XIREC;100.0;10
1100;;SUBMISSION;VEV_5300;XIREC;50.0;10
1100;;SUBMISSION;VEV_5400;XIREC;16.0;25
1100;SUBMISSION;;VEV_6000;XIREC;1.0;29
1100;SUBMISSION;;VEV_6500;XIREC;1.0;14
1200;;SUBMISSION;VEV_5300;XIREC;50.0;10
1200;;SUBMISSION;VEV_5400;XIREC;16.0;21
1200;SUBMISSION;;VEV_6000;XIREC;1.0;21
1200;SUBMISSION;;VEV_6500;XIREC;1.0;14
1300;;SUBMISSION;VEV_5300;XIREC;50.0;6
1300;;SUBMISSION;VEV_5300;XIREC;49.0;4
1300;;SUBMISSION;VEV_5400;XIREC;16.0;9
1300;SUBMISSION;;VEV_6000;XIREC;1.0;4
1300;SUBMISSION;;VEV_6500;XIREC;1.0;13
1300;Mark 14;Mark 38;VEV_4000;XIREC;1251.0;3
1400;;SUBMISSION;VEV_5200;XIREC;100.0;10
1400;;SUBMISSION;VEV_5300;XIREC;50.0;10
1400;SUBMISSION;;VEV_6500;XIREC;1.0;11
1500;;SUBMISSION;VELVETFRUIT_EXTRACT;XIREC;5262.0;25
1500;;SUBMISSION;VEV_5200;XIREC;101.0;10
1500;;SUBMISSION;VEV_5300;XIREC;51.0;10
1500;SUBMISSION;;VEV_6500;XIREC;1.0;18
1600;;SUBMISSION;VELVETFRUIT_EXTRACT;XIREC;5262.0;25
1600;;SUBMISSION;VEV_5200;XIREC;101.0;10
1600;;SUBMISSION;VEV_5300;XIREC;51.0;10
1600;SUBMISSION;;VEV_6500;XIREC;1.0;15
1700;;SUBMISSION;VELVETFRUIT_EXTRACT;XIREC;5263.0;25
1700;;SUBMISSION;VEV_5000;XIREC;266.0;6
1700;;SUBMISSION;VEV_5000;XIREC;265.0;4
1700;;SUBMISSION;VEV_5200;XIREC;102.0;10
1700;;SUBMISSION;VEV_5300;XIREC;51.0;10
1700;SUBMISSION;;VEV_6500;XIREC;1.0;15
1800;;SUBMISSION;VEV_5000;XIREC;265.0;10
1800;;SUBMISSION;VEV_5200;XIREC;102.0;6
1800;;SUBMISSION;VEV_5200;XIREC;101.0;4
1800;;SUBMISSION;VEV_5300;XIREC;51.0;10
1800;SUBMISSION;;VEV_6500;XIREC;1.0;14
1900;;SUBMISSION;VEV_5000;XIREC;266.0;10
1900;;SUBMISSION;VEV_5200;XIREC;102.0;10
1900;;SUBMISSION;VEV_5300;XIREC;51.0;10
1900;SUBMISSION;;VEV_6500;XIREC;1.0;14
2000;;SUBMISSION;VEV_5000;XIREC;268.0;9
2000;;SUBMISSION;VEV_5000;XIREC;267.0;1
2000;;SUBMISSION;VEV_5100;XIREC;177.0;23
2000;;SUBMISSION;VEV_5200;XIREC;103.0;10
2000;;SUBMISSION;VEV_5300;XIREC;52.0;10
2100;;SUBMISSION;VEV_5000;XIREC;269.0;9
2100;;SUBMISSION;VEV_5000;XIREC;268.0;1
2100;;SUBMISSION;VEV_5100;XIREC;178.0;22
2100;;SUBMISSION;VEV_5200;XIREC;104.0;10
2100;;SUBMISSION;VEV_5300;XIREC;53.0;10
2200;;SUBMISSION;VEV_5000;XIREC;268.0;6
2200;;SUBMISSION;VEV_5000;XIREC;267.0;4
2200;;SUBMISSION;VEV_5100;XIREC;177.0;18
2200;;SUBMISSION;VEV_5200;XIREC;103.0;10
2200;;SUBMISSION;VEV_5300;XIREC;52.0;10
2300;;SUBMISSION;VEV_5000;XIREC;269.0;10
2300;;SUBMISSION;VEV_5100;XIREC;178.0;25
2300;;SUBMISSION;VEV_5200;XIREC;104.0;10
2300;;SUBMISSION;VEV_5300;XIREC;53.0;9
2300;;SUBMISSION;VEV_5300;XIREC;52.0;1
2400;;SUBMISSION;VEV_5000;XIREC;270.0;7
2400;;SUBMISSION;VEV_5000;XIREC;269.0;3
2400;;SUBMISSION;VEV_5100;XIREC;179.0;20
2400;;SUBMISSION;VEV_5200;XIREC;105.0;7
2400;;SUBMISSION;VEV_5200;XIREC;104.0;3
2400;;SUBMISSION;VEV_5300;XIREC;53.0;10
2500;;SUBMISSION;VEV_5000;XIREC;272.0;10
2500;;SUBMISSION;VEV_5100;XIREC;181.0;10
2500;;SUBMISSION;VEV_5100;XIREC;180.0;13
2500;;SUBMISSION;VEV_5200;XIREC;106.0;10
2500;;SUBMISSION;VEV_5300;XIREC;54.0;10
2600;;SUBMISSION;VEV_5000;XIREC;272.0;9
2600;;SUBMISSION;VEV_5000;XIREC;271.0;1
2600;;SUBMISSION;VEV_5100;XIREC;181.0;22
2600;;SUBMISSION;VEV_5200;XIREC;106.0;10
2600;;SUBMISSION;VEV_5300;XIREC;54.0;10
2700;;SUBMISSION;VEV_5000;XIREC;271.0;10
2700;;SUBMISSION;VEV_5100;XIREC;181.0;8
2700;;SUBMISSION;VEV_5100;XIREC;180.0;14
2700;;SUBMISSION;VEV_5200;XIREC;106.0;10
2700;;SUBMISSION;VEV_5300;XIREC;54.0;10
2700;Mark 01;Mark 55;VELVETFRUIT_EXTRACT;XIREC;5269.0;8
2800;;SUBMISSION;VEV_5000;XIREC;271.0;8
2800;;SUBMISSION;VEV_5000;XIREC;270.0;2
2800;;SUBMISSION;VEV_5100;XIREC;180.0;22
2800;;SUBMISSION;VEV_5200;XIREC;106.0;8
2800;;SUBMISSION;VEV_5200;XIREC;105.0;2
2800;;SUBMISSION;VEV_5300;XIREC;54.0;8
2800;;SUBMISSION;VEV_5300;XIREC;53.0;2
2900;;SUBMISSION;HYDROGEL_PACK;XIREC;10018.0;1
2900;;SUBMISSION;VEV_5000;XIREC;269.0;7
2900;;SUBMISSION;VEV_5000;XIREC;268.0;3
2900;;SUBMISSION;VEV_5100;XIREC;178.0;24
2900;;SUBMISSION;VEV_5200;XIREC;104.0;10
2900;;SUBMISSION;VEV_5300;XIREC;53.0;10
2900;Mark 55;Mark 14;VELVETFRUIT_EXTRACT;XIREC;5272.0;8
3000;;SUBMISSION;HYDROGEL_PACK;XIREC;10019.0;1
3000;;SUBMISSION;VEV_5000;XIREC;270.0;9
3000;;SUBMISSION;VEV_5000;XIREC;269.0;1
3000;;SUBMISSION;VEV_5100;XIREC;179.0;22
3000;;SUBMISSION;VEV_5200;XIREC;105.0;10
3100;;SUBMISSION;HYDROGEL_PACK;XIREC;10019.0;1
3100;;SUBMISSION;VEV_5000;XIREC;272.0;10
3100;;SUBMISSION;VEV_5100;XIREC;181.0;11
3100;;SUBMISSION;VEV_5100;XIREC;180.0;16
3100;;SUBMISSION;VEV_5200;XIREC;106.0;10
3200;;SUBMISSION;HYDROGEL_PACK;XIREC;10022.0;2
3200;;SUBMISSION;VEV_4000;XIREC;1262.0;8
3200;;SUBMISSION;VEV_4000;XIREC;1260.0;2
3200;;SUBMISSION;VEV_4500;XIREC;765.0;8
3200;;SUBMISSION;VEV_4500;XIREC;763.0;2
3200;;SUBMISSION;VEV_5000;XIREC;272.0;10
3200;;SUBMISSION;VEV_5100;XIREC;181.0;9
3200;;SUBMISSION;VEV_5200;XIREC;106.0;10
3300;;SUBMISSION;HYDROGEL_PACK;XIREC;10021.0;2
3300;;SUBMISSION;VEV_4000;XIREC;1263.0;10
3300;;SUBMISSION;VEV_4500;XIREC;765.0;6
3300;;SUBMISSION;VEV_4500;XIREC;763.0;4
3300;;SUBMISSION;VEV_5000;XIREC;273.0;6
3300;;SUBMISSION;VEV_5000;XIREC;272.0;4
3400;;SUBMISSION;HYDROGEL_PACK;XIREC;10023.0;3
3400;;SUBMISSION;VEV_4000;XIREC;1264.0;8
3400;;SUBMISSION;VEV_4000;XIREC;1261.0;2
3400;;SUBMISSION;VEV_4500;XIREC;766.0;10
3400;;SUBMISSION;VEV_5000;XIREC;274.0;10
3500;;SUBMISSION;HYDROGEL_PACK;XIREC;10021.0;2
3500;;SUBMISSION;VEV_4000;XIREC;1263.0;10
3500;;SUBMISSION;VEV_4500;XIREC;765.0;10
3500;;SUBMISSION;VEV_5000;XIREC;273.0;10
3600;;SUBMISSION;HYDROGEL_PACK;XIREC;10022.0;2
3600;;SUBMISSION;VEV_4000;XIREC;1263.0;10
3600;;SUBMISSION;VEV_4500;XIREC;766.0;10
3600;;SUBMISSION;VEV_5000;XIREC;273.0;10
3700;;SUBMISSION;HYDROGEL_PACK;XIREC;10021.0;2
3700;;SUBMISSION;VEV_4000;XIREC;1263.0;10
3700;;SUBMISSION;VEV_4500;XIREC;765.0;9
3700;;SUBMISSION;VEV_4500;XIREC;763.0;1
3700;;SUBMISSION;VEV_5000;XIREC;273.0;9
3700;;SUBMISSION;VEV_5000;XIREC;272.0;1
3800;;SUBMISSION;HYDROGEL_PACK;XIREC;10020.0;2
3800;;SUBMISSION;VEV_4000;XIREC;1263.0;8
3800;;SUBMISSION;VEV_4000;XIREC;1261.0;2
3800;;SUBMISSION;VEV_4500;XIREC;766.0;8
3800;;SUBMISSION;VEV_4500;XIREC;764.0;2
3800;;SUBMISSION;VEV_5000;XIREC;273.0;10
3900;;SUBMISSION;VEV_4000;XIREC;1263.0;10
3900;;SUBMISSION;VEV_4500;XIREC;766.0;6
3900;;SUBMISSION;VEV_4500;XIREC;764.0;4
3900;;SUBMISSION;VEV_5000;XIREC;273.0;10
4000;;SUBMISSION;HYDROGEL_PACK;XIREC;10018.0;1
4000;;SUBMISSION;VEV_4000;XIREC;1262.0;10
4000;;SUBMISSION;VEV_4500;XIREC;765.0;6
4000;;SUBMISSION;VEV_4500;XIREC;763.0;4
4000;;SUBMISSION;VEV_5000;XIREC;272.0;10
4100;;SUBMISSION;HYDROGEL_PACK;XIREC;10020.0;2
4100;;SUBMISSION;VEV_4000;XIREC;1263.0;10
4100;;SUBMISSION;VEV_4500;XIREC;765.0;10
4100;;SUBMISSION;VEV_5000;XIREC;273.0;10
4200;;SUBMISSION;HYDROGEL_PACK;XIREC;10022.0;2
4200;;SUBMISSION;VEV_4000;XIREC;1264.0;10
4200;;SUBMISSION;VEV_4500;XIREC;766.0;7
4200;;SUBMISSION;VEV_4500;XIREC;764.0;3
4200;;SUBMISSION;VEV_5000;XIREC;274.0;7
4200;;SUBMISSION;VEV_5000;XIREC;273.0;3
4300;;SUBMISSION;HYDROGEL_PACK;XIREC;10019.0;1
4300;;SUBMISSION;VEV_4000;XIREC;1264.0;9
4300;;SUBMISSION;VEV_4000;XIREC;1261.0;1
4300;;SUBMISSION;VEV_4500;XIREC;766.0;9
4300;;SUBMISSION;VEV_4500;XIREC;764.0;1
4400;;SUBMISSION;HYDROGEL_PACK;XIREC;10020.0;2
4500;;SUBMISSION;HYDROGEL_PACK;XIREC;10017.0;1
4600;;SUBMISSION;HYDROGEL_PACK;XIREC;10017.0;1
4700;;SUBMISSION;HYDROGEL_PACK;XIREC;10017.0;1
4800;;SUBMISSION;HYDROGEL_PACK;XIREC;10017.0;1
4800;Mark 55;Mark 14;VELVETFRUIT_EXTRACT;XIREC;5273.0;3
4900;;SUBMISSION;HYDROGEL_PACK;XIREC;10020.0;2
4900;;SUBMISSION;VEV_4000;XIREC;1262.0;8
4900;;SUBMISSION;VEV_4000;XIREC;1260.0;2
4900;;SUBMISSION;VEV_4500;XIREC;765.0;8
4900;;SUBMISSION;VEV_4500;XIREC;763.0;2
5000;;SUBMISSION;HYDROGEL_PACK;XIREC;10019.0;1
5000;;SUBMISSION;VEV_4000;XIREC;1262.0;10
5000;;SUBMISSION;VEV_4500;XIREC;765.0;9
5000;;SUBMISSION;VEV_4500;XIREC;763.0;1
5100;;SUBMISSION;VEV_4000;XIREC;1262.0;10
5100;;SUBMISSION;VEV_4500;XIREC;765.0;9
5100;;SUBMISSION;VEV_4500;XIREC;763.0;1
5200;;SUBMISSION;VEV_4000;XIREC;1262.0;10
5200;;SUBMISSION;VEV_4500;XIREC;765.0;10
5300;;SUBMISSION;VEV_4000;XIREC;1263.0;7
5300;;SUBMISSION;VEV_4000;XIREC;1260.0;3
5300;;SUBMISSION;VEV_4500;XIREC;765.0;10
5400;;SUBMISSION;VEV_4000;XIREC;1262.0;10
5400;;SUBMISSION;VEV_4500;XIREC;765.0;10
5500;;SUBMISSION;VEV_4000;XIREC;1265.0;10
5500;;SUBMISSION;VEV_4500;XIREC;768.0;7
5500;;SUBMISSION;VEV_4500;XIREC;766.0;3
5600;;SUBMISSION;VEV_4000;XIREC;1265.0;10
5600;;SUBMISSION;VEV_4500;XIREC;768.0;9
5600;;SUBMISSION;VEV_4500;XIREC;766.0;1
5700;;SUBMISSION;VEV_4000;XIREC;1265.0;8
5700;;SUBMISSION;VEV_4000;XIREC;1263.0;2
5700;;SUBMISSION;VEV_4500;XIREC;768.0;10
5700;Mark 01;Mark 55;VELVETFRUIT_EXTRACT;XIREC;5273.0;5
5800;;SUBMISSION;VEV_4000;XIREC;1264.0;10
5800;;SUBMISSION;VEV_4500;XIREC;766.0;10
5900;;SUBMISSION;VEV_4000;XIREC;1264.0;9
5900;;SUBMISSION;VEV_4000;XIREC;1262.0;1
5900;;SUBMISSION;VEV_4500;XIREC;767.0;7
5900;;SUBMISSION;VEV_4500;XIREC;765.0;3
6000;;SUBMISSION;VEV_4000;XIREC;1265.0;10
6000;;SUBMISSION;VEV_4500;XIREC;767.0;10
6100;;SUBMISSION;VEV_4000;XIREC;1264.0;10
6100;;SUBMISSION;VEV_4500;XIREC;767.0;8
6100;;SUBMISSION;VEV_4500;XIREC;765.0;2
6200;;SUBMISSION;VEV_4000;XIREC;1265.0;10
6200;;SUBMISSION;VEV_4500;XIREC;767.0;10
6300;;SUBMISSION;VEV_4000;XIREC;1264.0;10
6300;;SUBMISSION;VEV_4500;XIREC;766.0;8
6300;;SUBMISSION;VEV_4500;XIREC;764.0;2
6400;;SUBMISSION;VEV_4000;XIREC;1263.0;7
6400;;SUBMISSION;VEV_4000;XIREC;1260.0;3
6400;;SUBMISSION;VEV_4500;XIREC;765.0;10
6500;;SUBMISSION;VEV_4000;XIREC;1263.0;7
6500;;SUBMISSION;VEV_4000;XIREC;1260.0;3
6500;;SUBMISSION;VEV_4500;XIREC;765.0;7
6500;;SUBMISSION;VEV_4500;XIREC;763.0;3
6600;;SUBMISSION;VEV_4000;XIREC;1262.0;10
6600;;SUBMISSION;VEV_4500;XIREC;765.0;10
9000;Mark 38;Mark 14;VEV_4000;XIREC;1278.0;1
9900;Mark 22;Mark 55;VELVETFRUIT_EXTRACT;XIREC;5261.0;5
10000;;SUBMISSION;HYDROGEL_PACK;XIREC;10015.0;1
10100;;SUBMISSION;HYDROGEL_PACK;XIREC;10018.0;2
10200;;SUBMISSION;HYDROGEL_PACK;XIREC;10017.0;1
10200;Mark 14;Mark 38;HYDROGEL_PACK;XIREC;10017.0;6
10300;;SUBMISSION;HYDROGEL_PACK;XIREC;10017.0;1
10400;;SUBMISSION;HYDROGEL_PACK;XIREC;10015.0;1
10700;Mark 55;Mark 14;VELVETFRUIT_EXTRACT;XIREC;5265.0;4
11100;;SUBMISSION;HYDROGEL_PACK;XIREC;10015.0;1
11200;Mark 38;SUBMISSION;HYDROGEL_PACK;XIREC;10029.0;4
12100;Mark 67;Mark 22;VELVETFRUIT_EXTRACT;XIREC;5268.0;5
12600;Mark 01;Mark 55;VELVETFRUIT_EXTRACT;XIREC;5264.0;3
13100;Mark 01;Mark 22;VEV_5400;XIREC;16.0;3
13100;Mark 01;Mark 22;VEV_5500;XIREC;6.0;3
13100;Mark 01;Mark 22;VEV_6000;XIREC;0.0;3
13100;Mark 01;Mark 22;VEV_6500;XIREC;0.0;3
13900;Mark 55;Mark 14;VELVETFRUIT_EXTRACT;XIREC;5269.0;4
14600;;SUBMISSION;HYDROGEL_PACK;XIREC;10016.0;2
14700;;SUBMISSION;HYDROGEL_PACK;XIREC;10014.0;1
14800;;SUBMISSION;HYDROGEL_PACK;XIREC;10015.0;1
14900;;SUBMISSION;HYDROGEL_PACK;XIREC;10015.0;1
15000;;SUBMISSION;HYDROGEL_PACK;XIREC;10015.0;1
15100;;SUBMISSION;HYDROGEL_PACK;XIREC;10015.0;1
15200;;SUBMISSION;HYDROGEL_PACK;XIREC;10017.0;2
15300;;SUBMISSION;HYDROGEL_PACK;XIREC;10016.0;2
15400;;SUBMISSION;HYDROGEL_PACK;XIREC;10018.0;3
15500;;SUBMISSION;HYDROGEL_PACK;XIREC;10022.0;3
15600;;SUBMISSION;HYDROGEL_PACK;XIREC;10016.0;2
15700;;SUBMISSION;HYDROGEL_PACK;XIREC;10019.0;3
15700;Mark 38;SUBMISSION;HYDROGEL_PACK;XIREC;10034.0;2
15800;;SUBMISSION;HYDROGEL_PACK;XIREC;10018.0;3
15900;;SUBMISSION;HYDROGEL_PACK;XIREC;10016.0;2
16000;;SUBMISSION;HYDROGEL_PACK;XIREC;10015.0;1
16100;;SUBMISSION;HYDROGEL_PACK;XIREC;10017.0;2
16200;;SUBMISSION;HYDROGEL_PACK;XIREC;10020.0;4
16300;;SUBMISSION;HYDROGEL_PACK;XIREC;10018.0;3
16300;Mark 55;Mark 01;VELVETFRUIT_EXTRACT;XIREC;5275.0;5
16400;;SUBMISSION;HYDROGEL_PACK;XIREC;10021.0;4
16500;;SUBMISSION;HYDROGEL_PACK;XIREC;10019.0;3
16600;;SUBMISSION;HYDROGEL_PACK;XIREC;10017.0;2
16700;;SUBMISSION;HYDROGEL_PACK;XIREC;10017.0;2
16800;;SUBMISSION;HYDROGEL_PACK;XIREC;10018.0;3
16900;;SUBMISSION;HYDROGEL_PACK;XIREC;10014.0;1
17000;;SUBMISSION;HYDROGEL_PACK;XIREC;10014.0;1
17200;;SUBMISSION;HYDROGEL_PACK;XIREC;10016.0;2
17300;;SUBMISSION;HYDROGEL_PACK;XIREC;10014.0;1
17400;Mark 14;Mark 55;VELVETFRUIT_EXTRACT;XIREC;5274.0;3
19100;Mark 38;SUBMISSION;HYDROGEL_PACK;XIREC;10019.0;6
20900;Mark 01;Mark 22;VEV_5300;XIREC;53.0;5
20900;Mark 01;Mark 22;VEV_5400;XIREC;17.0;5
20900;Mark 01;Mark 22;VEV_5500;XIREC;7.0;5
20900;Mark 01;Mark 22;VEV_6000;XIREC;0.0;5
20900;Mark 01;Mark 22;VEV_6500;XIREC;0.0;5
23100;Mark 01;Mark 55;VELVETFRUIT_EXTRACT;XIREC;5264.0;4
23500;Mark 01;Mark 22;VEV_5400;XIREC;16.0;2
23500;Mark 01;Mark 22;VEV_5500;XIREC;6.0;2
23500;Mark 01;Mark 22;VEV_6000;XIREC;0.0;2
23500;Mark 01;Mark 22;VEV_6500;XIREC;0.0;2
25500;Mark 14;Mark 55;VELVETFRUIT_EXTRACT;XIREC;5264.0;6
25700;SUBMISSION;;HYDROGEL_PACK;XIREC;9992.0;2
25800;SUBMISSION;;HYDROGEL_PACK;XIREC;9992.0;2
26500;Mark 55;Mark 14;VELVETFRUIT_EXTRACT;XIREC;5269.0;6
26700;SUBMISSION;;HYDROGEL_PACK;XIREC;9993.0;1
26800;SUBMISSION;;HYDROGEL_PACK;XIREC;9987.0;2
29200;SUBMISSION;Mark 38;HYDROGEL_PACK;XIREC;9994.0;4
29500;Mark 01;Mark 22;VEV_5400;XIREC;16.0;2
29500;Mark 01;Mark 22;VEV_5500;XIREC;6.0;2
29500;Mark 01;Mark 22;VEV_6000;XIREC;0.0;2
29500;Mark 01;Mark 22;VEV_6500;XIREC;0.0;2
32500;Mark 55;Mark 22;VELVETFRUIT_EXTRACT;XIREC;5266.0;4
33300;Mark 55;Mark 01;VELVETFRUIT_EXTRACT;XIREC;5271.0;7
34100;Mark 38;Mark 14;VEV_4000;XIREC;1282.0;1
35700;Mark 55;Mark 14;VELVETFRUIT_EXTRACT;XIREC;5270.0;3
35800;Mark 14;Mark 55;VELVETFRUIT_EXTRACT;XIREC;5264.0;7
35900;SUBMISSION;;HYDROGEL_PACK;XIREC;9996.0;1
36100;SUBMISSION;;HYDROGEL_PACK;XIREC;9997.0;1
36100;Mark 55;Mark 01;VELVETFRUIT_EXTRACT;XIREC;5271.0;4
37100;SUBMISSION;;HYDROGEL_PACK;XIREC;9997.0;1
37200;SUBMISSION;;HYDROGEL_PACK;XIREC;9996.0;1
37300;SUBMISSION;;HYDROGEL_PACK;XIREC;9996.0;1
37400;SUBMISSION;;HYDROGEL_PACK;XIREC;9993.0;4
37500;SUBMISSION;;HYDROGEL_PACK;XIREC;9993.0;4
37600;SUBMISSION;;HYDROGEL_PACK;XIREC;9992.0;4
37700;SUBMISSION;;HYDROGEL_PACK;XIREC;9992.0;4
37900;SUBMISSION;;HYDROGEL_PACK;XIREC;9992.0;4
38000;SUBMISSION;;HYDROGEL_PACK;XIREC;9994.0;3
38100;SUBMISSION;;HYDROGEL_PACK;XIREC;9992.0;4
38200;SUBMISSION;;HYDROGEL_PACK;XIREC;9992.0;4
38300;SUBMISSION;;HYDROGEL_PACK;XIREC;9995.0;2
38400;SUBMISSION;;HYDROGEL_PACK;XIREC;9993.0;4
38400;Mark 14;Mark 55;VELVETFRUIT_EXTRACT;XIREC;5265.0;8
38500;SUBMISSION;;HYDROGEL_PACK;XIREC;9991.0;5
38600;SUBMISSION;;HYDROGEL_PACK;XIREC;9993.0;4
38700;SUBMISSION;;HYDROGEL_PACK;XIREC;9995.0;2
38800;SUBMISSION;;HYDROGEL_PACK;XIREC;9994.0;3
38900;SUBMISSION;;HYDROGEL_PACK;XIREC;9993.0;4
39000;SUBMISSION;;HYDROGEL_PACK;XIREC;9995.0;2
39100;SUBMISSION;;HYDROGEL_PACK;XIREC;9996.0;1
39200;SUBMISSION;;HYDROGEL_PACK;XIREC;9995.0;2
39300;SUBMISSION;;HYDROGEL_PACK;XIREC;9996.0;1
39500;Mark 14;Mark 38;VEV_4000;XIREC;1254.0;2
40300;SUBMISSION;;HYDROGEL_PACK;XIREC;9997.0;1
40400;SUBMISSION;;HYDROGEL_PACK;XIREC;9996.0;2
40500;SUBMISSION;;HYDROGEL_PACK;XIREC;9995.0;2
40600;SUBMISSION;;HYDROGEL_PACK;XIREC;9996.0;2
40700;SUBMISSION;;HYDROGEL_PACK;XIREC;9997.0;1
40800;SUBMISSION;;HYDROGEL_PACK;XIREC;9997.0;1
40900;SUBMISSION;;HYDROGEL_PACK;XIREC;9996.0;2
41000;SUBMISSION;;HYDROGEL_PACK;XIREC;9995.0;2
41100;Mark 38;Mark 14;HYDROGEL_PACK;XIREC;9998.0;6
41200;SUBMISSION;;HYDROGEL_PACK;XIREC;9997.0;1
41300;SUBMISSION;;HYDROGEL_PACK;XIREC;9997.0;1
41400;SUBMISSION;;HYDROGEL_PACK;XIREC;9997.0;1
41700;Mark 55;Mark 01;VELVETFRUIT_EXTRACT;XIREC;5254.0;5
41900;SUBMISSION;;VEV_5300;XIREC;45.0;2
41900;SUBMISSION;;VEV_5300;XIREC;46.0;8
41900;Mark 01;Mark 22;VEV_5400;XIREC;13.0;2
41900;Mark 01;Mark 22;VEV_5500;XIREC;5.0;2
41900;Mark 01;Mark 22;VEV_6000;XIREC;0.0;2
41900;Mark 01;Mark 22;VEV_6500;XIREC;0.0;2
42000;Mark 14;Mark 55;VELVETFRUIT_EXTRACT;XIREC;5247.0;8
42500;SUBMISSION;;HYDROGEL_PACK;XIREC;9996.0;2
42600;SUBMISSION;;HYDROGEL_PACK;XIREC;9994.0;3
42700;SUBMISSION;;HYDROGEL_PACK;XIREC;9995.0;3
42800;SUBMISSION;;HYDROGEL_PACK;XIREC;9995.0;3
42900;SUBMISSION;;HYDROGEL_PACK;XIREC;9993.0;4
42900;Mark 01;Mark 22;VEV_5400;XIREC;14.0;4
42900;Mark 01;Mark 22;VEV_5500;XIREC;5.0;4
42900;Mark 01;Mark 22;VEV_6000;XIREC;0.0;4
42900;Mark 01;Mark 22;VEV_6500;XIREC;0.0;4
43000;SUBMISSION;;HYDROGEL_PACK;XIREC;9993.0;4
43000;Mark 01;Mark 55;VELVETFRUIT_EXTRACT;XIREC;5250.0;8
43100;SUBMISSION;;HYDROGEL_PACK;XIREC;9995.0;3
43200;SUBMISSION;;HYDROGEL_PACK;XIREC;9997.0;1
43300;SUBMISSION;;HYDROGEL_PACK;XIREC;9995.0;2
43700;SUBMISSION;;HYDROGEL_PACK;XIREC;9997.0;1
43800;SUBMISSION;;HYDROGEL_PACK;XIREC;9994.0;3
43900;SUBMISSION;;HYDROGEL_PACK;XIREC;9992.0;5
44000;SUBMISSION;;HYDROGEL_PACK;XIREC;9994.0;3
44000;SUBMISSION;Mark 38;HYDROGEL_PACK;XIREC;9979.0;4
44100;SUBMISSION;;HYDROGEL_PACK;XIREC;9993.0;4
44200;SUBMISSION;;HYDROGEL_PACK;XIREC;9984.0;8
44300;SUBMISSION;;HYDROGEL_PACK;XIREC;9994.0;3
44400;SUBMISSION;;HYDROGEL_PACK;XIREC;9994.0;3
44500;SUBMISSION;;HYDROGEL_PACK;XIREC;9994.0;3
44600;SUBMISSION;;HYDROGEL_PACK;XIREC;9991.0;6
44700;SUBMISSION;;HYDROGEL_PACK;XIREC;9991.0;6
44700;Mark 14;Mark 55;VELVETFRUIT_EXTRACT;XIREC;5255.0;8
44800;SUBMISSION;;HYDROGEL_PACK;XIREC;9983.0;8
44800;SUBMISSION;;HYDROGEL_PACK;XIREC;9991.0;1
44900;SUBMISSION;;HYDROGEL_PACK;XIREC;9989.0;7
44900;Mark 67;Mark 49;VELVETFRUIT_EXTRACT;XIREC;5257.0;14
45000;SUBMISSION;;HYDROGEL_PACK;XIREC;9989.0;7
45100;SUBMISSION;;HYDROGEL_PACK;XIREC;9991.0;6
45100;Mark 38;Mark 14;HYDROGEL_PACK;XIREC;9991.0;3
45100;Mark 14;Mark 22;VEV_5400;XIREC;15.0;5
45100;Mark 01;Mark 22;VEV_5500;XIREC;5.0;5
45100;Mark 01;Mark 22;VEV_6000;XIREC;0.0;5
45100;Mark 01;Mark 22;VEV_6500;XIREC;0.0;5
45200;SUBMISSION;;HYDROGEL_PACK;XIREC;9981.0;6
45200;SUBMISSION;;HYDROGEL_PACK;XIREC;9990.0;4
45300;SUBMISSION;;HYDROGEL_PACK;XIREC;9988.0;8
45400;SUBMISSION;;HYDROGEL_PACK;XIREC;9990.0;6
45500;SUBMISSION;;HYDROGEL_PACK;XIREC;9991.0;5
45600;SUBMISSION;;HYDROGEL_PACK;XIREC;9990.0;6
45700;SUBMISSION;;HYDROGEL_PACK;XIREC;9988.0;7
45800;SUBMISSION;;HYDROGEL_PACK;XIREC;9986.0;5
46800;Mark 14;Mark 55;VELVETFRUIT_EXTRACT;XIREC;5256.0;8
46900;SUBMISSION;;HYDROGEL_PACK;XIREC;9985.0;2
47000;SUBMISSION;;HYDROGEL_PACK;XIREC;9982.0;8
47100;SUBMISSION;;HYDROGEL_PACK;XIREC;9981.0;3
47200;SUBMISSION;;HYDROGEL_PACK;XIREC;9979.0;5
47500;SUBMISSION;;HYDROGEL_PACK;XIREC;9973.0;9
48100;Mark 55;Mark 01;VELVETFRUIT_EXTRACT;XIREC;5261.0;7
48400;Mark 67;Mark 22;VELVETFRUIT_EXTRACT;XIREC;5258.0;5
49400;SUBMISSION;Mark 38;HYDROGEL_PACK;XIREC;9959.0;4
49800;Mark 38;Mark 14;HYDROGEL_PACK;XIREC;9960.0;3
50200;Mark 14;Mark 38;VEV_4000;XIREC;1249.0;3
52600;Mark 55;Mark 01;VELVETFRUIT_EXTRACT;XIREC;5263.0;8
52900;Mark 01;Mark 22;VEV_5500;XIREC;6.0;5
52900;Mark 01;Mark 22;VEV_6000;XIREC;0.0;5
52900;Mark 01;Mark 22;VEV_6500;XIREC;0.0;5
53200;Mark 55;Mark 01;VELVETFRUIT_EXTRACT;XIREC;5264.0;5
53600;Mark 01;Mark 55;VELVETFRUIT_EXTRACT;XIREC;5257.0;5
57300;SUBMISSION;;VEV_5300;XIREC;45.0;10
57400;SUBMISSION;;VEV_5300;XIREC;45.0;10
57500;SUBMISSION;;VEV_5300;XIREC;45.0;5
57500;SUBMISSION;;VEV_5300;XIREC;46.0;5
57600;SUBMISSION;;VEV_5300;XIREC;45.0;10
57700;SUBMISSION;;VEV_5300;XIREC;45.0;10
57800;SUBMISSION;;VEV_5300;XIREC;45.0;10
57900;SUBMISSION;;VEV_5300;XIREC;45.0;10
58000;SUBMISSION;;VEV_5300;XIREC;45.0;10
58000;SUBMISSION;;VEV_5400;XIREC;14.0;23
58100;SUBMISSION;;VEV_5300;XIREC;45.0;10
58300;SUBMISSION;;VEV_5300;XIREC;45.0;10
58300;Mark 38;Mark 14;HYDROGEL_PACK;XIREC;9963.0;6
58400;SUBMISSION;;VEV_5300;XIREC;45.0;10
58400;SUBMISSION;;VEV_5400;XIREC;14.0;19
58500;SUBMISSION;;VEV_5300;XIREC;45.0;10
58500;SUBMISSION;;VEV_5400;XIREC;14.0;24
58600;SUBMISSION;;VEV_5300;XIREC;45.0;10
58600;SUBMISSION;;VEV_5400;XIREC;14.0;25
58700;SUBMISSION;;VEV_5300;XIREC;44.0;10
58700;SUBMISSION;;VEV_5400;XIREC;13.0;19
58800;SUBMISSION;;VEV_5300;XIREC;43.0;10
58800;SUBMISSION;;VEV_5400;XIREC;13.0;25
58900;SUBMISSION;;VEV_5300;XIREC;43.0;10
58900;SUBMISSION;;VEV_5400;XIREC;13.0;25
59000;SUBMISSION;;VEV_5300;XIREC;43.0;10
59000;SUBMISSION;;VEV_5400;XIREC;13.0;25
59100;SUBMISSION;;VEV_5300;XIREC;43.0;10
59100;SUBMISSION;;VEV_5400;XIREC;13.0;24
59200;SUBMISSION;;VEV_5300;XIREC;42.0;9
59200;SUBMISSION;;VEV_5300;XIREC;43.0;1
59200;SUBMISSION;;VEV_5400;XIREC;13.0;25
59200;Mark 55;Mark 01;VELVETFRUIT_EXTRACT;XIREC;5244.0;8
59300;SUBMISSION;;VEV_5300;XIREC;43.0;10
59300;SUBMISSION;;VEV_5400;XIREC;13.0;24
59400;SUBMISSION;;VEV_5300;XIREC;43.0;10
59400;SUBMISSION;;VEV_5400;XIREC;13.0;21
59500;SUBMISSION;;VEV_5300;XIREC;43.0;10
59500;SUBMISSION;;VEV_5400;XIREC;13.0;21
59600;SUBMISSION;;VEV_5300;XIREC;42.0;5
59600;SUBMISSION;;VEV_5300;XIREC;43.0;5
59600;SUBMISSION;;VEV_5400;XIREC;13.0;17
59700;SUBMISSION;;VEV_5300;XIREC;42.0;10
59700;SUBMISSION;;VEV_5400;XIREC;13.0;21
59800;SUBMISSION;;VEV_5300;XIREC;43.0;10
59800;SUBMISSION;;VEV_5400;XIREC;13.0;24
59900;SUBMISSION;;VEV_5300;XIREC;43.0;10
59900;SUBMISSION;;VEV_5400;XIREC;13.0;19
60000;SUBMISSION;;VEV_5300;XIREC;43.0;10
60000;SUBMISSION;;VEV_5400;XIREC;13.0;22
60100;SUBMISSION;;VEV_5300;XIREC;43.0;10
60100;SUBMISSION;;VEV_5400;XIREC;13.0;21
60200;SUBMISSION;;VEV_5300;XIREC;43.0;10
60200;SUBMISSION;;VEV_5400;XIREC;13.0;19
60300;SUBMISSION;;VEV_5300;XIREC;43.0;10
60300;SUBMISSION;;VEV_5400;XIREC;13.0;24
60400;SUBMISSION;;VEV_5300;XIREC;43.0;5
60400;SUBMISSION;;VEV_5300;XIREC;44.0;5
60400;SUBMISSION;;VEV_5400;XIREC;13.0;22
60500;SUBMISSION;;VEV_5300;XIREC;43.0;6
60500;SUBMISSION;;VEV_5300;XIREC;44.0;4
60500;SUBMISSION;;VEV_5400;XIREC;13.0;19
60600;SUBMISSION;;VEV_5300;XIREC;44.0;10
60600;SUBMISSION;;VEV_5400;XIREC;13.0;23
60700;SUBMISSION;;VEV_5300;XIREC;44.0;10
60700;SUBMISSION;;VEV_5400;XIREC;13.0;25
60700;Mark 38;Mark 14;HYDROGEL_PACK;XIREC;9973.0;5
60800;SUBMISSION;;VEV_5300;XIREC;44.0;10
60800;SUBMISSION;;VEV_5400;XIREC;13.0;22
60900;SUBMISSION;;VEV_5300;XIREC;44.0;10
60900;SUBMISSION;;VEV_5400;XIREC;13.0;18
61000;SUBMISSION;;VEV_5300;XIREC;44.0;10
61000;SUBMISSION;;VEV_5400;XIREC;13.0;4
61100;SUBMISSION;;VEV_5300;XIREC;45.0;10
61200;SUBMISSION;;VEV_5300;XIREC;45.0;10
61300;SUBMISSION;;VEV_5300;XIREC;45.0;10
61500;SUBMISSION;;VEV_5300;XIREC;45.0;10
61600;SUBMISSION;;VEV_5300;XIREC;45.0;10
61700;SUBMISSION;;VEV_5300;XIREC;45.0;10
61800;SUBMISSION;;VEV_5300;XIREC;45.0;10
62000;SUBMISSION;;VEV_5300;XIREC;45.0;10
62100;SUBMISSION;;VEV_5300;XIREC;45.0;10
62200;SUBMISSION;;VEV_5300;XIREC;45.0;10
62300;SUBMISSION;;VEV_5300;XIREC;45.0;10
62400;SUBMISSION;;VEV_5300;XIREC;45.0;10
62500;SUBMISSION;;VEV_5300;XIREC;45.0;10
62600;SUBMISSION;;VEV_5300;XIREC;45.0;10
62800;SUBMISSION;;VEV_5300;XIREC;45.0;10
62900;SUBMISSION;;VEV_5300;XIREC;45.0;5
62900;SUBMISSION;;VEV_5300;XIREC;46.0;5
63000;SUBMISSION;;VEV_5300;XIREC;45.0;10
63100;SUBMISSION;;VEV_5300;XIREC;45.0;10
63800;Mark 38;Mark 14;VEV_4000;XIREC;1262.0;3
64300;Mark 01;Mark 55;VELVETFRUIT_EXTRACT;XIREC;5249.0;3
67600;Mark 55;Mark 01;VELVETFRUIT_EXTRACT;XIREC;5262.0;4
70000;Mark 01;Mark 55;VELVETFRUIT_EXTRACT;XIREC;5255.0;6
70400;Mark 55;Mark 14;VELVETFRUIT_EXTRACT;XIREC;5260.0;5
70900;Mark 38;Mark 14;HYDROGEL_PACK;XIREC;9994.0;2
71500;Mark 22;Mark 55;VELVETFRUIT_EXTRACT;XIREC;5251.0;4
71800;SUBMISSION;Mark 38;HYDROGEL_PACK;XIREC;9976.0;5
72700;Mark 38;Mark 14;HYDROGEL_PACK;XIREC;9988.0;3
73100;Mark 01;Mark 55;VELVETFRUIT_EXTRACT;XIREC;5256.0;7
73200;Mark 01;Mark 55;VELVETFRUIT_EXTRACT;XIREC;5254.0;5
75200;Mark 01;Mark 22;VEV_5300;XIREC;46.0;4
75200;Mark 01;Mark 22;VEV_5400;XIREC;14.0;4
75200;Mark 01;Mark 22;VEV_5500;XIREC;5.0;4
75200;Mark 01;Mark 22;VEV_6000;XIREC;0.0;4
75200;Mark 01;Mark 22;VEV_6500;XIREC;0.0;4
76700;Mark 55;Mark 01;VELVETFRUIT_EXTRACT;XIREC;5258.0;4
78700;SUBMISSION;Mark 38;HYDROGEL_PACK;XIREC;9940.0;3
79300;Mark 14;Mark 22;VEV_5300;XIREC;47.0;5
79300;Mark 01;Mark 22;VEV_5400;XIREC;14.0;5
79300;Mark 01;Mark 22;VEV_5500;XIREC;5.0;5
79300;Mark 01;Mark 22;VEV_6000;XIREC;0.0;5
79300;Mark 01;Mark 22;VEV_6500;XIREC;0.0;5
80800;Mark 38;Mark 14;VEV_4000;XIREC;1274.0;1
82100;;SUBMISSION;VEV_5300;XIREC;52.0;10
82100;;SUBMISSION;VEV_5400;XIREC;17.0;22
82100;Mark 55;Mark 22;VELVETFRUIT_EXTRACT;XIREC;5270.0;5
82200;;SUBMISSION;VEV_5300;XIREC;53.0;5
82200;;SUBMISSION;VEV_5300;XIREC;52.0;5
82200;;SUBMISSION;VEV_5400;XIREC;17.0;17
82300;;SUBMISSION;VEV_5300;XIREC;53.0;7
82300;;SUBMISSION;VEV_5300;XIREC;52.0;3
82300;;SUBMISSION;VEV_5400;XIREC;17.0;17
82400;;SUBMISSION;VEV_5300;XIREC;53.0;10
82400;;SUBMISSION;VEV_5400;XIREC;17.0;22
82500;;SUBMISSION;VEV_5300;XIREC;52.0;10
82500;;SUBMISSION;VEV_5400;XIREC;17.0;25
82600;;SUBMISSION;VEV_5300;XIREC;52.0;10
82600;;SUBMISSION;VEV_5400;XIREC;17.0;23
82700;;SUBMISSION;VEV_5300;XIREC;52.0;10
82700;;SUBMISSION;VEV_5400;XIREC;17.0;25
83000;Mark 55;Mark 01;VELVETFRUIT_EXTRACT;XIREC;5271.0;6
84100;Mark 55;Mark 01;VELVETFRUIT_EXTRACT;XIREC;5272.0;8
84400;;SUBMISSION;VEV_5300;XIREC;52.0;10
84400;;SUBMISSION;VEV_5400;XIREC;17.0;15
84400;Mark 55;Mark 14;VELVETFRUIT_EXTRACT;XIREC;5273.0;5
84500;;SUBMISSION;VEV_5300;XIREC;53.0;10
84500;;SUBMISSION;VEV_5400;XIREC;17.0;21
84600;;SUBMISSION;VEV_5300;XIREC;53.0;10
84600;;SUBMISSION;VEV_5400;XIREC;17.0;25
84700;;SUBMISSION;VEV_5300;XIREC;54.0;10
84700;;SUBMISSION;VEV_5400;XIREC;18.0;17
84800;;SUBMISSION;VEV_5300;XIREC;53.0;10
84800;;SUBMISSION;VEV_5400;XIREC;17.0;21
84800;Mark 55;Mark 14;VELVETFRUIT_EXTRACT;XIREC;5276.0;5
85500;Mark 38;Mark 14;HYDROGEL_PACK;XIREC;9954.0;2
85500;Mark 55;Mark 01;VELVETFRUIT_EXTRACT;XIREC;5273.0;8
85700;;SUBMISSION;VEV_5300;XIREC;52.0;10
90100;Mark 38;Mark 14;HYDROGEL_PACK;XIREC;9931.0;3
91100;SUBMISSION;;HYDROGEL_PACK;XIREC;9923.0;10
91100;SUBMISSION;;HYDROGEL_PACK;XIREC;9925.0;16
91700;Mark 38;Mark 14;HYDROGEL_PACK;XIREC;9929.0;2
91700;Mark 14;Mark 55;VELVETFRUIT_EXTRACT;XIREC;5264.0;8
92600;Mark 55;Mark 01;VELVETFRUIT_EXTRACT;XIREC;5271.0;4
95100;Mark 01;Mark 55;VELVETFRUIT_EXTRACT;XIREC;5262.0;8
97200;Mark 55;Mark 14;VELVETFRUIT_EXTRACT;XIREC;5265.0;7
97400;Mark 01;Mark 55;VELVETFRUIT_EXTRACT;XIREC;5258.0;5
97600;Mark 14;Mark 38;HYDROGEL_PACK;XIREC;9937.0;2
98600;Mark 14;Mark 38;VEV_4000;XIREC;1255.0;1
101800;Mark 38;Mark 14;HYDROGEL_PACK;XIREC;9984.0;3
102400;Mark 38;Mark 14;HYDROGEL_PACK;XIREC;9984.0;3
102600;Mark 14;Mark 22;VEV_5400;XIREC;16.0;2
102600;Mark 01;Mark 22;VEV_5500;XIREC;6.0;2
102600;Mark 01;Mark 22;VEV_6000;XIREC;0.0;2
102600;Mark 01;Mark 22;VEV_6500;XIREC;0.0;2
103300;Mark 14;Mark 38;VEV_4000;XIREC;1254.0;1
103500;Mark 01;Mark 55;VELVETFRUIT_EXTRACT;XIREC;5263.0;8
103700;Mark 14;Mark 38;VEV_4000;XIREC;1254.0;3
104500;Mark 38;Mark 14;HYDROGEL_PACK;XIREC;9984.0;2
105500;Mark 01;Mark 22;VEV_5300;XIREC;47.0;5
105500;Mark 01;Mark 22;VEV_5500;XIREC;5.0;5
105500;Mark 01;Mark 22;VEV_6000;XIREC;0.0;5
105500;Mark 01;Mark 22;VEV_6500;XIREC;0.0;5
106300;Mark 55;Mark 14;VELVETFRUIT_EXTRACT;XIREC;5262.0;7
108800;Mark 55;Mark 14;VELVETFRUIT_EXTRACT;XIREC;5263.0;3
109100;Mark 14;Mark 38;VEV_4000;XIREC;1254.0;1
109400;Mark 55;Mark 01;VELVETFRUIT_EXTRACT;XIREC;5266.0;6
109600;Mark 38;Mark 14;HYDROGEL_PACK;XIREC;9990.0;6
109800;Mark 55;Mark 14;VELVETFRUIT_EXTRACT;XIREC;5267.0;3
110500;Mark 55;Mark 14;VELVETFRUIT_EXTRACT;XIREC;5262.0;8
111300;Mark 55;Mark 01;VELVETFRUIT_EXTRACT;XIREC;5263.0;7
111900;Mark 14;Mark 38;VEV_4000;XIREC;1252.0;2
112600;Mark 67;Mark 49;VELVETFRUIT_EXTRACT;XIREC;5257.0;10
114500;Mark 38;Mark 14;HYDROGEL_PACK;XIREC;9994.0;5
114700;Mark 38;Mark 14;VEV_4000;XIREC;1269.0;2
116800;Mark 38;Mark 14;VEV_4000;XIREC;1268.0;2
118100;Mark 55;Mark 01;VELVETFRUIT_EXTRACT;XIREC;5260.0;3
119200;SUBMISSION;;VEV_5300;XIREC;45.0;10
119300;SUBMISSION;;VEV_5300;XIREC;45.0;10
119400;SUBMISSION;;VEV_5300;XIREC;45.0;10
119400;SUBMISSION;;VEV_5400;XIREC;14.0;25
119500;SUBMISSION;;VEV_5300;XIREC;45.0;10
119500;SUBMISSION;;VEV_5400;XIREC;14.0;18
121500;;SUBMISSION;HYDROGEL_PACK;XIREC;10006.0;5
121800;;SUBMISSION;HYDROGEL_PACK;XIREC;10000.0;12
122900;Mark 01;Mark 55;VELVETFRUIT_EXTRACT;XIREC;5258.0;8
124900;Mark 38;SUBMISSION;HYDROGEL_PACK;XIREC;10021.0;3
126800;Mark 38;SUBMISSION;HYDROGEL_PACK;XIREC;10014.0;2
129300;Mark 22;Mark 49;VELVETFRUIT_EXTRACT;XIREC;5255.0;8
129300;Mark 67;Mark 49;VELVETFRUIT_EXTRACT;XIREC;5255.0;5
129400;Mark 38;SUBMISSION;HYDROGEL_PACK;XIREC;10008.0;4
129600;Mark 14;Mark 55;VELVETFRUIT_EXTRACT;XIREC;5255.0;6
129700;Mark 01;Mark 22;VEV_5300;XIREC;46.0;4
129700;Mark 01;Mark 22;VEV_5400;XIREC;14.0;4
129700;Mark 01;Mark 22;VEV_5500;XIREC;5.0;4
129700;Mark 01;Mark 22;VEV_6000;XIREC;0.0;4
129700;Mark 01;Mark 22;VEV_6500;XIREC;0.0;4
130100;Mark 55;Mark 14;VELVETFRUIT_EXTRACT;XIREC;5256.0;5
130300;Mark 14;Mark 55;VELVETFRUIT_EXTRACT;XIREC;5252.0;6
133000;Mark 55;Mark 01;VELVETFRUIT_EXTRACT;XIREC;5260.0;7
134300;Mark 67;Mark 49;VELVETFRUIT_EXTRACT;XIREC;5255.0;9
135500;Mark 55;Mark 01;VELVETFRUIT_EXTRACT;XIREC;5259.0;7
137000;Mark 14;Mark 38;HYDROGEL_PACK;XIREC;10007.0;3
137400;;SUBMISSION;HYDROGEL_PACK;XIREC;10013.0;1
137600;;SUBMISSION;HYDROGEL_PACK;XIREC;10015.0;2
137700;;SUBMISSION;HYDROGEL_PACK;XIREC;10013.0;1
138000;;SUBMISSION;HYDROGEL_PACK;XIREC;10014.0;1
138100;;SUBMISSION;HYDROGEL_PACK;XIREC;10014.0;1
138200;;SUBMISSION;HYDROGEL_PACK;XIREC;10016.0;2
138300;;SUBMISSION;HYDROGEL_PACK;XIREC;10014.0;1
138600;;SUBMISSION;HYDROGEL_PACK;XIREC;10013.0;1
138700;;SUBMISSION;HYDROGEL_PACK;XIREC;10013.0;1
138700;Mark 55;Mark 01;VELVETFRUIT_EXTRACT;XIREC;5262.0;3
138800;;SUBMISSION;HYDROGEL_PACK;XIREC;10015.0;2
138900;;SUBMISSION;HYDROGEL_PACK;XIREC;10015.0;2
139000;;SUBMISSION;HYDROGEL_PACK;XIREC;10017.0;3
139100;;SUBMISSION;HYDROGEL_PACK;XIREC;10014.0;1
139200;;SUBMISSION;HYDROGEL_PACK;XIREC;10013.0;1
139300;;SUBMISSION;HYDROGEL_PACK;XIREC;10013.0;1
140400;;SUBMISSION;HYDROGEL_PACK;XIREC;10012.0;1
140500;Mark 55;Mark 22;VELVETFRUIT_EXTRACT;XIREC;5257.0;6
140700;;SUBMISSION;HYDROGEL_PACK;XIREC;10013.0;1
140900;;SUBMISSION;HYDROGEL_PACK;XIREC;10013.0;1
140900;Mark 14;Mark 38;VEV_4000;XIREC;1246.0;1
141000;;SUBMISSION;HYDROGEL_PACK;XIREC;10013.0;1
141100;;SUBMISSION;HYDROGEL_PACK;XIREC;10014.0;2
141200;;SUBMISSION;HYDROGEL_PACK;XIREC;10015.0;2
141300;;SUBMISSION;HYDROGEL_PACK;XIREC;10016.0;3
141400;;SUBMISSION;HYDROGEL_PACK;XIREC;10016.0;3
141500;;SUBMISSION;HYDROGEL_PACK;XIREC;10020.0;5
141600;;SUBMISSION;HYDROGEL_PACK;XIREC;10020.0;5
141700;;SUBMISSION;HYDROGEL_PACK;XIREC;10021.0;5
141800;;SUBMISSION;HYDROGEL_PACK;XIREC;10017.0;3
141900;;SUBMISSION;HYDROGEL_PACK;XIREC;10015.0;2
142000;;SUBMISSION;HYDROGEL_PACK;XIREC;10014.0;2
142300;Mark 55;Mark 14;VELVETFRUIT_EXTRACT;XIREC;5259.0;6
142400;;SUBMISSION;HYDROGEL_PACK;XIREC;10013.0;1
142500;;SUBMISSION;HYDROGEL_PACK;XIREC;10013.0;2
143100;Mark 55;Mark 01;VELVETFRUIT_EXTRACT;XIREC;5261.0;7
143800;SUBMISSION;Mark 38;HYDROGEL_PACK;XIREC;9997.0;5
144300;Mark 55;Mark 01;VELVETFRUIT_EXTRACT;XIREC;5266.0;6
144400;Mark 14;Mark 38;VEV_4000;XIREC;1253.0;1
145100;Mark 38;SUBMISSION;HYDROGEL_PACK;XIREC;10011.0;5
145400;SUBMISSION;Mark 38;HYDROGEL_PACK;XIREC;9996.0;2
145800;Mark 14;Mark 38;VEV_4000;XIREC;1257.0;1
147200;Mark 01;Mark 55;VELVETFRUIT_EXTRACT;XIREC;5259.0;8
148100;;SUBMISSION;HYDROGEL_PACK;XIREC;10010.0;1
148700;;SUBMISSION;HYDROGEL_PACK;XIREC;10011.0;1
148800;;SUBMISSION;HYDROGEL_PACK;XIREC;10012.0;2
148900;;SUBMISSION;HYDROGEL_PACK;XIREC;10012.0;2
149000;;SUBMISSION;HYDROGEL_PACK;XIREC;10012.0;2
149200;;SUBMISSION;HYDROGEL_PACK;XIREC;10013.0;3
149300;;SUBMISSION;HYDROGEL_PACK;XIREC;10012.0;2
149700;;SUBMISSION;HYDROGEL_PACK;XIREC;10010.0;1
149900;Mark 14;Mark 38;HYDROGEL_PACK;XIREC;10007.0;3
150200;;SUBMISSION;HYDROGEL_PACK;XIREC;10010.0;1
150300;;SUBMISSION;HYDROGEL_PACK;XIREC;10013.0;3
150400;;SUBMISSION;HYDROGEL_PACK;XIREC;10016.0;5
150400;Mark 38;Mark 14;VEV_4000;XIREC;1278.0;1
150500;;SUBMISSION;HYDROGEL_PACK;XIREC;10012.0;2
150600;;SUBMISSION;HYDROGEL_PACK;XIREC;10012.0;2
150600;Mark 38;SUBMISSION;HYDROGEL_PACK;XIREC;10027.0;4
150700;;SUBMISSION;HYDROGEL_PACK;XIREC;10011.0;2
150800;;SUBMISSION;HYDROGEL_PACK;XIREC;10010.0;1
150900;;SUBMISSION;HYDROGEL_PACK;XIREC;10014.0;3
151000;;SUBMISSION;HYDROGEL_PACK;XIREC;10016.0;5
151100;;SUBMISSION;HYDROGEL_PACK;XIREC;10014.0;3
151100;;SUBMISSION;VEV_5300;XIREC;52.0;10
151200;;SUBMISSION;HYDROGEL_PACK;XIREC;10011.0;2
151200;;SUBMISSION;VEV_5300;XIREC;53.0;10
151300;;SUBMISSION;HYDROGEL_PACK;XIREC;10012.0;2
151300;;SUBMISSION;VEV_5300;XIREC;52.0;10
151400;;SUBMISSION;HYDROGEL_PACK;XIREC;10014.0;3
151400;Mark 14;Mark 38;HYDROGEL_PACK;XIREC;10014.0;3
151500;;SUBMISSION;HYDROGEL_PACK;XIREC;10014.0;3
151600;;SUBMISSION;HYDROGEL_PACK;XIREC;10014.0;3
151600;;SUBMISSION;VEV_5300;XIREC;53.0;10
151600;Mark 14;Mark 38;HYDROGEL_PACK;XIREC;10014.0;6
151700;;SUBMISSION;HYDROGEL_PACK;XIREC;10011.0;2
151700;;SUBMISSION;VEV_5300;XIREC;52.0;10
151800;;SUBMISSION;HYDROGEL_PACK;XIREC;10011.0;2
151800;;SUBMISSION;VEV_5300;XIREC;52.0;10
151900;;SUBMISSION;HYDROGEL_PACK;XIREC;10015.0;4
151900;;SUBMISSION;VEV_5300;XIREC;53.0;10
152000;;SUBMISSION;HYDROGEL_PACK;XIREC;10013.0;3
152000;;SUBMISSION;VEV_5300;XIREC;52.0;10
152100;;SUBMISSION;HYDROGEL_PACK;XIREC;10010.0;1
152100;;SUBMISSION;VEV_5300;XIREC;52.0;10
152200;;SUBMISSION;VEV_5300;XIREC;53.0;10
152300;;SUBMISSION;VEV_5300;XIREC;53.0;10
152400;;SUBMISSION;VEV_5300;XIREC;53.0;10
152500;;SUBMISSION;VEV_5300;XIREC;53.0;10
152600;;SUBMISSION;VEV_5300;XIREC;53.0;10
152700;;SUBMISSION;VEV_5300;XIREC;53.0;10
152800;;SUBMISSION;VEV_5300;XIREC;53.0;10
152900;;SUBMISSION;VEV_5300;XIREC;53.0;10
153000;;SUBMISSION;VEV_5300;XIREC;53.0;10
153100;;SUBMISSION;VEV_5300;XIREC;53.0;10
153100;Mark 38;Mark 14;VEV_4000;XIREC;1284.0;3
153200;;SUBMISSION;VEV_5300;XIREC;53.0;10
153200;Mark 14;Mark 38;HYDROGEL_PACK;XIREC;10008.0;5
153300;;SUBMISSION;VEV_5300;XIREC;52.0;10
153600;;SUBMISSION;VEV_5300;XIREC;53.0;9
153600;;SUBMISSION;VEV_5300;XIREC;52.0;1
154300;;SUBMISSION;VEV_5300;XIREC;52.0;10
154300;Mark 55;Mark 01;VELVETFRUIT_EXTRACT;XIREC;5275.0;6
154600;;SUBMISSION;VEV_5300;XIREC;52.0;10
154700;;SUBMISSION;VEV_5300;XIREC;53.0;10
154800;;SUBMISSION;VEV_5300;XIREC;53.0;10
154900;;SUBMISSION;VEV_5300;XIREC;53.0;10
155000;;SUBMISSION;VEV_5300;XIREC;53.0;10
155100;;SUBMISSION;VEV_5300;XIREC;53.0;10
155100;Mark 55;Mark 01;VELVETFRUIT_EXTRACT;XIREC;5277.0;8
155200;;SUBMISSION;VEV_5300;XIREC;54.0;10
155300;;SUBMISSION;VEV_5300;XIREC;54.0;8
155300;;SUBMISSION;VEV_5300;XIREC;53.0;2
155300;Mark 55;Mark 14;VELVETFRUIT_EXTRACT;XIREC;5277.0;3
155400;;SUBMISSION;VEV_5300;XIREC;54.0;10
155500;;SUBMISSION;VEV_5300;XIREC;53.0;10
155600;;SUBMISSION;VEV_5300;XIREC;53.0;10
155700;;SUBMISSION;VEV_5300;XIREC;53.0;10
155700;Mark 55;Mark 14;VELVETFRUIT_EXTRACT;XIREC;5277.0;4
155800;;SUBMISSION;VEV_5300;XIREC;54.0;10
155800;Mark 14;Mark 55;VELVETFRUIT_EXTRACT;XIREC;5274.0;7
155900;;SUBMISSION;VEV_5300;XIREC;53.0;10
155900;Mark 38;Mark 14;VEV_4000;XIREC;1285.0;2
156000;;SUBMISSION;VEV_5300;XIREC;54.0;10
156100;;SUBMISSION;VEV_5300;XIREC;53.0;10
156200;;SUBMISSION;HYDROGEL_PACK;XIREC;10013.0;4
156200;;SUBMISSION;VEV_5300;XIREC;54.0;10
156200;Mark 67;Mark 49;VELVETFRUIT_EXTRACT;XIREC;5275.0;14
156300;;SUBMISSION;HYDROGEL_PACK;XIREC;10013.0;4
156300;;SUBMISSION;VEV_5300;XIREC;54.0;10
156300;;SUBMISSION;VEV_5400;XIREC;17.0;23
156400;;SUBMISSION;HYDROGEL_PACK;XIREC;10014.0;4
156400;;SUBMISSION;VEV_5300;XIREC;54.0;10
156500;;SUBMISSION;HYDROGEL_PACK;XIREC;10012.0;3
156500;;SUBMISSION;VEV_5300;XIREC;54.0;10
156500;;SUBMISSION;VEV_5400;XIREC;17.0;25
156600;;SUBMISSION;HYDROGEL_PACK;XIREC;10013.0;4
156600;;SUBMISSION;VEV_5300;XIREC;54.0;10
156600;;SUBMISSION;VEV_5400;XIREC;17.0;22
156700;;SUBMISSION;HYDROGEL_PACK;XIREC;10012.0;3
156700;;SUBMISSION;VEV_5300;XIREC;54.0;10
156800;;SUBMISSION;HYDROGEL_PACK;XIREC;10011.0;2
156800;;SUBMISSION;VEV_5300;XIREC;53.0;10
156900;;SUBMISSION;HYDROGEL_PACK;XIREC;10009.0;1
156900;;SUBMISSION;VEV_5300;XIREC;53.0;10
157000;;SUBMISSION;HYDROGEL_PACK;XIREC;10008.0;1
157000;Mark 38;SUBMISSION;HYDROGEL_PACK;XIREC;10023.0;4
157400;Mark 67;Mark 49;VELVETFRUIT_EXTRACT;XIREC;5272.0;13
157800;;SUBMISSION;VEV_5400;XIREC;17.0;16
158600;;SUBMISSION;HYDROGEL_PACK;XIREC;10008.0;5
158700;;SUBMISSION;HYDROGEL_PACK;XIREC;10011.0;3
158800;;SUBMISSION;HYDROGEL_PACK;XIREC;10009.0;1
158900;;SUBMISSION;HYDROGEL_PACK;XIREC;10009.0;2
159000;;SUBMISSION;HYDROGEL_PACK;XIREC;10009.0;1
159100;;SUBMISSION;HYDROGEL_PACK;XIREC;10010.0;2
159200;;SUBMISSION;HYDROGEL_PACK;XIREC;10010.0;2
159300;;SUBMISSION;HYDROGEL_PACK;XIREC;10012.0;3
159400;;SUBMISSION;HYDROGEL_PACK;XIREC;10012.0;3
159500;;SUBMISSION;HYDROGEL_PACK;XIREC;10011.0;3
159600;;SUBMISSION;HYDROGEL_PACK;XIREC;10010.0;2
159700;;SUBMISSION;HYDROGEL_PACK;XIREC;10012.0;3
159800;;SUBMISSION;HYDROGEL_PACK;XIREC;10015.0;5
159900;;SUBMISSION;HYDROGEL_PACK;XIREC;10015.0;5
160000;;SUBMISSION;HYDROGEL_PACK;XIREC;10019.0;8
160100;;SUBMISSION;HYDROGEL_PACK;XIREC;10016.0;6
160200;;SUBMISSION;HYDROGEL_PACK;XIREC;10019.0;8
160300;;SUBMISSION;HYDROGEL_PACK;XIREC;10016.0;6
160400;;SUBMISSION;HYDROGEL_PACK;XIREC;10021.0;9
160500;;SUBMISSION;HYDROGEL_PACK;XIREC;10022.0;10
160600;;SUBMISSION;HYDROGEL_PACK;XIREC;10020.0;8
160700;;SUBMISSION;HYDROGEL_PACK;XIREC;10017.0;6
160800;;SUBMISSION;HYDROGEL_PACK;XIREC;10017.0;6
160900;;SUBMISSION;HYDROGEL_PACK;XIREC;10018.0;7
161000;;SUBMISSION;HYDROGEL_PACK;XIREC;10014.0;5
161100;;SUBMISSION;HYDROGEL_PACK;XIREC;10012.0;3
161100;Mark 38;SUBMISSION;HYDROGEL_PACK;XIREC;10027.0;4
161300;;SUBMISSION;HYDROGEL_PACK;XIREC;10012.0;2
161600;;SUBMISSION;HYDROGEL_PACK;XIREC;10013.0;3
163000;;SUBMISSION;HYDROGEL_PACK;XIREC;10014.0;3
163100;;SUBMISSION;HYDROGEL_PACK;XIREC;10015.0;2
163300;;SUBMISSION;HYDROGEL_PACK;XIREC;10016.0;3
163300;;SUBMISSION;VEV_5400;XIREC;17.0;25
163400;;SUBMISSION;VEV_5400;XIREC;17.0;25
163500;;SUBMISSION;VEV_5400;XIREC;17.0;25
163600;;SUBMISSION;VEV_5400;XIREC;17.0;23
163700;;SUBMISSION;VEV_5400;XIREC;17.0;20
163800;;SUBMISSION;VEV_5400;XIREC;17.0;20
163900;;SUBMISSION;HYDROGEL_PACK;XIREC;10017.0;2
163900;;SUBMISSION;VEV_5400;XIREC;18.0;5
163900;;SUBMISSION;VEV_5400;XIREC;17.0;15
164000;;SUBMISSION;HYDROGEL_PACK;XIREC;10019.0;5
164000;;SUBMISSION;VEV_5400;XIREC;18.0;25
164100;;SUBMISSION;VEV_5400;XIREC;18.0;21
164100;Mark 55;Mark 14;VELVETFRUIT_EXTRACT;XIREC;5282.0;5
164200;;SUBMISSION;HYDROGEL_PACK;XIREC;10020.0;3
164200;;SUBMISSION;VEV_5400;XIREC;18.0;25
164200;Mark 14;Mark 55;VELVETFRUIT_EXTRACT;XIREC;5278.0;7
164300;;SUBMISSION;VEV_5400;XIREC;18.0;22
164400;;SUBMISSION;VEV_5400;XIREC;18.0;18
164500;;SUBMISSION;HYDROGEL_PACK;XIREC;10023.0;7
164500;;SUBMISSION;VEV_5400;XIREC;18.0;17
164600;;SUBMISSION;VEV_5400;XIREC;18.0;19
164600;Mark 14;Mark 38;HYDROGEL_PACK;XIREC;10023.0;6
164700;;SUBMISSION;VEV_5400;XIREC;18.0;2
165500;;SUBMISSION;HYDROGEL_PACK;XIREC;10029.0;3
165700;Mark 67;Mark 22;VELVETFRUIT_EXTRACT;XIREC;5273.0;10
166700;Mark 38;Mark 14;VEV_4000;XIREC;1283.0;3
168400;;SUBMISSION;HYDROGEL_PACK;XIREC;10011.0;2
168500;;SUBMISSION;HYDROGEL_PACK;XIREC;10012.0;3
169000;Mark 38;SUBMISSION;HYDROGEL_PACK;XIREC;10027.0;2
169000;Mark 01;Mark 22;VEV_5300;XIREC;52.0;3
169000;Mark 01;Mark 22;VEV_5400;XIREC;16.0;3
169000;Mark 01;Mark 22;VEV_5500;XIREC;6.0;3
169000;Mark 01;Mark 22;VEV_6000;XIREC;0.0;3
169000;Mark 01;Mark 22;VEV_6500;XIREC;0.0;3
169200;Mark 38;SUBMISSION;HYDROGEL_PACK;XIREC;10024.0;5
169200;Mark 14;Mark 38;VEV_4000;XIREC;1261.0;3
169900;Mark 14;Mark 55;VELVETFRUIT_EXTRACT;XIREC;5267.0;3
170100;Mark 38;SUBMISSION;HYDROGEL_PACK;XIREC;10019.0;4
170500;Mark 55;Mark 14;VELVETFRUIT_EXTRACT;XIREC;5272.0;7
171500;Mark 14;Mark 55;VELVETFRUIT_EXTRACT;XIREC;5271.0;7
171800;Mark 01;Mark 22;VEV_5400;XIREC;17.0;5
171800;Mark 01;Mark 22;VEV_5500;XIREC;7.0;5
171800;Mark 01;Mark 22;VEV_6000;XIREC;0.0;5
171800;Mark 01;Mark 22;VEV_6500;XIREC;0.0;5
172600;Mark 55;Mark 01;VELVETFRUIT_EXTRACT;XIREC;5276.0;8
174000;Mark 55;Mark 14;VELVETFRUIT_EXTRACT;XIREC;5278.0;6
175000;Mark 55;Mark 01;VELVETFRUIT_EXTRACT;XIREC;5279.0;4
177100;Mark 14;Mark 38;HYDROGEL_PACK;XIREC;10011.0;3
178100;Mark 14;Mark 38;HYDROGEL_PACK;XIREC;10007.0;3
178200;Mark 01;Mark 55;VELVETFRUIT_EXTRACT;XIREC;5272.0;3
179100;Mark 55;Mark 01;VELVETFRUIT_EXTRACT;XIREC;5275.0;8
181600;SUBMISSION;Mark 38;HYDROGEL_PACK;XIREC;9997.0;5
185500;Mark 55;Mark 14;VELVETFRUIT_EXTRACT;XIREC;5262.0;5
188200;Mark 01;Mark 55;VELVETFRUIT_EXTRACT;XIREC;5255.0;3
188500;SUBMISSION;;HYDROGEL_PACK;XIREC;9999.0;1
188600;SUBMISSION;;HYDROGEL_PACK;XIREC;9994.0;5
188700;SUBMISSION;;HYDROGEL_PACK;XIREC;9992.0;7
188800;SUBMISSION;;HYDROGEL_PACK;XIREC;9990.0;8
188900;SUBMISSION;;HYDROGEL_PACK;XIREC;9988.0;10
189000;SUBMISSION;;HYDROGEL_PACK;XIREC;9990.0;8
189100;SUBMISSION;;HYDROGEL_PACK;XIREC;9989.0;9
189100;Mark 01;Mark 22;VEV_5300;XIREC;47.0;4
189100;Mark 01;Mark 22;VEV_5400;XIREC;14.0;4
189100;Mark 01;Mark 22;VEV_5500;XIREC;6.0;4
189100;Mark 01;Mark 22;VEV_6000;XIREC;0.0;4
189100;Mark 01;Mark 22;VEV_6500;XIREC;0.0;4
189200;SUBMISSION;;HYDROGEL_PACK;XIREC;9991.0;7
189300;SUBMISSION;;HYDROGEL_PACK;XIREC;9991.0;7
189400;SUBMISSION;;HYDROGEL_PACK;XIREC;9990.0;8
189500;SUBMISSION;;HYDROGEL_PACK;XIREC;9988.0;10
189600;SUBMISSION;;HYDROGEL_PACK;XIREC;9987.0;11
189700;SUBMISSION;;HYDROGEL_PACK;XIREC;9976.0;5
189700;SUBMISSION;;HYDROGEL_PACK;XIREC;9984.0;11
189700;Mark 01;Mark 55;VELVETFRUIT_EXTRACT;XIREC;5257.0;6
189800;SUBMISSION;;HYDROGEL_PACK;XIREC;9984.0;13
189900;SUBMISSION;;HYDROGEL_PACK;XIREC;9984.0;11
189900;SUBMISSION;;HYDROGEL_PACK;XIREC;9986.0;2
190000;SUBMISSION;;HYDROGEL_PACK;XIREC;9982.0;10
190000;SUBMISSION;;HYDROGEL_PACK;XIREC;9984.0;4
190100;SUBMISSION;;HYDROGEL_PACK;XIREC;9981.0;11
190100;SUBMISSION;;HYDROGEL_PACK;XIREC;9984.0;3
190200;SUBMISSION;;HYDROGEL_PACK;XIREC;9982.0;10
190200;SUBMISSION;;HYDROGEL_PACK;XIREC;9984.0;4
190300;SUBMISSION;;HYDROGEL_PACK;XIREC;9979.0;10
190300;SUBMISSION;;HYDROGEL_PACK;XIREC;9982.0;6
190400;SUBMISSION;;HYDROGEL_PACK;XIREC;9980.0;14
190400;SUBMISSION;;HYDROGEL_PACK;XIREC;9982.0;1
190500;SUBMISSION;;HYDROGEL_PACK;XIREC;9984.0;12
190600;SUBMISSION;;HYDROGEL_PACK;XIREC;9982.0;13
190700;SUBMISSION;;HYDROGEL_PACK;XIREC;9982.0;13
190800;SUBMISSION;;HYDROGEL_PACK;XIREC;9982.0;10
190800;SUBMISSION;;HYDROGEL_PACK;XIREC;9984.0;3
190900;SUBMISSION;;HYDROGEL_PACK;XIREC;9981.0;14
190900;Mark 38;Mark 14;VEV_4000;XIREC;1270.0;1
191000;SUBMISSION;;HYDROGEL_PACK;XIREC;9984.0;11
191100;SUBMISSION;;HYDROGEL_PACK;XIREC;9987.0;7
191700;SUBMISSION;;HYDROGEL_PACK;XIREC;9986.0;3
192700;Mark 14;Mark 38;VEV_4000;XIREC;1253.0;2
193400;Mark 38;Mark 14;HYDROGEL_PACK;XIREC;9993.0;4
194700;Mark 67;Mark 22;VELVETFRUIT_EXTRACT;XIREC;5262.0;10
194900;Mark 01;Mark 55;VELVETFRUIT_EXTRACT;XIREC;5257.0;6
195200;Mark 38;Mark 14;VEV_4000;XIREC;1270.0;2
195500;Mark 55;Mark 14;VELVETFRUIT_EXTRACT;XIREC;5264.0;6
195600;SUBMISSION;Mark 38;HYDROGEL_PACK;XIREC;9973.0;5
196400;SUBMISSION;;HYDROGEL_PACK;XIREC;9983.0;1
196700;Mark 14;Mark 55;VELVETFRUIT_EXTRACT;XIREC;5261.0;6
196800;Mark 14;Mark 38;VEV_4000;XIREC;1253.0;2
198600;SUBMISSION;;HYDROGEL_PACK;XIREC;9977.0;4
199200;SUBMISSION;;HYDROGEL_PACK;XIREC;9980.0;2
199400;Mark 67;Mark 49;VELVETFRUIT_EXTRACT;XIREC;5262.0;8
199700;SUBMISSION;;HYDROGEL_PACK;XIREC;9978.0;3
199800;SUBMISSION;;HYDROGEL_PACK;XIREC;9977.0;3
200400;Mark 14;Mark 38;VEV_4000;XIREC;1252.0;1
201300;Mark 22;Mark 55;VELVETFRUIT_EXTRACT;XIREC;5259.0;6
201500;Mark 14;Mark 38;VEV_4000;XIREC;1248.0;1
202300;Mark 14;Mark 38;VEV_4000;XIREC;1249.0;1
203500;Mark 55;Mark 01;VELVETFRUIT_EXTRACT;XIREC;5263.0;4
204400;Mark 01;Mark 22;VEV_5300;XIREC;47.0;5
204400;Mark 01;Mark 22;VEV_5400;XIREC;14.0;5
204400;Mark 01;Mark 22;VEV_5500;XIREC;6.0;5
204400;Mark 01;Mark 22;VEV_6000;XIREC;0.0;5
204400;Mark 01;Mark 22;VEV_6500;XIREC;0.0;5
205000;Mark 49;Mark 22;VELVETFRUIT_EXTRACT;XIREC;5263.0;5
206000;Mark 55;Mark 01;VELVETFRUIT_EXTRACT;XIREC;5268.0;6
206200;Mark 38;Mark 14;HYDROGEL_PACK;XIREC;9992.0;3
206600;SUBMISSION;Mark 38;HYDROGEL_PACK;XIREC;9977.0;3
206700;SUBMISSION;Mark 38;HYDROGEL_PACK;XIREC;9982.0;5
207000;Mark 67;Mark 49;VELVETFRUIT_EXTRACT;XIREC;5268.0;15
209400;Mark 01;Mark 55;VELVETFRUIT_EXTRACT;XIREC;5265.0;4
211400;Mark 01;Mark 55;VELVETFRUIT_EXTRACT;XIREC;5264.0;7
212100;Mark 55;Mark 01;VELVETFRUIT_EXTRACT;XIREC;5271.0;4
212100;Mark 14;Mark 38;VEV_4000;XIREC;1257.0;2
212200;Mark 55;Mark 22;VELVETFRUIT_EXTRACT;XIREC;5267.0;5
212900;Mark 14;Mark 55;VELVETFRUIT_EXTRACT;XIREC;5266.0;5
217200;Mark 14;Mark 55;VELVETFRUIT_EXTRACT;XIREC;5262.0;4
217800;Mark 01;Mark 55;VELVETFRUIT_EXTRACT;XIREC;5260.0;6
219200;SUBMISSION;Mark 38;HYDROGEL_PACK;XIREC;9955.0;4
220600;Mark 14;Mark 55;VELVETFRUIT_EXTRACT;XIREC;5260.0;4
220800;Mark 55;Mark 14;VELVETFRUIT_EXTRACT;XIREC;5265.0;6
221200;Mark 38;Mark 14;HYDROGEL_PACK;XIREC;9963.0;6
224300;Mark 38;Mark 14;HYDROGEL_PACK;XIREC;9942.0;4
225500;Mark 14;Mark 22;VEV_5300;XIREC;50.0;5
225500;Mark 01;Mark 22;VEV_5400;XIREC;16.0;5
225500;Mark 01;Mark 22;VEV_5500;XIREC;6.0;5
225500;Mark 01;Mark 22;VEV_6000;XIREC;0.0;5
225500;Mark 01;Mark 22;VEV_6500;XIREC;0.0;5
226200;SUBMISSION;;HYDROGEL_PACK;XIREC;9927.0;11
226200;SUBMISSION;;HYDROGEL_PACK;XIREC;9930.0;21
229400;Mark 14;Mark 55;VELVETFRUIT_EXTRACT;XIREC;5260.0;7
231600;Mark 14;Mark 55;VELVETFRUIT_EXTRACT;XIREC;5262.0;5
231900;Mark 38;Mark 14;VEV_4000;XIREC;1275.0;2
232000;Mark 55;Mark 01;VELVETFRUIT_EXTRACT;XIREC;5267.0;8
233000;Mark 38;Mark 14;HYDROGEL_PACK;XIREC;9927.0;3
235700;Mark 14;Mark 38;HYDROGEL_PACK;XIREC;9906.0;6
237400;Mark 55;Mark 01;VELVETFRUIT_EXTRACT;XIREC;5273.0;6
237600;Mark 67;Mark 49;VELVETFRUIT_EXTRACT;XIREC;5271.0;8
237700;Mark 55;Mark 14;VELVETFRUIT_EXTRACT;XIREC;5273.0;8
238900;Mark 14;Mark 38;HYDROGEL_PACK;XIREC;9910.0;4
239300;Mark 14;Mark 38;HYDROGEL_PACK;XIREC;9909.0;2
239400;Mark 14;Mark 38;HYDROGEL_PACK;XIREC;9910.0;4
239400;Mark 01;Mark 22;VEV_5400;XIREC;15.0;2
239400;Mark 01;Mark 22;VEV_5500;XIREC;6.0;2
239400;Mark 01;Mark 22;VEV_6000;XIREC;0.0;2
239400;Mark 01;Mark 22;VEV_6500;XIREC;0.0;2
239800;Mark 38;Mark 14;HYDROGEL_PACK;XIREC;9925.0;5
242100;Mark 55;Mark 14;VELVETFRUIT_EXTRACT;XIREC;5276.0;8
243500;Mark 55;Mark 14;VELVETFRUIT_EXTRACT;XIREC;5274.0;4
243800;Mark 14;Mark 38;HYDROGEL_PACK;XIREC;9919.0;4
244900;Mark 55;Mark 14;VELVETFRUIT_EXTRACT;XIREC;5276.0;4
249400;Mark 38;Mark 14;VEV_4000;XIREC;1286.0;3
249800;Mark 14;Mark 38;VEV_4000;XIREC;1267.0;2
253000;Mark 01;Mark 22;VEV_5400;XIREC;16.0;3
253000;Mark 01;Mark 22;VEV_5500;XIREC;6.0;3
253000;Mark 01;Mark 22;VEV_6000;XIREC;0.0;3
253000;Mark 01;Mark 22;VEV_6500;XIREC;0.0;3
254300;Mark 38;Mark 14;HYDROGEL_PACK;XIREC;9951.0;2
256200;Mark 14;Mark 38;HYDROGEL_PACK;XIREC;9927.0;5
258000;Mark 67;Mark 49;VELVETFRUIT_EXTRACT;XIREC;5271.0;15
258900;Mark 38;Mark 14;HYDROGEL_PACK;XIREC;9928.0;2
259500;Mark 01;Mark 55;VELVETFRUIT_EXTRACT;XIREC;5273.0;4
263900;Mark 14;Mark 55;VELVETFRUIT_EXTRACT;XIREC;5281.0;4
264200;Mark 38;Mark 14;HYDROGEL_PACK;XIREC;9927.0;6
264700;Mark 14;Mark 38;HYDROGEL_PACK;XIREC;9907.0;2
265100;;SUBMISSION;VEV_5500;XIREC;8.0;20
265100;Mark 01;Mark 55;VELVETFRUIT_EXTRACT;XIREC;5285.0;6
265200;;SUBMISSION;VEV_5500;XIREC;8.0;19
265200;Mark 14;Mark 38;HYDROGEL_PACK;XIREC;9909.0;5
265300;;SUBMISSION;VEV_5500;XIREC;8.0;25
265400;;SUBMISSION;VEV_5500;XIREC;8.0;25
265500;;SUBMISSION;VEV_5500;XIREC;8.0;25
265500;Mark 14;Mark 55;VELVETFRUIT_EXTRACT;XIREC;5285.0;6
265800;;SUBMISSION;VEV_5500;XIREC;8.0;21
265900;;SUBMISSION;VEV_5500;XIREC;8.0;21
266000;;SUBMISSION;VEV_5500;XIREC;8.0;24
266100;;SUBMISSION;VEV_5500;XIREC;8.0;22
266200;;SUBMISSION;VEV_5500;XIREC;8.0;25
266300;;SUBMISSION;VEV_5500;XIREC;8.0;18
266400;;SUBMISSION;VEV_5500;XIREC;9.0;22
266500;;SUBMISSION;VEV_5500;XIREC;8.0;23
266600;;SUBMISSION;VEV_5500;XIREC;8.0;10
266800;Mark 14;Mark 38;VEV_4000;XIREC;1275.0;1
267000;Mark 55;Mark 14;VELVETFRUIT_EXTRACT;XIREC;5289.0;6
267400;Mark 14;Mark 55;VELVETFRUIT_EXTRACT;XIREC;5283.0;4
267900;Mark 38;Mark 22;HYDROGEL_PACK;XIREC;9926.0;6
268200;Mark 14;Mark 55;VELVETFRUIT_EXTRACT;XIREC;5280.0;7
268600;Mark 01;Mark 55;VELVETFRUIT_EXTRACT;XIREC;5281.0;5
268900;Mark 01;Mark 22;VEV_5400;XIREC;19.0;4
268900;Mark 01;Mark 22;VEV_5500;XIREC;8.0;4
268900;Mark 01;Mark 22;VEV_6000;XIREC;0.0;4
268900;Mark 01;Mark 22;VEV_6500;XIREC;0.0;4
269700;Mark 38;Mark 14;VEV_4000;XIREC;1288.0;1
270500;Mark 38;Mark 14;VEV_4000;XIREC;1291.0;1
271100;Mark 14;Mark 55;VELVETFRUIT_EXTRACT;XIREC;5276.0;3
272000;Mark 01;Mark 22;VEV_5500;XIREC;8.0;3
272000;Mark 01;Mark 22;VEV_6000;XIREC;0.0;3
272000;Mark 01;Mark 22;VEV_6500;XIREC;0.0;3
272700;Mark 01;Mark 55;VELVETFRUIT_EXTRACT;XIREC;5277.0;3
272900;Mark 38;Mark 14;HYDROGEL_PACK;XIREC;9924.0;5
272900;Mark 38;Mark 14;VEV_4000;XIREC;1290.0;3
273400;Mark 38;Mark 14;HYDROGEL_PACK;XIREC;9922.0;3
273500;Mark 38;Mark 14;HYDROGEL_PACK;XIREC;9921.0;6
274100;Mark 22;Mark 55;VELVETFRUIT_EXTRACT;XIREC;5279.0;6
274300;Mark 55;Mark 14;VELVETFRUIT_EXTRACT;XIREC;5280.0;8
274400;Mark 14;Mark 38;HYDROGEL_PACK;XIREC;9907.0;3
274600;Mark 14;Mark 55;VELVETFRUIT_EXTRACT;XIREC;5274.0;3
275200;Mark 01;Mark 22;VEV_5400;XIREC;18.0;5
275200;Mark 01;Mark 22;VEV_5500;XIREC;7.0;5
275200;Mark 01;Mark 22;VEV_6000;XIREC;0.0;5
275200;Mark 01;Mark 22;VEV_6500;XIREC;0.0;5
275800;Mark 38;Mark 14;HYDROGEL_PACK;XIREC;9912.0;6
277000;Mark 38;Mark 14;HYDROGEL_PACK;XIREC;9911.0;6
277300;Mark 38;Mark 14;HYDROGEL_PACK;XIREC;9910.0;3
277900;Mark 14;Mark 38;VEV_4000;XIREC;1259.0;3
278700;Mark 55;Mark 01;VELVETFRUIT_EXTRACT;XIREC;5274.0;6
278800;Mark 14;Mark 38;HYDROGEL_PACK;XIREC;9890.0;2
278800;Mark 55;Mark 14;VELVETFRUIT_EXTRACT;XIREC;5276.0;4
279900;Mark 14;Mark 38;HYDROGEL_PACK;XIREC;9890.0;6
280700;Mark 14;Mark 55;VELVETFRUIT_EXTRACT;XIREC;5268.0;6
281100;Mark 38;Mark 14;VEV_4000;XIREC;1278.0;1
282200;Mark 14;Mark 38;HYDROGEL_PACK;XIREC;9891.0;4
282600;Mark 49;Mark 22;VELVETFRUIT_EXTRACT;XIREC;5269.0;10
282600;Mark 55;Mark 01;VELVETFRUIT_EXTRACT;XIREC;5272.0;6
283300;Mark 14;Mark 55;VELVETFRUIT_EXTRACT;XIREC;5270.0;5
283700;Mark 38;Mark 14;HYDROGEL_PACK;XIREC;9922.0;5
284300;Mark 38;Mark 14;HYDROGEL_PACK;XIREC;9923.0;6
285600;Mark 55;Mark 01;VELVETFRUIT_EXTRACT;XIREC;5278.0;4
285800;Mark 67;Mark 22;VELVETFRUIT_EXTRACT;XIREC;5276.0;6
286100;Mark 22;Mark 55;VELVETFRUIT_EXTRACT;XIREC;5278.0;5
286900;Mark 14;Mark 38;VEV_4000;XIREC;1266.0;3
287100;Mark 01;Mark 22;VEV_5400;XIREC;18.0;2
287100;Mark 01;Mark 22;VEV_5500;XIREC;7.0;2
287100;Mark 01;Mark 22;VEV_6000;XIREC;0.0;2
287100;Mark 01;Mark 22;VEV_6500;XIREC;0.0;2
287600;Mark 01;Mark 22;VEV_5400;XIREC;18.0;2
287600;Mark 01;Mark 22;VEV_5500;XIREC;7.0;2
287600;Mark 01;Mark 22;VEV_6000;XIREC;0.0;2
287600;Mark 01;Mark 22;VEV_6500;XIREC;0.0;2
288000;Mark 38;Mark 14;HYDROGEL_PACK;XIREC;9936.0;5
288000;Mark 01;Mark 55;VELVETFRUIT_EXTRACT;XIREC;5274.0;8
289300;Mark 14;Mark 22;VEV_5300;XIREC;52.0;2
289300;Mark 01;Mark 22;VEV_5400;XIREC;17.0;2
289300;Mark 01;Mark 22;VEV_5500;XIREC;7.0;2
289300;Mark 01;Mark 22;VEV_6000;XIREC;0.0;2
289300;Mark 01;Mark 22;VEV_6500;XIREC;0.0;2
291000;Mark 14;Mark 38;HYDROGEL_PACK;XIREC;9905.0;3
291800;Mark 14;Mark 55;VELVETFRUIT_EXTRACT;XIREC;5267.0;4
292800;Mark 38;Mark 14;HYDROGEL_PACK;XIREC;9921.0;6
293100;Mark 55;Mark 14;VELVETFRUIT_EXTRACT;XIREC;5274.0;5
293400;Mark 55;Mark 14;VELVETFRUIT_EXTRACT;XIREC;5273.0;5
293600;Mark 14;Mark 38;VEV_4000;XIREC;1260.0;2
293700;Mark 01;Mark 55;VELVETFRUIT_EXTRACT;XIREC;5267.0;8
294600;Mark 01;Mark 22;VEV_5400;XIREC;16.0;2
294600;Mark 14;Mark 22;VEV_5500;XIREC;7.0;2
294600;Mark 01;Mark 22;VEV_6000;XIREC;0.0;2
294600;Mark 01;Mark 22;VEV_6500;XIREC;0.0;2
296800;Mark 01;Mark 55;VELVETFRUIT_EXTRACT;XIREC;5268.0;8
299100;Mark 38;Mark 14;HYDROGEL_PACK;XIREC;9963.0;3
300800;Mark 14;Mark 38;HYDROGEL_PACK;XIREC;9946.0;4
301000;Mark 01;Mark 55;VELVETFRUIT_EXTRACT;XIREC;5267.0;8
301700;Mark 14;Mark 38;VEV_4000;XIREC;1256.0;2
303100;Mark 14;Mark 38;VEV_4000;XIREC;1256.0;1
303800;Mark 14;Mark 38;HYDROGEL_PACK;XIREC;9935.0;2
305600;Mark 01;Mark 55;VELVETFRUIT_EXTRACT;XIREC;5267.0;3
305700;Mark 38;Mark 14;HYDROGEL_PACK;XIREC;9951.0;6
306000;Mark 55;Mark 14;VELVETFRUIT_EXTRACT;XIREC;5274.0;5
306100;Mark 38;Mark 14;HYDROGEL_PACK;XIREC;9952.0;5
307600;Mark 38;Mark 14;VEV_4000;XIREC;1281.0;2
307900;Mark 01;Mark 55;VELVETFRUIT_EXTRACT;XIREC;5268.0;8
308400;Mark 01;Mark 55;VELVETFRUIT_EXTRACT;XIREC;5270.0;3
310100;Mark 38;Mark 14;HYDROGEL_PACK;XIREC;9942.0;4
311200;Mark 14;Mark 55;VELVETFRUIT_EXTRACT;XIREC;5265.0;8
311700;Mark 55;Mark 01;VELVETFRUIT_EXTRACT;XIREC;5273.0;6
311800;Mark 38;Mark 14;HYDROGEL_PACK;XIREC;9945.0;2
314800;Mark 38;Mark 14;HYDROGEL_PACK;XIREC;9953.0;3
315400;Mark 38;Mark 14;HYDROGEL_PACK;XIREC;9956.0;4
316700;Mark 01;Mark 22;VEV_5400;XIREC;17.0;3
316700;Mark 01;Mark 22;VEV_5500;XIREC;7.0;3
316700;Mark 01;Mark 22;VEV_6000;XIREC;0.0;3
316700;Mark 01;Mark 22;VEV_6500;XIREC;0.0;3
316800;Mark 67;Mark 22;VELVETFRUIT_EXTRACT;XIREC;5275.0;7
316900;Mark 38;Mark 14;HYDROGEL_PACK;XIREC;9954.0;2
317500;Mark 01;Mark 22;VEV_5400;XIREC;17.0;3
317500;Mark 01;Mark 22;VEV_5500;XIREC;7.0;3
317500;Mark 01;Mark 22;VEV_6000;XIREC;0.0;3
317500;Mark 01;Mark 22;VEV_6500;XIREC;0.0;3
318100;Mark 38;Mark 14;VEV_4000;XIREC;1284.0;1
320800;Mark 01;Mark 22;VEV_5300;XIREC;52.0;5
320800;Mark 01;Mark 22;VEV_5400;XIREC;17.0;5
320800;Mark 01;Mark 22;VEV_5500;XIREC;7.0;5
320800;Mark 01;Mark 22;VEV_6000;XIREC;0.0;5
320800;Mark 01;Mark 22;VEV_6500;XIREC;0.0;5
321600;Mark 01;Mark 22;VEV_5300;XIREC;50.0;4
321600;Mark 01;Mark 22;VEV_5400;XIREC;16.0;4
321600;Mark 01;Mark 22;VEV_5500;XIREC;7.0;4
321600;Mark 01;Mark 22;VEV_6000;XIREC;0.0;4
321600;Mark 01;Mark 22;VEV_6500;XIREC;0.0;4
322300;Mark 38;Mark 14;VEV_4000;XIREC;1282.0;2
323200;Mark 55;Mark 14;VELVETFRUIT_EXTRACT;XIREC;5276.0;5
323500;Mark 67;Mark 49;VELVETFRUIT_EXTRACT;XIREC;5269.0;14
327600;Mark 55;Mark 14;VELVETFRUIT_EXTRACT;XIREC;5266.0;5
328500;Mark 55;Mark 14;VELVETFRUIT_EXTRACT;XIREC;5269.0;7
328700;Mark 55;Mark 14;VELVETFRUIT_EXTRACT;XIREC;5268.0;5
328700;Mark 14;Mark 38;VEV_4000;XIREC;1255.0;3
328900;Mark 38;Mark 14;HYDROGEL_PACK;XIREC;9958.0;2
330400;Mark 14;Mark 55;VELVETFRUIT_EXTRACT;XIREC;5261.0;8
332600;Mark 55;Mark 01;VELVETFRUIT_EXTRACT;XIREC;5274.0;8
332800;Mark 14;Mark 38;HYDROGEL_PACK;XIREC;9947.0;3
333200;Mark 67;Mark 22;VELVETFRUIT_EXTRACT;XIREC;5269.0;7
333900;Mark 55;Mark 01;VELVETFRUIT_EXTRACT;XIREC;5273.0;7
335400;Mark 55;Mark 14;VELVETFRUIT_EXTRACT;XIREC;5271.0;6
336800;Mark 01;Mark 55;VELVETFRUIT_EXTRACT;XIREC;5268.0;5
337000;Mark 67;Mark 22;VELVETFRUIT_EXTRACT;XIREC;5271.0;6
338400;Mark 14;Mark 38;HYDROGEL_PACK;XIREC;9948.0;4
340200;Mark 14;Mark 38;HYDROGEL_PACK;XIREC;9951.0;2
340500;Mark 14;Mark 38;VEV_4000;XIREC;1257.0;3
341400;Mark 01;Mark 22;VEV_5400;XIREC;16.0;4
341400;Mark 14;Mark 22;VEV_5500;XIREC;7.0;4
341400;Mark 01;Mark 22;VEV_6000;XIREC;0.0;4
341400;Mark 01;Mark 22;VEV_6500;XIREC;0.0;4
342300;Mark 38;Mark 14;HYDROGEL_PACK;XIREC;9966.0;2
344000;Mark 01;Mark 55;VELVETFRUIT_EXTRACT;XIREC;5269.0;3
344100;Mark 14;Mark 38;HYDROGEL_PACK;XIREC;9942.0;3
344500;Mark 14;Mark 38;HYDROGEL_PACK;XIREC;9942.0;3
344600;Mark 38;Mark 14;HYDROGEL_PACK;XIREC;9958.0;6
344600;Mark 01;Mark 55;VELVETFRUIT_EXTRACT;XIREC;5265.0;7
344900;Mark 01;Mark 55;VELVETFRUIT_EXTRACT;XIREC;5265.0;6
346100;Mark 38;Mark 14;HYDROGEL_PACK;XIREC;9947.0;2
347400;Mark 38;Mark 14;HYDROGEL_PACK;XIREC;9947.0;4
347800;Mark 01;Mark 22;VEV_5400;XIREC;15.0;4
347800;Mark 01;Mark 22;VEV_5500;XIREC;6.0;4
347800;Mark 01;Mark 22;VEV_6000;XIREC;0.0;4
347800;Mark 01;Mark 22;VEV_6500;XIREC;0.0;4
350600;Mark 55;Mark 14;VELVETFRUIT_EXTRACT;XIREC;5266.0;5
350700;Mark 14;Mark 22;VEV_5300;XIREC;47.0;4
350700;Mark 01;Mark 22;VEV_5400;XIREC;15.0;4
350700;Mark 01;Mark 22;VEV_5500;XIREC;6.0;4
350700;Mark 01;Mark 22;VEV_6000;XIREC;0.0;4
350700;Mark 01;Mark 22;VEV_6500;XIREC;0.0;4
351100;SUBMISSION;;VEV_5300;XIREC;46.0;9
351100;SUBMISSION;;VEV_5300;XIREC;47.0;1
351200;SUBMISSION;;VEV_5300;XIREC;46.0;10
351300;SUBMISSION;;VEV_5300;XIREC;46.0;10
351400;SUBMISSION;;VEV_5300;XIREC;47.0;10
351400;Mark 14;Mark 38;HYDROGEL_PACK;XIREC;9937.0;6
351500;SUBMISSION;;VEV_5300;XIREC;46.0;10
351600;SUBMISSION;;VEV_5300;XIREC;46.0;10
351700;SUBMISSION;;VEV_5300;XIREC;46.0;10
351800;SUBMISSION;;VEV_5300;XIREC;45.0;10
351900;SUBMISSION;;VEV_5300;XIREC;45.0;10
352000;SUBMISSION;;VEV_5300;XIREC;45.0;10
352100;SUBMISSION;;VEV_5300;XIREC;45.0;10
352100;SUBMISSION;;VEV_5400;XIREC;14.0;25
352100;Mark 14;Mark 55;VELVETFRUIT_EXTRACT;XIREC;5252.0;4
352200;SUBMISSION;;VEV_5300;XIREC;45.0;10
352300;SUBMISSION;;VEV_5300;XIREC;45.0;10
352300;SUBMISSION;;VEV_5400;XIREC;14.0;9
352300;SUBMISSION;;VEV_5400;XIREC;15.0;14
352300;Mark 55;Mark 14;VELVETFRUIT_EXTRACT;XIREC;5257.0;8
352400;SUBMISSION;;VEV_5300;XIREC;45.0;10
352400;SUBMISSION;;VEV_5400;XIREC;14.0;19
352500;SUBMISSION;;VEV_5300;XIREC;46.0;10
352600;SUBMISSION;;VEV_5300;XIREC;46.0;10
352700;SUBMISSION;;VEV_5300;XIREC;46.0;10
352800;SUBMISSION;;VEV_5300;XIREC;45.0;10
352800;SUBMISSION;;VEV_5400;XIREC;14.0;6
352800;SUBMISSION;;VEV_5400;XIREC;15.0;10
352900;SUBMISSION;;VEV_5300;XIREC;45.0;10
352900;SUBMISSION;;VEV_5400;XIREC;14.0;6
352900;SUBMISSION;;VEV_5400;XIREC;15.0;19
353000;SUBMISSION;;VEV_5300;XIREC;45.0;10
353100;SUBMISSION;;VEV_5300;XIREC;46.0;10
353200;SUBMISSION;;VEV_5300;XIREC;45.0;10
353200;SUBMISSION;;VEV_5400;XIREC;14.0;5
353200;SUBMISSION;;VEV_5400;XIREC;15.0;15
353300;SUBMISSION;;VEV_5300;XIREC;45.0;10
353300;SUBMISSION;;VEV_5400;XIREC;14.0;25
353400;SUBMISSION;;VEV_5300;XIREC;46.0;10
353500;SUBMISSION;;VEV_5300;XIREC;46.0;10
353600;SUBMISSION;;VEV_5300;XIREC;46.0;10
353600;Mark 01;Mark 55;VELVETFRUIT_EXTRACT;XIREC;5254.0;7
353800;Mark 14;Mark 55;VELVETFRUIT_EXTRACT;XIREC;5257.0;7
354000;SUBMISSION;;VEV_5300;XIREC;47.0;10
356500;Mark 55;Mark 14;VELVETFRUIT_EXTRACT;XIREC;5263.0;6
358300;Mark 14;Mark 55;VELVETFRUIT_EXTRACT;XIREC;5261.0;7
358400;Mark 55;Mark 01;VELVETFRUIT_EXTRACT;XIREC;5266.0;5
358500;Mark 01;Mark 22;VEV_5300;XIREC;47.0;2
358500;Mark 01;Mark 22;VEV_5400;XIREC;15.0;2
358500;Mark 01;Mark 22;VEV_5500;XIREC;6.0;2
358500;Mark 01;Mark 22;VEV_6000;XIREC;0.0;2
358500;Mark 01;Mark 22;VEV_6500;XIREC;0.0;2
359500;Mark 14;Mark 38;HYDROGEL_PACK;XIREC;9972.0;5
360000;Mark 55;Mark 01;VELVETFRUIT_EXTRACT;XIREC;5267.0;7
361300;Mark 55;Mark 01;VELVETFRUIT_EXTRACT;XIREC;5267.0;3
361600;Mark 01;Mark 55;VELVETFRUIT_EXTRACT;XIREC;5260.0;5
362500;Mark 01;Mark 55;VELVETFRUIT_EXTRACT;XIREC;5260.0;5
362600;Mark 01;Mark 22;VEV_5300;XIREC;47.0;5
362600;Mark 01;Mark 22;VEV_5500;XIREC;6.0;5
362600;Mark 01;Mark 22;VEV_6000;XIREC;0.0;5
362600;Mark 01;Mark 22;VEV_6500;XIREC;0.0;5
363300;Mark 38;Mark 14;VEV_4000;XIREC;1272.0;1
365300;Mark 14;Mark 38;HYDROGEL_PACK;XIREC;9984.0;2
365400;Mark 14;Mark 55;VELVETFRUIT_EXTRACT;XIREC;5257.0;7
365600;Mark 01;Mark 22;VEV_5300;XIREC;45.0;4
365600;Mark 01;Mark 22;VEV_5400;XIREC;14.0;4
365600;Mark 01;Mark 22;VEV_5500;XIREC;5.0;4
365600;Mark 01;Mark 22;VEV_6000;XIREC;0.0;4
365600;Mark 01;Mark 22;VEV_6500;XIREC;0.0;4
366500;Mark 38;Mark 14;HYDROGEL_PACK;XIREC;10001.0;2
368100;Mark 14;Mark 55;VELVETFRUIT_EXTRACT;XIREC;5256.0;6
368200;Mark 38;Mark 14;VEV_4000;XIREC;1270.0;2
369000;SUBMISSION;;VEV_5300;XIREC;46.0;10
369100;SUBMISSION;;VEV_5300;XIREC;46.0;10
369200;SUBMISSION;;VEV_5300;XIREC;46.0;10
369300;SUBMISSION;;VEV_5300;XIREC;46.0;10
369400;SUBMISSION;;VEV_5300;XIREC;46.0;10
369500;SUBMISSION;;VEV_5300;XIREC;46.0;10
369600;SUBMISSION;;VEV_5300;XIREC;46.0;10
369600;SUBMISSION;;VEV_5400;XIREC;14.0;22
369700;SUBMISSION;;VEV_5300;XIREC;46.0;10
369700;SUBMISSION;;VEV_5400;XIREC;14.0;25
369800;SUBMISSION;;VEV_5300;XIREC;45.0;5
369800;SUBMISSION;;VEV_5300;XIREC;46.0;5
369800;SUBMISSION;;VEV_5400;XIREC;14.0;22
369900;SUBMISSION;;VEV_5300;XIREC;45.0;10
369900;SUBMISSION;;VEV_5400;XIREC;14.0;19
370000;SUBMISSION;;VEV_5300;XIREC;45.0;10
370000;SUBMISSION;;VEV_5400;XIREC;14.0;25
370100;SUBMISSION;;VEV_5300;XIREC;44.0;10
370100;SUBMISSION;;VEV_5400;XIREC;14.0;23
370200;SUBMISSION;;VEV_5300;XIREC;44.0;10
370200;SUBMISSION;;VEV_5400;XIREC;14.0;19
370300;SUBMISSION;;VEV_5300;XIREC;44.0;10
370300;SUBMISSION;;VEV_5400;XIREC;14.0;25
370400;SUBMISSION;;VEV_5300;XIREC;44.0;10
370400;SUBMISSION;;VEV_5400;XIREC;14.0;22
370500;SUBMISSION;;VEV_5300;XIREC;44.0;10
370500;SUBMISSION;;VEV_5400;XIREC;14.0;25
370600;SUBMISSION;;VEV_5300;XIREC;44.0;10
370600;SUBMISSION;;VEV_5400;XIREC;14.0;24
370600;Mark 38;Mark 14;VEV_4000;XIREC;1261.0;3
370700;SUBMISSION;;VEV_5300;XIREC;44.0;10
370700;SUBMISSION;;VEV_5400;XIREC;14.0;25
370700;Mark 14;Mark 38;VEV_4000;XIREC;1241.0;2
370800;SUBMISSION;;VEV_5300;XIREC;45.0;10
370800;SUBMISSION;;VEV_5400;XIREC;14.0;17
370900;SUBMISSION;;VEV_5300;XIREC;45.0;10
370900;SUBMISSION;;VEV_5400;XIREC;14.0;21
371000;SUBMISSION;;VEV_5300;XIREC;44.0;6
371000;SUBMISSION;;VEV_5300;XIREC;45.0;4
371000;SUBMISSION;;VEV_5400;XIREC;14.0;16
371100;SUBMISSION;;VEV_5300;XIREC;44.0;10
371100;SUBMISSION;;VEV_5400;XIREC;14.0;24
371200;SUBMISSION;;VEV_5300;XIREC;44.0;10
371200;SUBMISSION;;VEV_5400;XIREC;14.0;25
371300;SUBMISSION;;VEV_5300;XIREC;44.0;10
371300;SUBMISSION;;VEV_5400;XIREC;14.0;24
371400;SUBMISSION;;VEV_5300;XIREC;44.0;6
371400;SUBMISSION;;VEV_5300;XIREC;45.0;4
371400;SUBMISSION;;VEV_5400;XIREC;14.0;21
371500;SUBMISSION;;VEV_5300;XIREC;45.0;10
371500;SUBMISSION;;VEV_5400;XIREC;14.0;19
371600;SUBMISSION;;VEV_5300;XIREC;45.0;10
371600;SUBMISSION;;VEV_5400;XIREC;14.0;4
371700;SUBMISSION;;VEV_5300;XIREC;45.0;10
371800;SUBMISSION;;VEV_5300;XIREC;45.0;10
371900;SUBMISSION;;VEV_5300;XIREC;44.0;10
372000;SUBMISSION;;VEV_5300;XIREC;45.0;10
372100;SUBMISSION;;VEV_5300;XIREC;45.0;10
372200;SUBMISSION;;VEV_5300;XIREC;45.0;10
372300;Mark 01;Mark 55;VELVETFRUIT_EXTRACT;XIREC;5250.0;6
372300;Mark 38;Mark 14;VEV_4000;XIREC;1264.0;2
373100;Mark 55;Mark 14;VELVETFRUIT_EXTRACT;XIREC;5256.0;6
373800;Mark 01;Mark 22;VEV_5500;XIREC;5.0;4
373800;Mark 01;Mark 22;VEV_6000;XIREC;0.0;4
373800;Mark 01;Mark 22;VEV_6500;XIREC;0.0;4
376300;Mark 01;Mark 22;VEV_5400;XIREC;13.0;5
376300;Mark 01;Mark 22;VEV_5500;XIREC;5.0;5
376300;Mark 01;Mark 22;VEV_6000;XIREC;0.0;5
376300;Mark 01;Mark 22;VEV_6500;XIREC;0.0;5
376700;Mark 14;Mark 55;VELVETFRUIT_EXTRACT;XIREC;5250.0;7
378400;Mark 67;Mark 22;VELVETFRUIT_EXTRACT;XIREC;5249.0;10
382200;Mark 55;Mark 14;VELVETFRUIT_EXTRACT;XIREC;5253.0;5
383100;Mark 55;Mark 14;VELVETFRUIT_EXTRACT;XIREC;5254.0;6
384800;Mark 22;Mark 38;HYDROGEL_PACK;XIREC;9978.0;4
385100;SUBMISSION;;VEV_5200;XIREC;90.0;10
385100;Mark 67;Mark 49;VELVETFRUIT_EXTRACT;XIREC;5245.0;9
385200;SUBMISSION;;VEV_5200;XIREC;90.0;10
385300;SUBMISSION;;VEV_5200;XIREC;90.0;10
385400;SUBMISSION;;VEV_5200;XIREC;90.0;10
385500;SUBMISSION;;VEV_5200;XIREC;90.0;10
385500;Mark 14;Mark 38;HYDROGEL_PACK;XIREC;9972.0;5
385600;SUBMISSION;;VEV_5200;XIREC;90.0;10
385900;SUBMISSION;;VEV_5200;XIREC;90.0;10
386000;SUBMISSION;;VEV_5200;XIREC;90.0;10
386200;SUBMISSION;;VEV_5200;XIREC;89.0;10
386300;SUBMISSION;;VEV_5200;XIREC;88.0;10
386400;SUBMISSION;;VEV_5200;XIREC;88.0;10
386500;SUBMISSION;;VEV_5200;XIREC;88.0;10
386600;SUBMISSION;;VEV_5200;XIREC;88.0;10
386700;SUBMISSION;;VEV_5200;XIREC;88.0;10
386800;SUBMISSION;;VEV_5200;XIREC;88.0;10
386900;SUBMISSION;;VEV_5200;XIREC;87.0;10
387000;SUBMISSION;;VEV_5200;XIREC;86.0;10
387100;SUBMISSION;;VEV_5200;XIREC;86.0;10
387200;SUBMISSION;;VEV_5200;XIREC;87.0;10
387300;SUBMISSION;;VEV_5200;XIREC;86.0;10
387400;SUBMISSION;;VEV_5200;XIREC;86.0;10
387500;SUBMISSION;;VEV_5200;XIREC;86.0;9
387500;SUBMISSION;;VEV_5200;XIREC;87.0;1
387500;Mark 38;Mark 14;HYDROGEL_PACK;XIREC;9991.0;3
387600;SUBMISSION;;VEV_5200;XIREC;87.0;10
387700;SUBMISSION;;VEV_5200;XIREC;86.0;10
387800;SUBMISSION;;VEV_5200;XIREC;87.0;10
387900;SUBMISSION;;VEV_5200;XIREC;86.0;10
388000;SUBMISSION;;VEV_5200;XIREC;85.0;10
388100;SUBMISSION;;VEV_5200;XIREC;86.0;10
388200;SUBMISSION;;VEV_5200;XIREC;86.0;10
388300;SUBMISSION;;VEV_5200;XIREC;86.0;10
388400;SUBMISSION;;VEV_5200;XIREC;86.0;10
388500;SUBMISSION;;VEV_5200;XIREC;86.0;10
388600;SUBMISSION;;VEV_5200;XIREC;85.0;6
388600;SUBMISSION;;VEV_5200;XIREC;86.0;4
388700;SUBMISSION;;VEV_5200;XIREC;85.0;10
388800;SUBMISSION;;VEV_5200;XIREC;85.0;10
388900;SUBMISSION;;VEV_5200;XIREC;86.0;10
389000;SUBMISSION;;VEV_5200;XIREC;84.0;2
389000;SUBMISSION;;VEV_5200;XIREC;86.0;8
389000;Mark 01;Mark 22;VEV_5300;XIREC;38.0;2
389000;Mark 01;Mark 22;VEV_5400;XIREC;11.0;2
389000;Mark 01;Mark 22;VEV_5500;XIREC;4.0;2
389000;Mark 01;Mark 22;VEV_6000;XIREC;0.0;2
389000;Mark 01;Mark 22;VEV_6500;XIREC;0.0;2
389100;SUBMISSION;;VEV_5200;XIREC;86.0;10
389200;SUBMISSION;;VEV_5200;XIREC;86.0;10
389300;SUBMISSION;;VEV_5200;XIREC;85.0;10
389400;SUBMISSION;;VEV_5100;XIREC;153.0;11
389400;SUBMISSION;;VEV_5100;XIREC;154.0;20
389400;SUBMISSION;;VEV_5200;XIREC;84.0;10
389500;SUBMISSION;;VEV_5200;XIREC;85.0;10
389600;SUBMISSION;;VEV_5200;XIREC;85.0;10
389600;Mark 49;Mark 55;VELVETFRUIT_EXTRACT;XIREC;5238.0;7
389600;Mark 38;Mark 14;VEV_4000;XIREC;1249.0;3
389700;SUBMISSION;;VEV_5200;XIREC;86.0;10
389800;SUBMISSION;;VEV_5200;XIREC;86.0;10
389900;SUBMISSION;;VEV_5200;XIREC;86.0;10
390000;SUBMISSION;;VEV_5200;XIREC;85.0;7
390000;SUBMISSION;;VEV_5200;XIREC;86.0;3
390100;SUBMISSION;;VEV_5200;XIREC;85.0;9
390100;SUBMISSION;;VEV_5200;XIREC;86.0;1
390200;SUBMISSION;;VEV_5200;XIREC;86.0;10
390200;Mark 14;Mark 38;VEV_4000;XIREC;1229.0;1
390300;SUBMISSION;;VEV_5200;XIREC;84.0;3
390300;SUBMISSION;;VEV_5200;XIREC;86.0;7
390300;Mark 01;Mark 22;VEV_5300;XIREC;38.0;3
390300;Mark 01;Mark 22;VEV_5400;XIREC;11.0;3
390300;Mark 01;Mark 22;VEV_5500;XIREC;4.0;3
390300;Mark 01;Mark 22;VEV_6000;XIREC;0.0;3
390300;Mark 01;Mark 22;VEV_6500;XIREC;0.0;3
390400;SUBMISSION;;VEV_5200;XIREC;86.0;10
390500;SUBMISSION;;VEV_5200;XIREC;87.0;10
390600;SUBMISSION;;VEV_5200;XIREC;87.0;10
390700;SUBMISSION;;VEV_5200;XIREC;87.0;10
390800;SUBMISSION;;VEV_5200;XIREC;87.0;10
390900;SUBMISSION;;VEV_5200;XIREC;88.0;10
391000;SUBMISSION;;VEV_5200;XIREC;87.0;10
391100;SUBMISSION;;VEV_5200;XIREC;87.0;10
391200;SUBMISSION;;VEV_5200;XIREC;87.0;10
391300;SUBMISSION;;VEV_5200;XIREC;87.0;10
391600;Mark 14;Mark 38;HYDROGEL_PACK;XIREC;9970.0;2
391700;Mark 38;Mark 14;HYDROGEL_PACK;XIREC;9988.0;2
392400;Mark 38;Mark 14;HYDROGEL_PACK;XIREC;9990.0;5
394100;Mark 38;Mark 14;HYDROGEL_PACK;XIREC;9975.0;6
394300;Mark 38;Mark 14;HYDROGEL_PACK;XIREC;9970.0;5
397200;SUBMISSION;;VEV_5000;XIREC;243.0;6
397200;SUBMISSION;;VEV_5000;XIREC;244.0;4
397200;SUBMISSION;;VEV_5100;XIREC;153.0;25
397300;SUBMISSION;;VEV_5000;XIREC;243.0;10
397300;SUBMISSION;;VEV_5100;XIREC;153.0;22
397300;Mark 14;Mark 38;VEV_4000;XIREC;1226.0;2
397400;SUBMISSION;;VEV_5000;XIREC;241.0;10
397400;SUBMISSION;;VEV_5100;XIREC;151.0;25
397500;SUBMISSION;;VEV_5000;XIREC;242.0;10
397500;SUBMISSION;;VEV_5100;XIREC;151.0;10
397500;SUBMISSION;;VEV_5100;XIREC;152.0;18
397600;SUBMISSION;;VEV_5000;XIREC;239.0;10
397600;SUBMISSION;;VEV_5100;XIREC;149.0;26
397600;SUBMISSION;;VEV_5500;XIREC;4.0;6
397600;SUBMISSION;;VEV_5500;XIREC;5.0;13
397700;SUBMISSION;;VEV_5000;XIREC;240.0;8
397700;SUBMISSION;;VEV_5000;XIREC;241.0;2
397700;SUBMISSION;;VEV_5100;XIREC;150.0;21
397700;SUBMISSION;;VEV_5500;XIREC;5.0;20
397800;SUBMISSION;;VEV_5000;XIREC;240.0;10
397800;SUBMISSION;;VEV_5100;XIREC;150.0;34
397800;SUBMISSION;;VEV_5500;XIREC;5.0;18
397900;SUBMISSION;;VEV_5000;XIREC;242.0;10
397900;SUBMISSION;;VEV_5100;XIREC;151.0;11
397900;SUBMISSION;;VEV_5100;XIREC;152.0;20
398000;SUBMISSION;;VEV_5000;XIREC;242.0;10
398000;SUBMISSION;;VEV_5100;XIREC;151.0;8
398000;SUBMISSION;;VEV_5100;XIREC;152.0;18
398100;SUBMISSION;;VEV_5000;XIREC;242.0;10
398100;SUBMISSION;;VEV_5100;XIREC;151.0;6
398100;SUBMISSION;;VEV_5100;XIREC;152.0;16
398200;SUBMISSION;;VEV_5000;XIREC;238.0;2
398200;SUBMISSION;;VEV_5000;XIREC;241.0;8
398200;SUBMISSION;;VEV_5100;XIREC;148.0;2
398200;SUBMISSION;;VEV_5100;XIREC;151.0;33
398200;Mark 01;Mark 22;VEV_5400;XIREC;10.0;2
398200;Mark 01;Mark 22;VEV_5500;XIREC;4.0;2
398200;Mark 01;Mark 22;VEV_6000;XIREC;0.0;2
398200;Mark 01;Mark 22;VEV_6500;XIREC;0.0;2
398300;SUBMISSION;;VEV_5000;XIREC;241.0;10
398300;SUBMISSION;;VEV_5100;XIREC;151.0;29
398400;SUBMISSION;;VEV_5000;XIREC;242.0;7
398400;SUBMISSION;;VEV_5000;XIREC;243.0;3
398400;SUBMISSION;;VEV_5100;XIREC;152.0;26
398500;SUBMISSION;;VEV_5000;XIREC;242.0;10
398500;SUBMISSION;;VEV_5100;XIREC;151.0;9
398500;SUBMISSION;;VEV_5100;XIREC;152.0;15
398600;SUBMISSION;;VEV_5000;XIREC;241.0;10
398600;SUBMISSION;;VEV_5100;XIREC;150.0;12
398600;SUBMISSION;;VEV_5100;XIREC;151.0;21
398600;SUBMISSION;;VEV_5500;XIREC;5.0;17
398700;SUBMISSION;;VEV_5000;XIREC;239.0;6
398700;SUBMISSION;;VEV_5000;XIREC;240.0;4
398700;SUBMISSION;;VEV_5100;XIREC;149.0;27
398700;SUBMISSION;;VEV_5500;XIREC;4.0;7
398700;SUBMISSION;;VEV_5500;XIREC;5.0;10
398800;SUBMISSION;;VEV_5000;XIREC;238.0;10
398800;SUBMISSION;;VEV_5100;XIREC;148.0;12
398800;SUBMISSION;;VEV_5100;XIREC;149.0;12
398800;SUBMISSION;;VEV_5500;XIREC;4.0;22
398900;SUBMISSION;;VEV_5000;XIREC;240.0;10
398900;SUBMISSION;;VEV_5100;XIREC;149.0;9
398900;SUBMISSION;;VEV_5100;XIREC;150.0;18
398900;SUBMISSION;;VEV_5500;XIREC;5.0;19
399000;SUBMISSION;;VEV_5000;XIREC;241.0;10
399000;SUBMISSION;;VEV_5100;XIREC;150.0;8
399000;SUBMISSION;;VEV_5100;XIREC;151.0;19
399100;SUBMISSION;;VEV_5000;XIREC;240.0;7
399100;SUBMISSION;;VEV_5000;XIREC;241.0;3
399100;SUBMISSION;;VEV_5100;XIREC;150.0;7
399100;SUBMISSION;;VEV_5100;XIREC;151.0;20
399100;SUBMISSION;;VEV_5500;XIREC;5.0;24
399200;SUBMISSION;;VEV_5000;XIREC;242.0;10
399200;SUBMISSION;;VEV_5100;XIREC;151.0;25
399300;SUBMISSION;;VEV_5000;XIREC;242.0;6
399300;SUBMISSION;;VEV_5000;XIREC;243.0;4
399300;SUBMISSION;;VEV_5100;XIREC;151.0;5
399400;SUBMISSION;;VEV_5000;XIREC;242.0;10
400200;SUBMISSION;;VEV_5000;XIREC;242.0;6
400200;SUBMISSION;;VEV_5000;XIREC;243.0;4
400300;SUBMISSION;;VEV_5000;XIREC;242.0;10
400400;SUBMISSION;;VEV_5000;XIREC;241.0;10
400400;SUBMISSION;;VEV_5500;XIREC;5.0;20
400500;SUBMISSION;;VEV_5000;XIREC;240.0;10
400500;SUBMISSION;;VEV_5500;XIREC;5.0;25
400600;SUBMISSION;;VEV_5000;XIREC;241.0;6
400600;SUBMISSION;;VEV_5000;XIREC;242.0;4
400700;SUBMISSION;;VEV_5000;XIREC;241.0;10
400700;SUBMISSION;;VEV_5500;XIREC;5.0;25
400800;SUBMISSION;;VEV_5000;XIREC;241.0;10
400900;SUBMISSION;;VEV_5000;XIREC;240.0;9
400900;SUBMISSION;;VEV_5000;XIREC;241.0;1
400900;SUBMISSION;;VEV_5500;XIREC;5.0;25
401000;SUBMISSION;;VEV_5000;XIREC;240.0;10
401000;SUBMISSION;;VEV_5500;XIREC;5.0;25
401000;Mark 14;Mark 55;VELVETFRUIT_EXTRACT;XIREC;5230.0;8
401100;SUBMISSION;;VEV_5000;XIREC;238.0;10
401100;SUBMISSION;;VEV_5500;XIREC;4.0;21
401200;SUBMISSION;;VEV_5000;XIREC;238.0;9
401200;SUBMISSION;;VEV_5000;XIREC;239.0;1
401200;SUBMISSION;;VEV_5500;XIREC;4.0;22
401200;Mark 14;Mark 38;HYDROGEL_PACK;XIREC;9966.0;5
401300;SUBMISSION;;VEV_5000;XIREC;238.0;10
401300;SUBMISSION;;VEV_5500;XIREC;4.0;22
401400;SUBMISSION;;VEV_5000;XIREC;238.0;10
401400;SUBMISSION;;VEV_5500;XIREC;4.0;24
401500;SUBMISSION;;VEV_5000;XIREC;238.0;10
401500;SUBMISSION;;VEV_5500;XIREC;4.0;25
401500;Mark 55;Mark 01;VELVETFRUIT_EXTRACT;XIREC;5233.0;7
401600;SUBMISSION;;VELVETFRUIT_EXTRACT;XIREC;5231.0;17
401600;SUBMISSION;;VELVETFRUIT_EXTRACT;XIREC;5232.0;8
401600;SUBMISSION;;VEV_5000;XIREC;236.0;7
401600;SUBMISSION;;VEV_5000;XIREC;237.0;3
401600;SUBMISSION;;VEV_5500;XIREC;4.0;25
401700;SUBMISSION;;VELVETFRUIT_EXTRACT;XIREC;5231.0;25
401700;SUBMISSION;;VEV_5000;XIREC;236.0;10
401700;SUBMISSION;;VEV_5500;XIREC;4.0;16
401800;SUBMISSION;;VELVETFRUIT_EXTRACT;XIREC;5231.0;25
401800;SUBMISSION;;VEV_5000;XIREC;236.0;10
401800;SUBMISSION;;VEV_5500;XIREC;4.0;18
401900;SUBMISSION;;VELVETFRUIT_EXTRACT;XIREC;5232.0;25
401900;SUBMISSION;;VEV_5000;XIREC;237.0;10
401900;SUBMISSION;;VEV_5500;XIREC;4.0;22
402000;SUBMISSION;;VELVETFRUIT_EXTRACT;XIREC;5232.0;25
402000;SUBMISSION;;VEV_5000;XIREC;237.0;10
402000;SUBMISSION;;VEV_5500;XIREC;4.0;24
402100;SUBMISSION;;VELVETFRUIT_EXTRACT;XIREC;5232.0;25
402100;SUBMISSION;;VEV_5000;XIREC;237.0;10
402100;SUBMISSION;;VEV_5500;XIREC;4.0;17
402200;SUBMISSION;;VELVETFRUIT_EXTRACT;XIREC;5231.0;24
402200;SUBMISSION;;VELVETFRUIT_EXTRACT;XIREC;5232.0;1
402200;SUBMISSION;;VEV_5000;XIREC;236.0;9
402200;SUBMISSION;;VEV_5000;XIREC;237.0;1
402200;SUBMISSION;;VEV_5500;XIREC;4.0;25
402300;SUBMISSION;;VELVETFRUIT_EXTRACT;XIREC;5230.0;25
402300;SUBMISSION;;VEV_5000;XIREC;235.0;10
402300;SUBMISSION;;VEV_5500;XIREC;4.0;25
402400;SUBMISSION;;VELVETFRUIT_EXTRACT;XIREC;5229.0;23
402400;SUBMISSION;;VELVETFRUIT_EXTRACT;XIREC;5230.0;2
402400;SUBMISSION;;VEV_5000;XIREC;235.0;10
402400;SUBMISSION;;VEV_5500;XIREC;4.0;19
402500;SUBMISSION;;VELVETFRUIT_EXTRACT;XIREC;5230.0;16
402500;SUBMISSION;;VELVETFRUIT_EXTRACT;XIREC;5231.0;9
402500;SUBMISSION;;VEV_5000;XIREC;235.0;10
402500;SUBMISSION;;VEV_5500;XIREC;4.0;19
402600;SUBMISSION;;VELVETFRUIT_EXTRACT;XIREC;5230.0;22
402600;SUBMISSION;;VELVETFRUIT_EXTRACT;XIREC;5231.0;3
402600;SUBMISSION;;VEV_5000;XIREC;235.0;8
402600;SUBMISSION;;VEV_5000;XIREC;236.0;2
402700;SUBMISSION;;VELVETFRUIT_EXTRACT;XIREC;5231.0;25
402700;SUBMISSION;;VEV_5000;XIREC;236.0;10
402800;SUBMISSION;;VELVETFRUIT_EXTRACT;XIREC;5230.0;20
402800;SUBMISSION;;VELVETFRUIT_EXTRACT;XIREC;5231.0;5
402800;SUBMISSION;;VEV_5000;XIREC;235.0;10
402900;SUBMISSION;;VELVETFRUIT_EXTRACT;XIREC;5229.0;22
402900;SUBMISSION;;VELVETFRUIT_EXTRACT;XIREC;5230.0;3
402900;SUBMISSION;;VEV_5000;XIREC;234.0;10
403000;SUBMISSION;;VELVETFRUIT_EXTRACT;XIREC;5230.0;22
403000;SUBMISSION;;VELVETFRUIT_EXTRACT;XIREC;5231.0;3
403000;SUBMISSION;;VEV_5000;XIREC;235.0;9
403000;SUBMISSION;;VEV_5000;XIREC;236.0;1
403100;SUBMISSION;;VELVETFRUIT_EXTRACT;XIREC;5231.0;25
403100;SUBMISSION;;VEV_5000;XIREC;236.0;10
403200;SUBMISSION;;VEV_5000;XIREC;236.0;10
403300;SUBMISSION;;VEV_5000;XIREC;236.0;10
403400;SUBMISSION;;VEV_5000;XIREC;237.0;10
403500;SUBMISSION;;VEV_5000;XIREC;237.0;9
403500;SUBMISSION;;VEV_5000;XIREC;238.0;1
403600;SUBMISSION;;VEV_5000;XIREC;238.0;6
403600;SUBMISSION;;VEV_5000;XIREC;239.0;4
403700;SUBMISSION;;VEV_5000;XIREC;239.0;10
403800;SUBMISSION;;VEV_5000;XIREC;240.0;10
406100;Mark 14;Mark 55;VELVETFRUIT_EXTRACT;XIREC;5231.0;4
406300;Mark 14;Mark 38;VEV_4000;XIREC;1220.0;2
407000;Mark 14;Mark 55;VELVETFRUIT_EXTRACT;XIREC;5225.0;4
408000;Mark 38;Mark 14;HYDROGEL_PACK;XIREC;9991.0;3
409400;Mark 38;Mark 14;HYDROGEL_PACK;XIREC;9988.0;3
410100;Mark 38;Mark 14;HYDROGEL_PACK;XIREC;9988.0;6
410200;Mark 01;Mark 22;VEV_5400;XIREC;9.0;5
410200;Mark 01;Mark 22;VEV_5500;XIREC;3.0;5
410200;Mark 01;Mark 22;VEV_6000;XIREC;0.0;5
410200;Mark 01;Mark 22;VEV_6500;XIREC;0.0;5
413100;Mark 38;Mark 14;HYDROGEL_PACK;XIREC;9977.0;2
413500;Mark 38;Mark 14;HYDROGEL_PACK;XIREC;9974.0;5
414900;Mark 14;Mark 22;VEV_5200;XIREC;76.0;3
414900;Mark 01;Mark 22;VEV_5300;XIREC;34.0;3
414900;Mark 01;Mark 22;VEV_5400;XIREC;9.0;3
414900;Mark 01;Mark 22;VEV_5500;XIREC;3.0;3
414900;Mark 01;Mark 22;VEV_6000;XIREC;0.0;3
414900;Mark 01;Mark 22;VEV_6500;XIREC;0.0;3
415400;Mark 38;Mark 14;HYDROGEL_PACK;XIREC;9976.0;6
415500;Mark 01;Mark 22;VEV_5400;XIREC;9.0;4
415500;Mark 01;Mark 22;VEV_5500;XIREC;3.0;4
415500;Mark 01;Mark 22;VEV_6000;XIREC;0.0;4
415500;Mark 01;Mark 22;VEV_6500;XIREC;0.0;4
416600;Mark 38;Mark 14;HYDROGEL_PACK;XIREC;9981.0;4
419300;Mark 14;Mark 38;VEV_4000;XIREC;1221.0;1
420200;Mark 38;Mark 14;HYDROGEL_PACK;XIREC;9975.0;4
421100;Mark 14;Mark 38;HYDROGEL_PACK;XIREC;9961.0;5
421400;Mark 55;Mark 14;VELVETFRUIT_EXTRACT;XIREC;5233.0;6
422200;Mark 14;Mark 38;HYDROGEL_PACK;XIREC;9963.0;2
423800;Mark 38;Mark 14;HYDROGEL_PACK;XIREC;9969.0;3
423800;Mark 14;Mark 22;VEV_5200;XIREC;79.0;5
423800;Mark 01;Mark 22;VEV_5300;XIREC;36.0;5
423800;Mark 01;Mark 22;VEV_5400;XIREC;10.0;5
423800;Mark 14;Mark 22;VEV_5500;XIREC;4.0;5
423800;Mark 01;Mark 22;VEV_6000;XIREC;0.0;5
423800;Mark 01;Mark 22;VEV_6500;XIREC;0.0;5
424400;Mark 38;Mark 14;VEV_4000;XIREC;1244.0;2
424600;Mark 67;Mark 22;VELVETFRUIT_EXTRACT;XIREC;5232.0;6
425300;Mark 55;Mark 14;VELVETFRUIT_EXTRACT;XIREC;5238.0;3
427400;Mark 55;Mark 14;VELVETFRUIT_EXTRACT;XIREC;5241.0;5
428400;Mark 38;Mark 14;VEV_4000;XIREC;1248.0;1
429500;Mark 38;Mark 14;HYDROGEL_PACK;XIREC;9968.0;3
430200;Mark 38;Mark 14;HYDROGEL_PACK;XIREC;9974.0;4
430700;Mark 38;Mark 14;HYDROGEL_PACK;XIREC;9976.0;4
432100;Mark 01;Mark 55;VELVETFRUIT_EXTRACT;XIREC;5233.0;8
433000;Mark 14;Mark 55;VELVETFRUIT_EXTRACT;XIREC;5238.0;4
433100;Mark 14;Mark 22;VEV_5200;XIREC;83.0;2
433100;Mark 01;Mark 22;VEV_5300;XIREC;38.0;2
433100;Mark 01;Mark 22;VEV_5400;XIREC;11.0;2
433100;Mark 01;Mark 22;VEV_5500;XIREC;4.0;2
433100;Mark 01;Mark 22;VEV_6000;XIREC;0.0;2
433100;Mark 01;Mark 22;VEV_6500;XIREC;0.0;2
433900;Mark 38;Mark 14;HYDROGEL_PACK;XIREC;9970.0;4
436100;Mark 55;Mark 01;VELVETFRUIT_EXTRACT;XIREC;5242.0;5
436200;Mark 14;Mark 38;HYDROGEL_PACK;XIREC;9968.0;2
438300;Mark 14;Mark 38;VEV_4000;XIREC;1230.0;3
438500;Mark 55;Mark 14;VELVETFRUIT_EXTRACT;XIREC;5241.0;6
438900;Mark 38;Mark 14;VEV_4000;XIREC;1249.0;3
441300;Mark 01;Mark 55;VELVETFRUIT_EXTRACT;XIREC;5235.0;5
443400;Mark 38;Mark 14;HYDROGEL_PACK;XIREC;9969.0;4
443600;Mark 14;Mark 22;VEV_5200;XIREC;82.0;4
443600;Mark 01;Mark 22;VEV_5400;XIREC;11.0;4
443600;Mark 01;Mark 22;VEV_5500;XIREC;4.0;4
443600;Mark 01;Mark 22;VEV_6000;XIREC;0.0;4
443600;Mark 01;Mark 22;VEV_6500;XIREC;0.0;4
444200;Mark 55;Mark 01;VELVETFRUIT_EXTRACT;XIREC;5244.0;6
445300;Mark 38;Mark 14;HYDROGEL_PACK;XIREC;9974.0;2
448600;Mark 55;Mark 01;VELVETFRUIT_EXTRACT;XIREC;5252.0;7
448900;Mark 67;Mark 49;VELVETFRUIT_EXTRACT;XIREC;5247.0;9
449000;Mark 14;Mark 38;HYDROGEL_PACK;XIREC;9979.0;6
449500;Mark 14;Mark 38;VEV_4000;XIREC;1238.0;2
450900;Mark 38;Mark 14;HYDROGEL_PACK;XIREC;9988.0;6
452000;Mark 14;Mark 38;HYDROGEL_PACK;XIREC;9965.0;3
452800;Mark 38;Mark 14;HYDROGEL_PACK;XIREC;9974.0;4
453000;Mark 55;Mark 14;VELVETFRUIT_EXTRACT;XIREC;5240.0;3
453800;Mark 14;Mark 55;VELVETFRUIT_EXTRACT;XIREC;5237.0;7
454700;Mark 38;Mark 14;VEV_4000;XIREC;1247.0;1
456200;Mark 14;Mark 22;VEV_5200;XIREC;82.0;2
456200;Mark 01;Mark 22;VEV_5400;XIREC;11.0;2
456200;Mark 01;Mark 22;VEV_5500;XIREC;4.0;2
456200;Mark 01;Mark 22;VEV_6000;XIREC;0.0;2
456200;Mark 01;Mark 22;VEV_6500;XIREC;0.0;2
457600;Mark 55;Mark 14;VELVETFRUIT_EXTRACT;XIREC;5242.0;3
460100;Mark 14;Mark 55;VELVETFRUIT_EXTRACT;XIREC;5235.0;4
461200;Mark 14;Mark 22;VEV_5300;XIREC;37.0;3
461200;Mark 01;Mark 22;VEV_5400;XIREC;10.0;3
461200;Mark 01;Mark 22;VEV_5500;XIREC;3.0;3
461200;Mark 01;Mark 22;VEV_6000;XIREC;0.0;3
461200;Mark 01;Mark 22;VEV_6500;XIREC;0.0;3
463600;Mark 67;Mark 49;VELVETFRUIT_EXTRACT;XIREC;5238.0;11
464700;Mark 67;Mark 22;VELVETFRUIT_EXTRACT;XIREC;5238.0;5
466000;Mark 01;Mark 55;VELVETFRUIT_EXTRACT;XIREC;5234.0;3
466400;Mark 67;Mark 49;VELVETFRUIT_EXTRACT;XIREC;5233.0;14
468600;Mark 55;Mark 01;VELVETFRUIT_EXTRACT;XIREC;5239.0;4
472900;Mark 55;Mark 14;VELVETFRUIT_EXTRACT;XIREC;5238.0;6
473000;Mark 55;Mark 01;VELVETFRUIT_EXTRACT;XIREC;5238.0;4
473800;Mark 55;Mark 14;VELVETFRUIT_EXTRACT;XIREC;5239.0;3
474000;Mark 55;Mark 01;VELVETFRUIT_EXTRACT;XIREC;5238.0;5
477300;Mark 01;Mark 55;VELVETFRUIT_EXTRACT;XIREC;5244.0;8
478900;Mark 38;Mark 14;HYDROGEL_PACK;XIREC;9997.0;3
480500;Mark 14;Mark 55;VELVETFRUIT_EXTRACT;XIREC;5240.0;3
480900;Mark 14;Mark 38;HYDROGEL_PACK;XIREC;9994.0;2
481400;Mark 14;Mark 38;HYDROGEL_PACK;XIREC;9996.0;2
481600;;SUBMISSION;HYDROGEL_PACK;XIREC;10001.0;11
482400;Mark 38;SUBMISSION;HYDROGEL_PACK;XIREC;10012.0;3
483400;Mark 55;Mark 01;VELVETFRUIT_EXTRACT;XIREC;5249.0;3
483400;Mark 14;Mark 22;VEV_5300;XIREC;40.0;5
483400;Mark 01;Mark 22;VEV_5400;XIREC;12.0;5
483400;Mark 01;Mark 22;VEV_5500;XIREC;4.0;5
483400;Mark 01;Mark 22;VEV_6000;XIREC;0.0;5
483400;Mark 01;Mark 22;VEV_6500;XIREC;0.0;5
486000;Mark 01;Mark 55;VELVETFRUIT_EXTRACT;XIREC;5237.0;5
486200;Mark 55;Mark 01;VELVETFRUIT_EXTRACT;XIREC;5242.0;8
486700;Mark 14;Mark 55;VELVETFRUIT_EXTRACT;XIREC;5236.0;8
488200;SUBMISSION;Mark 38;HYDROGEL_PACK;XIREC;9995.0;2
488600;Mark 38;Mark 14;VEV_4000;XIREC;1247.0;2
488700;SUBMISSION;Mark 38;HYDROGEL_PACK;XIREC;9986.0;3
488700;Mark 14;Mark 38;HYDROGEL_PACK;XIREC;9985.0;2
490600;Mark 38;Mark 14;VEV_4000;XIREC;1251.0;2
492000;Mark 14;Mark 55;VELVETFRUIT_EXTRACT;XIREC;5241.0;5
492500;;SUBMISSION;HYDROGEL_PACK;XIREC;10001.0;14
493000;Mark 67;Mark 49;VELVETFRUIT_EXTRACT;XIREC;5240.0;12
493500;Mark 01;Mark 55;VELVETFRUIT_EXTRACT;XIREC;5239.0;6
493800;Mark 38;SUBMISSION;HYDROGEL_PACK;XIREC;10019.0;6
494300;Mark 55;Mark 01;VELVETFRUIT_EXTRACT;XIREC;5244.0;6
495100;Mark 55;Mark 01;VELVETFRUIT_EXTRACT;XIREC;5247.0;8
495700;SUBMISSION;Mark 38;HYDROGEL_PACK;XIREC;9986.0;3
495700;Mark 01;Mark 22;VEV_5400;XIREC;11.0;5
495700;Mark 01;Mark 22;VEV_5500;XIREC;4.0;5
495700;Mark 01;Mark 22;VEV_6000;XIREC;0.0;5
495700;Mark 01;Mark 22;VEV_6500;XIREC;0.0;5
498100;Mark 01;Mark 55;VELVETFRUIT_EXTRACT;XIREC;5242.0;8
498500;SUBMISSION;Mark 38;HYDROGEL_PACK;XIREC;9978.0;4
499900;Mark 38;Mark 14;VEV_4000;XIREC;1256.0;3
500000;Mark 55;Mark 14;VELVETFRUIT_EXTRACT;XIREC;5248.0;3
500600;SUBMISSION;Mark 38;HYDROGEL_PACK;XIREC;9977.0;5
501300;Mark 55;Mark 01;VELVETFRUIT_EXTRACT;XIREC;5247.0;7
501600;SUBMISSION;Mark 38;HYDROGEL_PACK;XIREC;9977.0;4
501900;Mark 01;Mark 22;VEV_5300;XIREC;38.0;3
501900;Mark 01;Mark 22;VEV_5400;XIREC;11.0;3
501900;Mark 01;Mark 22;VEV_5500;XIREC;4.0;3
501900;Mark 01;Mark 22;VEV_6000;XIREC;0.0;3
501900;Mark 01;Mark 22;VEV_6500;XIREC;0.0;3
503600;SUBMISSION;Mark 38;HYDROGEL_PACK;XIREC;9976.0;2
505100;Mark 01;Mark 55;VELVETFRUIT_EXTRACT;XIREC;5232.0;7
508800;Mark 01;Mark 22;VEV_5400;XIREC;10.0;5
508800;Mark 01;Mark 22;VEV_5500;XIREC;3.0;5
508800;Mark 01;Mark 22;VEV_6000;XIREC;0.0;5
508800;Mark 01;Mark 22;VEV_6500;XIREC;0.0;5
511000;SUBMISSION;Mark 38;HYDROGEL_PACK;XIREC;9990.0;3
511000;Mark 14;Mark 38;HYDROGEL_PACK;XIREC;9989.0;3
512800;SUBMISSION;Mark 38;HYDROGEL_PACK;XIREC;9983.0;2
512800;Mark 14;Mark 38;HYDROGEL_PACK;XIREC;9982.0;2
513600;Mark 55;Mark 14;VELVETFRUIT_EXTRACT;XIREC;5244.0;5
516500;SUBMISSION;Mark 38;HYDROGEL_PACK;XIREC;9978.0;2
516500;Mark 14;Mark 38;HYDROGEL_PACK;XIREC;9977.0;3
519600;Mark 14;Mark 22;VEV_5200;XIREC;87.0;5
519600;Mark 01;Mark 22;VEV_5300;XIREC;40.0;5
519600;Mark 01;Mark 22;VEV_5400;XIREC;12.0;5
519600;Mark 01;Mark 22;VEV_5500;XIREC;4.0;5
519600;Mark 01;Mark 22;VEV_6000;XIREC;0.0;5
519600;Mark 01;Mark 22;VEV_6500;XIREC;0.0;5
519800;Mark 38;Mark 14;HYDROGEL_PACK;XIREC;9982.0;6
519800;Mark 01;Mark 55;VELVETFRUIT_EXTRACT;XIREC;5243.0;5
521000;Mark 38;Mark 14;VEV_4000;XIREC;1257.0;1
521700;Mark 67;Mark 22;VELVETFRUIT_EXTRACT;XIREC;5244.0;8
524600;SUBMISSION;Mark 38;HYDROGEL_PACK;XIREC;9970.0;1
524600;Mark 14;Mark 38;HYDROGEL_PACK;XIREC;9969.0;4
526300;SUBMISSION;Mark 38;HYDROGEL_PACK;XIREC;9967.0;1
526300;Mark 14;Mark 38;HYDROGEL_PACK;XIREC;9966.0;2
527200;Mark 14;Mark 55;VELVETFRUIT_EXTRACT;XIREC;5244.0;7
527300;Mark 55;Mark 14;VELVETFRUIT_EXTRACT;XIREC;5248.0;5
529800;Mark 55;Mark 14;VELVETFRUIT_EXTRACT;XIREC;5249.0;3
530600;Mark 67;Mark 22;VELVETFRUIT_EXTRACT;XIREC;5246.0;5
530900;SUBMISSION;Mark 38;HYDROGEL_PACK;XIREC;9989.0;1
530900;Mark 14;Mark 38;HYDROGEL_PACK;XIREC;9988.0;2
533300;Mark 55;Mark 22;VELVETFRUIT_EXTRACT;XIREC;5243.0;3
534700;Mark 14;Mark 38;HYDROGEL_PACK;XIREC;9958.0;3
534900;Mark 38;Mark 14;HYDROGEL_PACK;XIREC;9976.0;3
535100;Mark 14;Mark 38;HYDROGEL_PACK;XIREC;9961.0;2
536500;Mark 38;Mark 14;VEV_4000;XIREC;1252.0;2
538700;Mark 55;Mark 14;VELVETFRUIT_EXTRACT;XIREC;5247.0;5
540500;Mark 38;Mark 14;HYDROGEL_PACK;XIREC;9982.0;2
540600;Mark 38;Mark 14;HYDROGEL_PACK;XIREC;9980.0;2
541400;Mark 55;Mark 14;VELVETFRUIT_EXTRACT;XIREC;5243.0;8
543800;Mark 38;Mark 14;HYDROGEL_PACK;XIREC;9975.0;6
543900;Mark 14;Mark 38;VEV_4000;XIREC;1231.0;1
544400;Mark 38;Mark 14;HYDROGEL_PACK;XIREC;9976.0;6
544700;Mark 55;Mark 01;VELVETFRUIT_EXTRACT;XIREC;5243.0;8
545400;Mark 55;Mark 14;VELVETFRUIT_EXTRACT;XIREC;5240.0;7
545900;Mark 55;Mark 14;VELVETFRUIT_EXTRACT;XIREC;5238.0;5
547000;Mark 14;Mark 38;HYDROGEL_PACK;XIREC;9969.0;6
547100;Mark 67;Mark 49;VELVETFRUIT_EXTRACT;XIREC;5237.0;13
548000;Mark 01;Mark 55;VELVETFRUIT_EXTRACT;XIREC;5235.0;5
548500;Mark 14;Mark 38;HYDROGEL_PACK;XIREC;9963.0;6
548600;Mark 01;Mark 22;VEV_5300;XIREC;36.0;2
548600;Mark 01;Mark 22;VEV_6000;XIREC;0.0;2
548600;Mark 01;Mark 22;VEV_6500;XIREC;0.0;2
548900;Mark 55;Mark 01;VELVETFRUIT_EXTRACT;XIREC;5240.0;7
551500;Mark 01;Mark 55;VELVETFRUIT_EXTRACT;XIREC;5238.0;6
553400;Mark 38;Mark 14;HYDROGEL_PACK;XIREC;9968.0;2
554600;Mark 14;Mark 55;VELVETFRUIT_EXTRACT;XIREC;5240.0;7
554600;Mark 14;Mark 22;VEV_5300;XIREC;38.0;5
554600;Mark 01;Mark 22;VEV_5400;XIREC;11.0;5
554600;Mark 01;Mark 22;VEV_5500;XIREC;4.0;5
554600;Mark 01;Mark 22;VEV_6000;XIREC;0.0;5
554600;Mark 01;Mark 22;VEV_6500;XIREC;0.0;5
555000;Mark 55;Mark 01;VELVETFRUIT_EXTRACT;XIREC;5246.0;3
555700;Mark 14;Mark 55;VELVETFRUIT_EXTRACT;XIREC;5239.0;7
555700;Mark 01;Mark 22;VEV_5400;XIREC;11.0;3
555700;Mark 01;Mark 22;VEV_5500;XIREC;4.0;3
555700;Mark 01;Mark 22;VEV_6000;XIREC;0.0;3
555700;Mark 01;Mark 22;VEV_6500;XIREC;0.0;3
556000;Mark 38;Mark 14;HYDROGEL_PACK;XIREC;9976.0;5
556100;Mark 38;Mark 14;HYDROGEL_PACK;XIREC;9976.0;5
556700;Mark 14;Mark 55;VELVETFRUIT_EXTRACT;XIREC;5238.0;8
558800;Mark 55;Mark 14;VELVETFRUIT_EXTRACT;XIREC;5241.0;8
558900;Mark 55;Mark 14;VELVETFRUIT_EXTRACT;XIREC;5241.0;7
561000;Mark 38;Mark 14;HYDROGEL_PACK;XIREC;9996.0;4
561100;Mark 14;Mark 55;VELVETFRUIT_EXTRACT;XIREC;5234.0;6
561300;Mark 14;Mark 55;VELVETFRUIT_EXTRACT;XIREC;5234.0;3
563200;Mark 14;Mark 38;VEV_4000;XIREC;1229.0;3
563700;Mark 38;Mark 14;VEV_4000;XIREC;1246.0;1
564900;Mark 14;Mark 55;VELVETFRUIT_EXTRACT;XIREC;5233.0;6
566100;Mark 14;Mark 55;VELVETFRUIT_EXTRACT;XIREC;5233.0;3
566300;Mark 55;Mark 01;VELVETFRUIT_EXTRACT;XIREC;5235.0;5
566700;Mark 01;Mark 22;VEV_5400;XIREC;9.0;2
566700;Mark 01;Mark 22;VEV_5500;XIREC;3.0;2
566700;Mark 01;Mark 22;VEV_6000;XIREC;0.0;2
566700;Mark 01;Mark 22;VEV_6500;XIREC;0.0;2
568500;Mark 14;Mark 38;HYDROGEL_PACK;XIREC;9971.0;2
569800;Mark 01;Mark 55;VELVETFRUIT_EXTRACT;XIREC;5225.0;5
571300;Mark 14;Mark 38;VEV_4000;XIREC;1219.0;3
573500;Mark 01;Mark 55;VELVETFRUIT_EXTRACT;XIREC;5232.0;5
573500;Mark 14;Mark 38;VEV_4000;XIREC;1224.0;2
573700;Mark 55;Mark 01;VELVETFRUIT_EXTRACT;XIREC;5237.0;3
573800;Mark 38;Mark 14;HYDROGEL_PACK;XIREC;9989.0;3
574200;Mark 38;Mark 14;HYDROGEL_PACK;XIREC;9988.0;6
575100;Mark 01;Mark 22;VEV_5400;XIREC;9.0;4
575100;Mark 01;Mark 22;VEV_5500;XIREC;3.0;4
575100;Mark 01;Mark 22;VEV_6000;XIREC;0.0;4
575100;Mark 01;Mark 22;VEV_6500;XIREC;0.0;4
576500;Mark 14;Mark 55;VELVETFRUIT_EXTRACT;XIREC;5225.0;7
576700;Mark 38;Mark 14;HYDROGEL_PACK;XIREC;10000.0;5
577700;Mark 14;Mark 55;VELVETFRUIT_EXTRACT;XIREC;5223.0;8
578300;Mark 38;Mark 14;HYDROGEL_PACK;XIREC;9992.0;6
578300;Mark 14;Mark 55;VELVETFRUIT_EXTRACT;XIREC;5223.0;8
578700;SUBMISSION;;VEV_4000;XIREC;1231.0;7
578700;SUBMISSION;;VEV_4000;XIREC;1233.0;3
578700;SUBMISSION;;VEV_4500;XIREC;728.0;10
578800;SUBMISSION;;VEV_4000;XIREC;1230.0;7
578800;SUBMISSION;;VEV_4000;XIREC;1233.0;3
578800;SUBMISSION;;VEV_4500;XIREC;728.0;10
578900;SUBMISSION;;VEV_4000;XIREC;1230.0;7
578900;SUBMISSION;;VEV_4000;XIREC;1233.0;3
578900;SUBMISSION;;VEV_4500;XIREC;728.0;8
578900;SUBMISSION;;VEV_4500;XIREC;729.0;2
579000;SUBMISSION;;VEV_4000;XIREC;1228.0;10
579000;SUBMISSION;;VEV_4500;XIREC;726.0;7
579000;SUBMISSION;;VEV_4500;XIREC;728.0;3
579100;SUBMISSION;;VEV_4000;XIREC;1227.0;10
579100;SUBMISSION;;VEV_4500;XIREC;725.0;8
579100;SUBMISSION;;VEV_4500;XIREC;727.0;2
579200;SUBMISSION;;VEV_4000;XIREC;1228.0;10
579200;SUBMISSION;;VEV_4500;XIREC;726.0;7
579200;SUBMISSION;;VEV_4500;XIREC;727.0;3
579300;SUBMISSION;;VEV_4000;XIREC;1230.0;10
579300;SUBMISSION;;VEV_4500;XIREC;727.0;9
579300;SUBMISSION;;VEV_4500;XIREC;729.0;1
579400;SUBMISSION;;VEV_4000;XIREC;1231.0;10
579400;SUBMISSION;;VEV_4500;XIREC;729.0;9
579400;SUBMISSION;;VEV_4500;XIREC;730.0;1
579500;SUBMISSION;;VEV_4000;XIREC;1231.0;10
579500;SUBMISSION;;VEV_4500;XIREC;728.0;8
579500;SUBMISSION;;VEV_4500;XIREC;730.0;2
580200;SUBMISSION;;VEV_4000;XIREC;1231.0;9
580200;SUBMISSION;;VEV_4000;XIREC;1234.0;1
580200;SUBMISSION;;VEV_4500;XIREC;729.0;9
580200;SUBMISSION;;VEV_4500;XIREC;730.0;1
580300;SUBMISSION;;VEV_4000;XIREC;1231.0;10
580300;SUBMISSION;;VEV_4500;XIREC;729.0;10
580400;SUBMISSION;;VEV_4000;XIREC;1231.0;10
580400;SUBMISSION;;VEV_4500;XIREC;729.0;8
580400;SUBMISSION;;VEV_4500;XIREC;730.0;2
581600;Mark 38;Mark 14;HYDROGEL_PACK;XIREC;10000.0;2
582600;Mark 14;Mark 38;HYDROGEL_PACK;XIREC;9980.0;4
583000;SUBMISSION;;VEV_4000;XIREC;1231.0;10
583200;SUBMISSION;;VEV_4000;XIREC;1231.0;7
583200;SUBMISSION;;VEV_4000;XIREC;1233.0;3
583200;SUBMISSION;;VEV_4500;XIREC;728.0;10
583300;SUBMISSION;;VEV_4000;XIREC;1230.0;7
583300;SUBMISSION;;VEV_4000;XIREC;1232.0;3
583300;SUBMISSION;;VEV_4500;XIREC;727.0;8
583300;SUBMISSION;;VEV_4500;XIREC;729.0;2
583400;SUBMISSION;;VEV_4000;XIREC;1229.0;7
583400;SUBMISSION;;VEV_4000;XIREC;1231.0;3
583400;SUBMISSION;;VEV_4500;XIREC;726.0;8
583400;SUBMISSION;;VEV_4500;XIREC;728.0;2
583500;SUBMISSION;;VEV_4000;XIREC;1228.0;10
583500;SUBMISSION;;VEV_4500;XIREC;725.0;9
583500;SUBMISSION;;VEV_4500;XIREC;727.0;1
583600;SUBMISSION;;VEV_4000;XIREC;1229.0;9
583600;SUBMISSION;;VEV_4000;XIREC;1231.0;1
583600;SUBMISSION;;VEV_4500;XIREC;726.0;10
583700;SUBMISSION;;VEV_4000;XIREC;1228.0;10
583700;SUBMISSION;;VEV_4500;XIREC;725.0;7
583700;SUBMISSION;;VEV_4500;XIREC;727.0;3
583800;SUBMISSION;;VEV_4000;XIREC;1228.0;9
583800;SUBMISSION;;VEV_4000;XIREC;1231.0;1
583800;SUBMISSION;;VEV_4500;XIREC;726.0;10
583900;SUBMISSION;;VEV_4000;XIREC;1229.0;9
583900;SUBMISSION;;VEV_4000;XIREC;1232.0;1
583900;SUBMISSION;;VEV_4500;XIREC;727.0;10
584000;SUBMISSION;;VEV_4000;XIREC;1230.0;10
584000;SUBMISSION;;VEV_4500;XIREC;727.0;7
584000;SUBMISSION;;VEV_4500;XIREC;729.0;3
584100;SUBMISSION;;VEV_4000;XIREC;1229.0;10
584100;SUBMISSION;;VEV_4500;XIREC;727.0;10
584200;SUBMISSION;;VEV_4000;XIREC;1230.0;10
584200;SUBMISSION;;VEV_4500;XIREC;727.0;10
584300;SUBMISSION;;VEV_4000;XIREC;1230.0;8
584300;SUBMISSION;;VEV_4000;XIREC;1232.0;2
584300;SUBMISSION;;VEV_4500;XIREC;727.0;10
584400;SUBMISSION;;VEV_4000;XIREC;1229.0;10
584400;SUBMISSION;;VEV_4500;XIREC;727.0;10
584500;;SUBMISSION;HYDROGEL_PACK;XIREC;10001.0;13
584500;SUBMISSION;;VEV_4000;XIREC;1228.0;10
584500;SUBMISSION;;VEV_4500;XIREC;725.0;8
584500;SUBMISSION;;VEV_4500;XIREC;727.0;2
584600;SUBMISSION;;VEV_4000;XIREC;1229.0;7
584600;SUBMISSION;;VEV_4000;XIREC;1231.0;3
584600;SUBMISSION;;VEV_4500;XIREC;726.0;10
584700;SUBMISSION;;VEV_4000;XIREC;1228.0;10
584700;SUBMISSION;;VEV_4500;XIREC;725.0;9
584700;SUBMISSION;;VEV_4500;XIREC;727.0;1
584800;SUBMISSION;;VEV_4000;XIREC;1227.0;10
584800;SUBMISSION;;VEV_4500;XIREC;724.0;7
584800;SUBMISSION;;VEV_4500;XIREC;726.0;3
584900;SUBMISSION;;VEV_4000;XIREC;1226.0;10
584900;SUBMISSION;;VEV_4500;XIREC;723.0;6
584900;SUBMISSION;;VEV_4500;XIREC;725.0;4
585000;SUBMISSION;;VEV_4000;XIREC;1227.0;10
585000;SUBMISSION;;VEV_4500;XIREC;724.0;6
585000;SUBMISSION;;VEV_4500;XIREC;726.0;4
585100;SUBMISSION;;VEV_4000;XIREC;1226.0;10
585100;SUBMISSION;;VEV_4500;XIREC;723.0;8
585100;SUBMISSION;;VEV_4500;XIREC;725.0;2
585200;SUBMISSION;;VEV_4000;XIREC;1224.0;8
585200;SUBMISSION;;VEV_4000;XIREC;1226.0;2
585200;SUBMISSION;;VEV_4500;XIREC;721.0;9
585200;SUBMISSION;;VEV_4500;XIREC;723.0;1
585200;Mark 14;Mark 38;HYDROGEL_PACK;XIREC;10005.0;6
585300;SUBMISSION;;VEV_4000;XIREC;1224.0;8
585300;SUBMISSION;;VEV_4000;XIREC;1227.0;2
585300;SUBMISSION;;VEV_4500;XIREC;722.0;10
585400;SUBMISSION;;VEV_4000;XIREC;1227.0;7
585400;SUBMISSION;;VEV_4000;XIREC;1229.0;3
585400;SUBMISSION;;VEV_4500;XIREC;724.0;7
585400;SUBMISSION;;VEV_4500;XIREC;726.0;3
585500;SUBMISSION;;VEV_4000;XIREC;1226.0;7
585500;SUBMISSION;;VEV_4000;XIREC;1228.0;3
585500;SUBMISSION;;VEV_4500;XIREC;723.0;10
585600;SUBMISSION;;VEV_4000;XIREC;1225.0;10
585600;SUBMISSION;;VEV_4500;XIREC;723.0;10
585700;SUBMISSION;;VEV_4000;XIREC;1223.0;7
585700;SUBMISSION;;VEV_4000;XIREC;1226.0;3
585700;SUBMISSION;;VEV_4500;XIREC;721.0;6
585700;SUBMISSION;;VEV_4500;XIREC;722.0;4
585800;SUBMISSION;;VEV_4000;XIREC;1222.0;10
585800;SUBMISSION;;VEV_4500;XIREC;720.0;8
585800;SUBMISSION;;VEV_4500;XIREC;722.0;2
585900;SUBMISSION;;VEV_4000;XIREC;1224.0;10
585900;SUBMISSION;;VEV_4500;XIREC;722.0;10
586000;SUBMISSION;;VEV_4000;XIREC;1225.0;7
586000;SUBMISSION;;VEV_4000;XIREC;1227.0;3
586000;SUBMISSION;;VEV_4500;XIREC;722.0;10
586100;SUBMISSION;;VEV_4000;XIREC;1225.0;10
586100;SUBMISSION;;VEV_4500;XIREC;722.0;8
586100;SUBMISSION;;VEV_4500;XIREC;724.0;2
586200;SUBMISSION;;VEV_4000;XIREC;1225.0;10
586200;SUBMISSION;;VEV_4500;XIREC;723.0;10
586300;SUBMISSION;;VEV_4000;XIREC;1224.0;8
586300;SUBMISSION;;VEV_4000;XIREC;1226.0;2
586300;SUBMISSION;;VEV_4500;XIREC;721.0;8
586300;SUBMISSION;;VEV_4500;XIREC;723.0;2
586400;SUBMISSION;;VEV_4000;XIREC;1224.0;10
586400;SUBMISSION;;VEV_4500;XIREC;721.0;10
586500;SUBMISSION;;VEV_4000;XIREC;1224.0;8
586500;SUBMISSION;;VEV_4000;XIREC;1227.0;2
586500;SUBMISSION;;VEV_4500;XIREC;722.0;6
586500;SUBMISSION;;VEV_4500;XIREC;724.0;4
586600;SUBMISSION;;VEV_4000;XIREC;1225.0;10
586600;SUBMISSION;;VEV_4500;XIREC;722.0;10
586700;SUBMISSION;;VEV_4000;XIREC;1225.0;7
586700;SUBMISSION;;VEV_4000;XIREC;1227.0;3
586700;SUBMISSION;;VEV_4500;XIREC;722.0;6
586700;SUBMISSION;;VEV_4500;XIREC;724.0;4
586800;SUBMISSION;;VEV_4000;XIREC;1224.0;10
586800;SUBMISSION;;VEV_4500;XIREC;722.0;10
586900;SUBMISSION;;VEV_4000;XIREC;1222.0;9
586900;SUBMISSION;;VEV_4000;XIREC;1225.0;1
586900;SUBMISSION;;VEV_4500;XIREC;720.0;10
587000;SUBMISSION;;VEV_4000;XIREC;1223.0;10
587000;SUBMISSION;;VEV_4500;XIREC;720.0;10
587100;SUBMISSION;;VEV_4000;XIREC;1212.0;4
587100;SUBMISSION;;VEV_4000;XIREC;1222.0;6
587100;SUBMISSION;;VEV_4500;XIREC;712.0;4
587100;SUBMISSION;;VEV_4500;XIREC;720.0;6
587100;Mark 14;Mark 22;VEV_5300;XIREC;28.0;4
587100;Mark 01;Mark 22;VEV_5400;XIREC;7.0;4
587100;Mark 01;Mark 22;VEV_5500;XIREC;2.0;4
587100;Mark 01;Mark 22;VEV_6000;XIREC;0.0;4
587100;Mark 01;Mark 22;VEV_6500;XIREC;0.0;4
587200;SUBMISSION;;VEV_4000;XIREC;1222.0;10
587200;SUBMISSION;;VEV_4500;XIREC;720.0;8
587200;SUBMISSION;;VEV_4500;XIREC;721.0;2
587200;Mark 55;Mark 14;VELVETFRUIT_EXTRACT;XIREC;5214.0;6
587300;SUBMISSION;;VEV_4000;XIREC;1222.0;7
587300;SUBMISSION;;VEV_4000;XIREC;1225.0;3
587300;SUBMISSION;;VEV_4500;XIREC;720.0;6
587300;SUBMISSION;;VEV_4500;XIREC;721.0;4
587400;SUBMISSION;;VEV_4000;XIREC;1222.0;8
587400;SUBMISSION;;VEV_4000;XIREC;1224.0;2
587400;SUBMISSION;;VEV_4500;XIREC;719.0;10
587500;SUBMISSION;;VEV_4000;XIREC;1223.0;10
587500;SUBMISSION;;VEV_4500;XIREC;720.0;8
587500;SUBMISSION;;VEV_4500;XIREC;722.0;2
587500;Mark 14;Mark 38;VEV_4000;XIREC;1202.0;1
587600;SUBMISSION;;VEV_4000;XIREC;1224.0;10
587600;SUBMISSION;;VEV_4500;XIREC;721.0;10
587700;Mark 38;SUBMISSION;HYDROGEL_PACK;XIREC;10012.0;4
587700;SUBMISSION;;VEV_4000;XIREC;1223.0;9
587700;SUBMISSION;;VEV_4000;XIREC;1226.0;1
587700;SUBMISSION;;VEV_4500;XIREC;721.0;10
587800;SUBMISSION;;VEV_4000;XIREC;1224.0;10
587800;SUBMISSION;;VEV_4500;XIREC;721.0;10
587900;SUBMISSION;;VEV_4500;XIREC;720.0;9
587900;SUBMISSION;;VEV_4500;XIREC;722.0;1
588400;Mark 38;SUBMISSION;HYDROGEL_PACK;XIREC;10014.0;6
588400;Mark 55;Mark 14;VELVETFRUIT_EXTRACT;XIREC;5217.0;5
588500;Mark 01;Mark 22;VEV_5300;XIREC;28.0;4
588500;Mark 01;Mark 22;VEV_5400;XIREC;7.0;4
588500;Mark 01;Mark 22;VEV_5500;XIREC;2.0;4
588500;Mark 01;Mark 22;VEV_6000;XIREC;0.0;4
588500;Mark 01;Mark 22;VEV_6500;XIREC;0.0;4
588800;Mark 38;SUBMISSION;HYDROGEL_PACK;XIREC;10015.0;2
589300;SUBMISSION;Mark 38;HYDROGEL_PACK;XIREC;10001.0;3
589400;Mark 01;Mark 55;VELVETFRUIT_EXTRACT;XIREC;5212.0;3
590700;Mark 38;Mark 14;VEV_4000;XIREC;1225.0;1
592000;Mark 55;Mark 01;VELVETFRUIT_EXTRACT;XIREC;5223.0;6
592200;Mark 38;SUBMISSION;HYDROGEL_PACK;XIREC;10019.0;4
593000;Mark 01;Mark 22;VEV_5400;XIREC;8.0;5
593000;Mark 01;Mark 22;VEV_5500;XIREC;3.0;5
593000;Mark 01;Mark 22;VEV_6000;XIREC;0.0;5
593000;Mark 01;Mark 22;VEV_6500;XIREC;0.0;5
593300;;SUBMISSION;HYDROGEL_PACK;XIREC;10011.0;3
593400;;SUBMISSION;HYDROGEL_PACK;XIREC;10017.0;7
593500;;SUBMISSION;HYDROGEL_PACK;XIREC;10014.0;5
593600;;SUBMISSION;HYDROGEL_PACK;XIREC;10014.0;5
593700;;SUBMISSION;HYDROGEL_PACK;XIREC;10012.0;3
