timestamp,buyer,seller,symbol,currency,price,quantity
900,SUBMISSION,,VELVETFRUIT_EXTRACT,XIREC,5262.0,8
900,,SUBMISSION,VELVETFRUIT_EXTRACT,XIREC,5262.0,8
1300,SUBMISSION,,VEV_4000,XIREC,1256.0,3
2700,SUBMISSION,,VELVETFRUIT_EXTRACT,XIREC,5270.0,8
2900,,SUBMISSION,VELVETFRUIT_EXTRACT,XIREC,5271.0,8
4800,,SUBMISSION,VELVETFRUIT_EXTRACT,XIREC,5272.0,3
5500,,SUBMISSION,VELVETFRUIT_EXTRACT,XIREC,5273.0,63
5600,,SUBMISSION,VELVETFRUIT_EXTRACT,XIREC,5273.0,68
5700,,SUBMISSION,VELVETFRUIT_EXTRACT,XIREC,5273.0,66
5700,SUBMISSION,,VELVETFRUIT_EXTRACT,XIREC,5274.0,5
5900,,SUBMISSION,VELVETFRUIT_EXTRACT,XIREC,5275.0,5
9000,,SUBMISSION,VEV_4000,XIREC,1273.0,1
9600,SUBMISSION,,VELVETFRUIT_EXTRACT,XIREC,5265.0,20
9700,SUBMISSION,,VELVETFRUIT_EXTRACT,XIREC,5265.0,23
9800,SUBMISSION,,VELVETFRUIT_EXTRACT,XIREC,5265.0,16
9900,SUBMISSION,,VELVETFRUIT_EXTRACT,XIREC,5265.0,60
9900,SUBMISSION,,VELVETFRUIT_EXTRACT,XIREC,5262.0,5
10000,SUBMISSION,,VELVETFRUIT_EXTRACT,XIREC,5265.0,18
10200,SUBMISSION,,HYDROGEL_PACK,XIREC,10018.0,6
10200,SUBMISSION,,VELVETFRUIT_EXTRACT,XIREC,5265.0,67
10300,SUBMISSION,,VELVETFRUIT_EXTRACT,XIREC,5263.0,15
10300,SUBMISSION,,VELVETFRUIT_EXTRACT,XIREC,5264.0,32
10400,SUBMISSION,,VELVETFRUIT_EXTRACT,XIREC,5265.0,73
10500,SUBMISSION,,VELVETFRUIT_EXTRACT,XIREC,5264.0,59
10600,SUBMISSION,,VELVETFRUIT_EXTRACT,XIREC,5264.0,12
10700,,SUBMISSION,VELVETFRUIT_EXTRACT,XIREC,5264.0,4
10800,SUBMISSION,,VELVETFRUIT_EXTRACT,XIREC,5264.0,4
11200,,SUBMISSION,HYDROGEL_PACK,XIREC,10029.0,4
12100,,SUBMISSION,VELVETFRUIT_EXTRACT,XIREC,5268.0,5
12600,SUBMISSION,,VELVETFRUIT_EXTRACT,XIREC,5265.0,3
13100,SUBMISSION,,VEV_5400,XIREC,16.0,3
13100,SUBMISSION,,VEV_5500,XIREC,6.0,3
13100,,,VEV_6000,XIREC,0.0,3
13100,,,VEV_6500,XIREC,0.0,3
13900,,SUBMISSION,VELVETFRUIT_EXTRACT,XIREC,5268.0,4
15700,,SUBMISSION,HYDROGEL_PACK,XIREC,10034.0,2
16300,,SUBMISSION,VELVETFRUIT_EXTRACT,XIREC,5274.0,5
17300,,SUBMISSION,VELVETFRUIT_EXTRACT,XIREC,5273.0,22
17300,,SUBMISSION,VELVETFRUIT_EXTRACT,XIREC,5272.0,30
17400,,SUBMISSION,VELVETFRUIT_EXTRACT,XIREC,5274.0,17
17400,,SUBMISSION,VELVETFRUIT_EXTRACT,XIREC,5273.0,49
17400,SUBMISSION,,VELVETFRUIT_EXTRACT,XIREC,5275.0,3
17500,,SUBMISSION,VELVETFRUIT_EXTRACT,XIREC,5274.0,19
17500,,SUBMISSION,VELVETFRUIT_EXTRACT,XIREC,5273.0,40
17600,,SUBMISSION,VELVETFRUIT_EXTRACT,XIREC,5273.0,22
17600,,SUBMISSION,VELVETFRUIT_EXTRACT,XIREC,5272.0,43
18000,,SUBMISSION,VELVETFRUIT_EXTRACT,XIREC,5273.0,21
18000,,SUBMISSION,VELVETFRUIT_EXTRACT,XIREC,5272.0,44
19100,,SUBMISSION,HYDROGEL_PACK,XIREC,10019.0,6
19700,SUBMISSION,,VELVETFRUIT_EXTRACT,XIREC,5266.0,13
20900,SUBMISSION,,VEV_5300,XIREC,53.0,5
20900,SUBMISSION,,VEV_5400,XIREC,17.0,5
20900,SUBMISSION,,VEV_5500,XIREC,7.0,5
20900,,,VEV_6000,XIREC,0.0,5
20900,,,VEV_6500,XIREC,0.0,5
23100,SUBMISSION,,VELVETFRUIT_EXTRACT,XIREC,5265.0,4
23400,SUBMISSION,,VELVETFRUIT_EXTRACT,XIREC,5266.0,58
23500,SUBMISSION,,VEV_5400,XIREC,16.0,2
23500,SUBMISSION,,VEV_5500,XIREC,6.0,2
23500,,,VEV_6000,XIREC,0.0,2
23500,,,VEV_6500,XIREC,0.0,2
23600,SUBMISSION,,VELVETFRUIT_EXTRACT,XIREC,5265.0,18
23600,SUBMISSION,,VELVETFRUIT_EXTRACT,XIREC,5266.0,31
23800,SUBMISSION,,VELVETFRUIT_EXTRACT,XIREC,5266.0,18
24600,SUBMISSION,,VELVETFRUIT_EXTRACT,XIREC,5265.0,5
25500,SUBMISSION,,VELVETFRUIT_EXTRACT,XIREC,5265.0,6
26500,,SUBMISSION,VELVETFRUIT_EXTRACT,XIREC,5268.0,6
28000,SUBMISSION,,VELVETFRUIT_EXTRACT,XIREC,5265.0,23
29200,SUBMISSION,,HYDROGEL_PACK,XIREC,9994.0,4
29500,SUBMISSION,,VEV_5400,XIREC,16.0,2
29500,SUBMISSION,,VEV_5500,XIREC,6.0,2
29500,,,VEV_6000,XIREC,0.0,2
29500,,,VEV_6500,XIREC,0.0,2
30300,SUBMISSION,,VELVETFRUIT_EXTRACT,XIREC,5265.0,25
30400,SUBMISSION,,VELVETFRUIT_EXTRACT,XIREC,5265.0,70
30500,SUBMISSION,,VELVETFRUIT_EXTRACT,XIREC,5265.0,18
30600,SUBMISSION,,VELVETFRUIT_EXTRACT,XIREC,5264.0,32
32500,,SUBMISSION,VELVETFRUIT_EXTRACT,XIREC,5266.0,4
33300,,SUBMISSION,VELVETFRUIT_EXTRACT,XIREC,5270.0,7
34100,,SUBMISSION,VEV_4000,XIREC,1277.0,1
35700,,SUBMISSION,VELVETFRUIT_EXTRACT,XIREC,5269.0,3
35800,SUBMISSION,,VELVETFRUIT_EXTRACT,XIREC,5265.0,7
36100,,SUBMISSION,VELVETFRUIT_EXTRACT,XIREC,5270.0,4
38400,SUBMISSION,,VELVETFRUIT_EXTRACT,XIREC,5266.0,8
39500,SUBMISSION,,VEV_4000,XIREC,1259.0,2
39700,SUBMISSION,,VELVETFRUIT_EXTRACT,XIREC,5264.0,3
41100,,SUBMISSION,HYDROGEL_PACK,XIREC,9997.0,6
41700,,SUBMISSION,VELVETFRUIT_EXTRACT,XIREC,5253.0,5
41800,SUBMISSION,,VELVETFRUIT_EXTRACT,XIREC,5255.0,5
41900,SUBMISSION,,VEV_5400,XIREC,13.0,2
41900,SUBMISSION,,VEV_5500,XIREC,5.0,2
41900,,,VEV_6000,XIREC,0.0,2
41900,,,VEV_6500,XIREC,0.0,2
42000,,,VELVETFRUIT_EXTRACT,XIREC,5247.0,8
42900,SUBMISSION,,VEV_5400,XIREC,14.0,4
42900,SUBMISSION,,VEV_5500,XIREC,5.0,4
42900,,,VEV_6000,XIREC,0.0,4
42900,,,VEV_6500,XIREC,0.0,4
43000,,,VELVETFRUIT_EXTRACT,XIREC,5250.0,8
44000,SUBMISSION,,HYDROGEL_PACK,XIREC,9979.0,4
44700,,,VELVETFRUIT_EXTRACT,XIREC,5255.0,8
44900,,SUBMISSION,VELVETFRUIT_EXTRACT,XIREC,5257.0,14
45000,SUBMISSION,,VELVETFRUIT_EXTRACT,XIREC,5261.0,14
45100,,SUBMISSION,HYDROGEL_PACK,XIREC,9990.0,3
45100,SUBMISSION,,VEV_5400,XIREC,15.0,5
45100,SUBMISSION,,VEV_5500,XIREC,5.0,5
45100,,,VEV_6000,XIREC,0.0,5
45100,,,VEV_6500,XIREC,0.0,5
46800,,,VELVETFRUIT_EXTRACT,XIREC,5256.0,8
48100,,SUBMISSION,VELVETFRUIT_EXTRACT,XIREC,5260.0,7
48200,SUBMISSION,,VELVETFRUIT_EXTRACT,XIREC,5262.0,7
48400,,SUBMISSION,VELVETFRUIT_EXTRACT,XIREC,5258.0,5
48500,SUBMISSION,,VELVETFRUIT_EXTRACT,XIREC,5262.0,5
49400,SUBMISSION,,HYDROGEL_PACK,XIREC,9959.0,4
49800,,SUBMISSION,HYDROGEL_PACK,XIREC,9959.0,3
50200,SUBMISSION,,VEV_4000,XIREC,1254.0,3
52600,,SUBMISSION,VELVETFRUIT_EXTRACT,XIREC,5262.0,8
52700,SUBMISSION,,VELVETFRUIT_EXTRACT,XIREC,5262.0,8
52900,SUBMISSION,,VEV_5500,XIREC,6.0,5
52900,,,VEV_6000,XIREC,0.0,5
52900,,,VEV_6500,XIREC,0.0,5
53200,,SUBMISSION,VELVETFRUIT_EXTRACT,XIREC,5263.0,5
53600,SUBMISSION,,VELVETFRUIT_EXTRACT,XIREC,5258.0,5
58300,,SUBMISSION,HYDROGEL_PACK,XIREC,9962.0,6
58900,SUBMISSION,,VEV_5100,XIREC,160.0,10
58900,SUBMISSION,,VEV_5100,XIREC,161.0,20
59100,SUBMISSION,,VEV_5100,XIREC,160.0,24
59200,,SUBMISSION,VELVETFRUIT_EXTRACT,XIREC,5243.0,8
59200,SUBMISSION,,VEV_5100,XIREC,159.0,6
59200,SUBMISSION,,VEV_5100,XIREC,160.0,22
59200,SUBMISSION,,VEV_5200,XIREC,89.0,6
59200,SUBMISSION,,VEV_5200,XIREC,90.0,22
59200,SUBMISSION,,VEV_5300,XIREC,42.0,9
59200,SUBMISSION,,VEV_5300,XIREC,43.0,19
59300,SUBMISSION,,VELVETFRUIT_EXTRACT,XIREC,5246.0,8
59400,SUBMISSION,,VEV_5100,XIREC,160.0,8
59400,SUBMISSION,,VEV_5100,XIREC,161.0,13
59500,SUBMISSION,,VEV_5100,XIREC,159.0,7
59500,SUBMISSION,,VEV_5100,XIREC,160.0,12
59500,SUBMISSION,,VEV_5200,XIREC,89.0,7
59500,SUBMISSION,,VEV_5200,XIREC,90.0,12
59600,SUBMISSION,,VEV_5100,XIREC,159.0,9
59600,SUBMISSION,,VEV_5100,XIREC,160.0,16
59600,SUBMISSION,,VEV_5200,XIREC,89.0,25
59700,SUBMISSION,,VEV_5100,XIREC,159.0,6
59700,SUBMISSION,,VEV_5100,XIREC,160.0,17
59700,SUBMISSION,,VEV_5200,XIREC,89.0,23
59900,SUBMISSION,,VEV_5100,XIREC,160.0,28
60700,,SUBMISSION,HYDROGEL_PACK,XIREC,9972.0,5
63800,,SUBMISSION,VEV_4000,XIREC,1257.0,3
64300,,,VELVETFRUIT_EXTRACT,XIREC,5249.0,3
67600,,SUBMISSION,VELVETFRUIT_EXTRACT,XIREC,5261.0,4
68600,SUBMISSION,,VELVETFRUIT_EXTRACT,XIREC,5258.0,4
70000,,,VELVETFRUIT_EXTRACT,XIREC,5255.0,6
70400,,SUBMISSION,VELVETFRUIT_EXTRACT,XIREC,5259.0,5
70500,SUBMISSION,,VELVETFRUIT_EXTRACT,XIREC,5257.0,5
70900,,SUBMISSION,HYDROGEL_PACK,XIREC,9993.0,2
71500,,,VELVETFRUIT_EXTRACT,XIREC,5251.0,4
71800,SUBMISSION,,HYDROGEL_PACK,XIREC,9976.0,5
72700,,SUBMISSION,HYDROGEL_PACK,XIREC,9987.0,3
73100,,,VELVETFRUIT_EXTRACT,XIREC,5256.0,7
73200,,,VELVETFRUIT_EXTRACT,XIREC,5254.0,5
75200,SUBMISSION,,VEV_5300,XIREC,46.0,4
75200,SUBMISSION,,VEV_5400,XIREC,14.0,4
75200,SUBMISSION,,VEV_5500,XIREC,5.0,4
75200,,,VEV_6000,XIREC,0.0,4
75200,,,VEV_6500,XIREC,0.0,4
76700,,SUBMISSION,VELVETFRUIT_EXTRACT,XIREC,5257.0,4
76800,SUBMISSION,,VELVETFRUIT_EXTRACT,XIREC,5257.0,4
78700,SUBMISSION,,HYDROGEL_PACK,XIREC,9940.0,3
79300,SUBMISSION,,VEV_5300,XIREC,47.0,5
79300,SUBMISSION,,VEV_5400,XIREC,14.0,5
79300,SUBMISSION,,VEV_5500,XIREC,5.0,5
79300,,,VEV_6000,XIREC,0.0,5
79300,,,VEV_6500,XIREC,0.0,5
80800,,SUBMISSION,VEV_4000,XIREC,1269.0,1
82100,,SUBMISSION,VELVETFRUIT_EXTRACT,XIREC,5270.0,5
83000,,SUBMISSION,VELVETFRUIT_EXTRACT,XIREC,5270.0,6
84100,,SUBMISSION,VELVETFRUIT_EXTRACT,XIREC,5271.0,8
84400,,SUBMISSION,VELVETFRUIT_EXTRACT,XIREC,5272.0,5
84700,,SUBMISSION,VELVETFRUIT_EXTRACT,XIREC,5273.0,19
84700,,SUBMISSION,VELVETFRUIT_EXTRACT,XIREC,5272.0,44
84800,,SUBMISSION,VELVETFRUIT_EXTRACT,XIREC,5275.0,5
85500,,SUBMISSION,HYDROGEL_PACK,XIREC,9953.0,2
85500,,SUBMISSION,VELVETFRUIT_EXTRACT,XIREC,5272.0,8
90100,,SUBMISSION,HYDROGEL_PACK,XIREC,9930.0,3
91700,,SUBMISSION,HYDROGEL_PACK,XIREC,9928.0,2
91700,SUBMISSION,,VELVETFRUIT_EXTRACT,XIREC,5265.0,8
92600,,SUBMISSION,VELVETFRUIT_EXTRACT,XIREC,5270.0,4
95100,SUBMISSION,,VELVETFRUIT_EXTRACT,XIREC,5263.0,8
97200,,SUBMISSION,VELVETFRUIT_EXTRACT,XIREC,5264.0,7
97400,SUBMISSION,,VELVETFRUIT_EXTRACT,XIREC,5259.0,5
97600,SUBMISSION,,HYDROGEL_PACK,XIREC,9938.0,2
98600,SUBMISSION,,VEV_4000,XIREC,1260.0,1
101000,SUBMISSION,,VELVETFRUIT_EXTRACT,XIREC,5260.0,69
101200,SUBMISSION,,VELVETFRUIT_EXTRACT,XIREC,5259.0,11
101800,,SUBMISSION,HYDROGEL_PACK,XIREC,9983.0,3
102400,,SUBMISSION,HYDROGEL_PACK,XIREC,9983.0,3
102600,SUBMISSION,,VEV_5400,XIREC,16.0,2
102600,SUBMISSION,,VEV_5500,XIREC,6.0,2
102600,,,VEV_6000,XIREC,0.0,2
102600,,,VEV_6500,XIREC,0.0,2
103300,SUBMISSION,,VEV_4000,XIREC,1259.0,1
103500,SUBMISSION,,VELVETFRUIT_EXTRACT,XIREC,5264.0,8
103700,SUBMISSION,,VEV_4000,XIREC,1259.0,3
104000,SUBMISSION,,VELVETFRUIT_EXTRACT,XIREC,5260.0,2
104500,,SUBMISSION,HYDROGEL_PACK,XIREC,9983.0,2
105500,SUBMISSION,,VEV_5300,XIREC,47.0,5
105500,SUBMISSION,,VEV_5500,XIREC,5.0,5
105500,,,VEV_6000,XIREC,0.0,5
105500,,,VEV_6500,XIREC,0.0,5
106300,,SUBMISSION,VELVETFRUIT_EXTRACT,XIREC,5261.0,7
108800,,SUBMISSION,VELVETFRUIT_EXTRACT,XIREC,5262.0,3
109100,SUBMISSION,,VEV_4000,XIREC,1259.0,1
109400,,SUBMISSION,VELVETFRUIT_EXTRACT,XIREC,5265.0,6
109600,,SUBMISSION,HYDROGEL_PACK,XIREC,9989.0,6
109800,,SUBMISSION,VELVETFRUIT_EXTRACT,XIREC,5266.0,3
110500,,SUBMISSION,VELVETFRUIT_EXTRACT,XIREC,5261.0,8
111300,,SUBMISSION,VELVETFRUIT_EXTRACT,XIREC,5262.0,7
111900,SUBMISSION,,VEV_4000,XIREC,1257.0,2
112600,SUBMISSION,,VELVETFRUIT_EXTRACT,XIREC,5257.0,10
112600,,SUBMISSION,VELVETFRUIT_EXTRACT,XIREC,5257.0,10
113300,SUBMISSION,,VELVETFRUIT_EXTRACT,XIREC,5259.0,34
114500,,SUBMISSION,HYDROGEL_PACK,XIREC,9993.0,5
114700,,SUBMISSION,VEV_4000,XIREC,1264.0,2
116800,,SUBMISSION,VEV_4000,XIREC,1263.0,2
118100,,SUBMISSION,VELVETFRUIT_EXTRACT,XIREC,5259.0,3
118300,SUBMISSION,,VELVETFRUIT_EXTRACT,XIREC,5258.0,3
122900,,,VELVETFRUIT_EXTRACT,XIREC,5258.0,8
124900,,SUBMISSION,HYDROGEL_PACK,XIREC,10021.0,3
126800,,SUBMISSION,HYDROGEL_PACK,XIREC,10014.0,2
129300,,SUBMISSION,VELVETFRUIT_EXTRACT,XIREC,5255.0,8
129300,,SUBMISSION,VELVETFRUIT_EXTRACT,XIREC,5255.0,5
129400,,SUBMISSION,HYDROGEL_PACK,XIREC,10008.0,4
129600,SUBMISSION,,VELVETFRUIT_EXTRACT,XIREC,5256.0,6
129700,SUBMISSION,,VELVETFRUIT_EXTRACT,XIREC,5256.0,7
129700,SUBMISSION,,VEV_5300,XIREC,46.0,4
129700,SUBMISSION,,VEV_5400,XIREC,14.0,4
129700,SUBMISSION,,VEV_5500,XIREC,5.0,4
129700,,,VEV_6000,XIREC,0.0,4
129700,,,VEV_6500,XIREC,0.0,4
130100,,SUBMISSION,VELVETFRUIT_EXTRACT,XIREC,5255.0,5
130300,SUBMISSION,,VELVETFRUIT_EXTRACT,XIREC,5257.0,5
130300,,,VELVETFRUIT_EXTRACT,XIREC,5252.0,6
133000,,SUBMISSION,VELVETFRUIT_EXTRACT,XIREC,5259.0,7
133900,SUBMISSION,,VELVETFRUIT_EXTRACT,XIREC,5257.0,7
134300,,SUBMISSION,VELVETFRUIT_EXTRACT,XIREC,5255.0,9
134700,SUBMISSION,,VELVETFRUIT_EXTRACT,XIREC,5257.0,9
135500,,SUBMISSION,VELVETFRUIT_EXTRACT,XIREC,5258.0,7
137000,SUBMISSION,,HYDROGEL_PACK,XIREC,10008.0,3
138300,SUBMISSION,,VELVETFRUIT_EXTRACT,XIREC,5256.0,7
138700,,SUBMISSION,VELVETFRUIT_EXTRACT,XIREC,5261.0,3
139300,SUBMISSION,,VELVETFRUIT_EXTRACT,XIREC,5256.0,3
140500,,SUBMISSION,VELVETFRUIT_EXTRACT,XIREC,5257.0,6
140900,SUBMISSION,,VEV_4000,XIREC,1251.0,1
142300,,SUBMISSION,VELVETFRUIT_EXTRACT,XIREC,5258.0,6
143100,,SUBMISSION,VELVETFRUIT_EXTRACT,XIREC,5260.0,7
143800,SUBMISSION,,HYDROGEL_PACK,XIREC,9997.0,5
144300,,SUBMISSION,VELVETFRUIT_EXTRACT,XIREC,5265.0,6
144400,SUBMISSION,,VEV_4000,XIREC,1258.0,1
145100,,SUBMISSION,HYDROGEL_PACK,XIREC,10011.0,5
145400,SUBMISSION,,HYDROGEL_PACK,XIREC,9996.0,2
145800,SUBMISSION,,VEV_4000,XIREC,1262.0,1
147200,SUBMISSION,,VELVETFRUIT_EXTRACT,XIREC,5260.0,8
149900,SUBMISSION,,HYDROGEL_PACK,XIREC,10008.0,3
150400,,SUBMISSION,VEV_4000,XIREC,1273.0,1
150600,,SUBMISSION,HYDROGEL_PACK,XIREC,10027.0,4
151400,SUBMISSION,,HYDROGEL_PACK,XIREC,10015.0,3
151600,SUBMISSION,,HYDROGEL_PACK,XIREC,10015.0,6
152500,,SUBMISSION,VELVETFRUIT_EXTRACT,XIREC,5272.0,18
152500,,SUBMISSION,VELVETFRUIT_EXTRACT,XIREC,5271.0,4
152700,,SUBMISSION,VELVETFRUIT_EXTRACT,XIREC,5272.0,59
153100,,SUBMISSION,VEV_4000,XIREC,1279.0,3
153200,SUBMISSION,,HYDROGEL_PACK,XIREC,10009.0,5
154300,,SUBMISSION,VELVETFRUIT_EXTRACT,XIREC,5274.0,6
155100,,SUBMISSION,VELVETFRUIT_EXTRACT,XIREC,5276.0,8
155200,,SUBMISSION,VELVETFRUIT_EXTRACT,XIREC,5273.0,20
155200,,SUBMISSION,VELVETFRUIT_EXTRACT,XIREC,5272.0,44
155300,,SUBMISSION,VELVETFRUIT_EXTRACT,XIREC,5276.0,3
155400,,SUBMISSION,VELVETFRUIT_EXTRACT,XIREC,5272.0,21
155700,,SUBMISSION,VELVETFRUIT_EXTRACT,XIREC,5276.0,4
155800,,SUBMISSION,VELVETFRUIT_EXTRACT,XIREC,5274.0,18
155800,,SUBMISSION,VELVETFRUIT_EXTRACT,XIREC,5273.0,47
155800,SUBMISSION,,VELVETFRUIT_EXTRACT,XIREC,5275.0,7
155900,,SUBMISSION,VEV_4000,XIREC,1280.0,2
156000,,SUBMISSION,VELVETFRUIT_EXTRACT,XIREC,5273.0,24
156000,,SUBMISSION,VELVETFRUIT_EXTRACT,XIREC,5272.0,34
156200,,SUBMISSION,VELVETFRUIT_EXTRACT,XIREC,5275.0,14
156300,,SUBMISSION,VELVETFRUIT_EXTRACT,XIREC,5274.0,56
156400,,SUBMISSION,VELVETFRUIT_EXTRACT,XIREC,5274.0,10
157000,,SUBMISSION,HYDROGEL_PACK,XIREC,10023.0,4
157400,,,VELVETFRUIT_EXTRACT,XIREC,5272.0,13
161100,,SUBMISSION,HYDROGEL_PACK,XIREC,10027.0,4
164100,,,VELVETFRUIT_EXTRACT,XIREC,5282.0,5
164200,SUBMISSION,,VELVETFRUIT_EXTRACT,XIREC,5279.0,7
164300,,SUBMISSION,VELVETFRUIT_EXTRACT,XIREC,5279.0,7
164600,SUBMISSION,,HYDROGEL_PACK,XIREC,10024.0,6
165700,,,VELVETFRUIT_EXTRACT,XIREC,5273.0,10
166700,,SUBMISSION,VEV_4000,XIREC,1278.0,3
169000,,SUBMISSION,HYDROGEL_PACK,XIREC,10027.0,2
169000,SUBMISSION,,VEV_5300,XIREC,52.0,3
169000,SUBMISSION,,VEV_5400,XIREC,16.0,3
169000,SUBMISSION,,VEV_5500,XIREC,6.0,3
169000,,,VEV_6000,XIREC,0.0,3
169000,,,VEV_6500,XIREC,0.0,3
169200,,SUBMISSION,HYDROGEL_PACK,XIREC,10024.0,5
169200,SUBMISSION,,VEV_4000,XIREC,1266.0,3
169900,SUBMISSION,,VELVETFRUIT_EXTRACT,XIREC,5267.0,3
170100,,SUBMISSION,HYDROGEL_PACK,XIREC,10019.0,4
170500,,SUBMISSION,VELVETFRUIT_EXTRACT,XIREC,5271.0,3
170500,,,VELVETFRUIT_EXTRACT,XIREC,5272.0,4
171500,SUBMISSION,,VELVETFRUIT_EXTRACT,XIREC,5272.0,7
171600,,SUBMISSION,VELVETFRUIT_EXTRACT,XIREC,5271.0,7
171800,SUBMISSION,,VEV_5400,XIREC,17.0,5
171800,SUBMISSION,,VEV_5500,XIREC,7.0,5
171800,,,VEV_6000,XIREC,0.0,5
171800,,,VEV_6500,XIREC,0.0,5
172600,,,VELVETFRUIT_EXTRACT,XIREC,5276.0,8
174000,,,VELVETFRUIT_EXTRACT,XIREC,5278.0,6
175000,,,VELVETFRUIT_EXTRACT,XIREC,5279.0,4
177100,SUBMISSION,,HYDROGEL_PACK,XIREC,10012.0,3
178100,SUBMISSION,,HYDROGEL_PACK,XIREC,10008.0,3
178200,SUBMISSION,,VELVETFRUIT_EXTRACT,XIREC,5273.0,3
178300,,SUBMISSION,VELVETFRUIT_EXTRACT,XIREC,5273.0,3
179100,,,VELVETFRUIT_EXTRACT,XIREC,5275.0,8
181600,SUBMISSION,,HYDROGEL_PACK,XIREC,9997.0,5
183900,SUBMISSION,,VELVETFRUIT_EXTRACT,XIREC,5263.0,9
184200,SUBMISSION,,VELVETFRUIT_EXTRACT,XIREC,5264.0,23
184400,SUBMISSION,,VELVETFRUIT_EXTRACT,XIREC,5264.0,52
184500,SUBMISSION,,VELVETFRUIT_EXTRACT,XIREC,5264.0,54
184600,SUBMISSION,,VELVETFRUIT_EXTRACT,XIREC,5264.0,54
184700,SUBMISSION,,VELVETFRUIT_EXTRACT,XIREC,5264.0,25
185500,SUBMISSION,,VELVETFRUIT_EXTRACT,XIREC,5262.0,19
185500,SUBMISSION,,VELVETFRUIT_EXTRACT,XIREC,5263.0,43
185500,,SUBMISSION,VELVETFRUIT_EXTRACT,XIREC,5261.0,5
185600,SUBMISSION,,VELVETFRUIT_EXTRACT,XIREC,5263.0,56
186100,SUBMISSION,,VELVETFRUIT_EXTRACT,XIREC,5263.0,24
186200,SUBMISSION,,VELVETFRUIT_EXTRACT,XIREC,5262.0,19
186200,SUBMISSION,,VELVETFRUIT_EXTRACT,XIREC,5263.0,27
188200,,,VELVETFRUIT_EXTRACT,XIREC,5255.0,3
189100,SUBMISSION,,VEV_5300,XIREC,47.0,4
189100,SUBMISSION,,VEV_5400,XIREC,14.0,4
189100,SUBMISSION,,VEV_5500,XIREC,6.0,4
189100,,,VEV_6000,XIREC,0.0,4
189100,,,VEV_6500,XIREC,0.0,4
189700,,,VELVETFRUIT_EXTRACT,XIREC,5257.0,6
190900,,SUBMISSION,VEV_4000,XIREC,1265.0,1
192700,SUBMISSION,,VEV_4000,XIREC,1258.0,2
193400,,SUBMISSION,HYDROGEL_PACK,XIREC,9992.0,4
194700,,SUBMISSION,VELVETFRUIT_EXTRACT,XIREC,5262.0,10
194900,SUBMISSION,,VELVETFRUIT_EXTRACT,XIREC,5258.0,6
195000,SUBMISSION,,VELVETFRUIT_EXTRACT,XIREC,5262.0,4
195200,,SUBMISSION,VEV_4000,XIREC,1265.0,2
195500,,SUBMISSION,VELVETFRUIT_EXTRACT,XIREC,5263.0,6
195600,SUBMISSION,,HYDROGEL_PACK,XIREC,9973.0,5
196700,SUBMISSION,,VELVETFRUIT_EXTRACT,XIREC,5262.0,6
196800,SUBMISSION,,VEV_4000,XIREC,1258.0,2
199400,,SUBMISSION,VELVETFRUIT_EXTRACT,XIREC,5262.0,8
200400,SUBMISSION,,VEV_4000,XIREC,1257.0,1
201300,SUBMISSION,,VELVETFRUIT_EXTRACT,XIREC,5260.0,6
201500,SUBMISSION,,VELVETFRUIT_EXTRACT,XIREC,5261.0,2
201500,SUBMISSION,,VEV_4000,XIREC,1253.0,1
202300,SUBMISSION,,VEV_4000,XIREC,1254.0,1
203500,,SUBMISSION,VELVETFRUIT_EXTRACT,XIREC,5262.0,4
204300,SUBMISSION,,VELVETFRUIT_EXTRACT,XIREC,5261.0,4
204400,SUBMISSION,,VEV_5300,XIREC,47.0,5
204400,SUBMISSION,,VEV_5400,XIREC,14.0,5
204400,SUBMISSION,,VEV_5500,XIREC,6.0,5
204400,,,VEV_6000,XIREC,0.0,5
204400,,,VEV_6500,XIREC,0.0,5
205000,,,VELVETFRUIT_EXTRACT,XIREC,5263.0,5
206000,,SUBMISSION,VELVETFRUIT_EXTRACT,XIREC,5267.0,6
206200,,SUBMISSION,HYDROGEL_PACK,XIREC,9991.0,3
206600,SUBMISSION,,HYDROGEL_PACK,XIREC,9977.0,3
206700,SUBMISSION,,HYDROGEL_PACK,XIREC,9982.0,5
207000,,SUBMISSION,VELVETFRUIT_EXTRACT,XIREC,5268.0,15
209400,SUBMISSION,,VELVETFRUIT_EXTRACT,XIREC,5266.0,4
211400,SUBMISSION,,VELVETFRUIT_EXTRACT,XIREC,5265.0,7
212100,,SUBMISSION,VELVETFRUIT_EXTRACT,XIREC,5270.0,4
212100,SUBMISSION,,VEV_4000,XIREC,1262.0,2
212200,,SUBMISSION,VELVETFRUIT_EXTRACT,XIREC,5267.0,5
212900,SUBMISSION,,VELVETFRUIT_EXTRACT,XIREC,5267.0,5
217200,SUBMISSION,,VELVETFRUIT_EXTRACT,XIREC,5263.0,4
217800,SUBMISSION,,VELVETFRUIT_EXTRACT,XIREC,5261.0,6
219200,SUBMISSION,,HYDROGEL_PACK,XIREC,9955.0,4
220600,SUBMISSION,,VELVETFRUIT_EXTRACT,XIREC,5261.0,4
220800,,SUBMISSION,VELVETFRUIT_EXTRACT,XIREC,5264.0,6
221200,,SUBMISSION,HYDROGEL_PACK,XIREC,9962.0,6
221300,SUBMISSION,,VELVETFRUIT_EXTRACT,XIREC,5258.0,6
224300,,SUBMISSION,HYDROGEL_PACK,XIREC,9941.0,4
225500,SUBMISSION,,VEV_5300,XIREC,50.0,5
225500,SUBMISSION,,VEV_5400,XIREC,16.0,5
225500,SUBMISSION,,VEV_5500,XIREC,6.0,5
225500,,,VEV_6000,XIREC,0.0,5
225500,,,VEV_6500,XIREC,0.0,5
229400,,,VELVETFRUIT_EXTRACT,XIREC,5260.0,7
231600,,,VELVETFRUIT_EXTRACT,XIREC,5262.0,5
231900,,SUBMISSION,VEV_4000,XIREC,1270.0,2
232000,,SUBMISSION,VELVETFRUIT_EXTRACT,XIREC,5266.0,8
233000,,SUBMISSION,HYDROGEL_PACK,XIREC,9926.0,3
235600,,SUBMISSION,VELVETFRUIT_EXTRACT,XIREC,5271.0,22
235600,,SUBMISSION,VELVETFRUIT_EXTRACT,XIREC,5270.0,32
235700,SUBMISSION,,HYDROGEL_PACK,XIREC,9907.0,6
235800,,SUBMISSION,VELVETFRUIT_EXTRACT,XIREC,5271.0,18
235800,,SUBMISSION,VELVETFRUIT_EXTRACT,XIREC,5270.0,43
235900,,SUBMISSION,VELVETFRUIT_EXTRACT,XIREC,5272.0,19
235900,,SUBMISSION,VELVETFRUIT_EXTRACT,XIREC,5271.0,46
237400,,SUBMISSION,VELVETFRUIT_EXTRACT,XIREC,5272.0,6
237600,,SUBMISSION,VELVETFRUIT_EXTRACT,XIREC,5271.0,8
237700,,SUBMISSION,VELVETFRUIT_EXTRACT,XIREC,5272.0,8
238900,SUBMISSION,,HYDROGEL_PACK,XIREC,9911.0,4
239300,SUBMISSION,,HYDROGEL_PACK,XIREC,9910.0,2
239400,SUBMISSION,,HYDROGEL_PACK,XIREC,9911.0,4
239400,SUBMISSION,,VEV_5400,XIREC,15.0,2
239400,SUBMISSION,,VEV_5500,XIREC,6.0,2
239400,,,VEV_6000,XIREC,0.0,2
239400,,,VEV_6500,XIREC,0.0,2
239800,,SUBMISSION,HYDROGEL_PACK,XIREC,9924.0,5
241600,,SUBMISSION,VELVETFRUIT_EXTRACT,XIREC,5274.0,16
241600,,SUBMISSION,VELVETFRUIT_EXTRACT,XIREC,5273.0,47
241700,,SUBMISSION,VELVETFRUIT_EXTRACT,XIREC,5273.0,64
241900,,SUBMISSION,VELVETFRUIT_EXTRACT,XIREC,5272.0,63
242100,,,VELVETFRUIT_EXTRACT,XIREC,5276.0,8
243500,,,VELVETFRUIT_EXTRACT,XIREC,5274.0,4
243800,SUBMISSION,,HYDROGEL_PACK,XIREC,9920.0,4
244900,,,VELVETFRUIT_EXTRACT,XIREC,5276.0,4
249400,,SUBMISSION,VEV_4000,XIREC,1281.0,3
249800,SUBMISSION,,VEV_4000,XIREC,1272.0,2
253000,SUBMISSION,,VEV_5400,XIREC,16.0,3
253000,SUBMISSION,,VEV_5500,XIREC,6.0,3
253000,,,VEV_6000,XIREC,0.0,3
253000,,,VEV_6500,XIREC,0.0,3
254300,,SUBMISSION,HYDROGEL_PACK,XIREC,9950.0,2
256200,SUBMISSION,,HYDROGEL_PACK,XIREC,9928.0,5
258000,,,VELVETFRUIT_EXTRACT,XIREC,5271.0,15
258900,,SUBMISSION,HYDROGEL_PACK,XIREC,9927.0,2
259500,SUBMISSION,,VELVETFRUIT_EXTRACT,XIREC,5274.0,4
259600,,SUBMISSION,VELVETFRUIT_EXTRACT,XIREC,5274.0,4
263900,SUBMISSION,,VELVETFRUIT_EXTRACT,XIREC,5282.0,4
264000,,SUBMISSION,VELVETFRUIT_EXTRACT,XIREC,5280.0,4
264200,,SUBMISSION,HYDROGEL_PACK,XIREC,9926.0,6
264200,,SUBMISSION,VEV_5100,XIREC,192.0,25
264200,,SUBMISSION,VEV_5200,XIREC,115.0,8
264200,,SUBMISSION,VEV_5200,XIREC,114.0,17
264300,,SUBMISSION,VEV_5100,XIREC,192.0,25
264400,,SUBMISSION,VEV_5100,XIREC,192.0,26
264400,,SUBMISSION,VEV_5200,XIREC,115.0,10
264400,,SUBMISSION,VEV_5200,XIREC,114.0,16
264600,,SUBMISSION,VEV_5100,XIREC,192.0,9
264600,,SUBMISSION,VEV_5100,XIREC,191.0,17
264700,SUBMISSION,,HYDROGEL_PACK,XIREC,9908.0,2
264700,,SUBMISSION,VEV_5100,XIREC,192.0,12
264700,,SUBMISSION,VEV_5100,XIREC,191.0,13
264900,,SUBMISSION,VEV_5100,XIREC,192.0,30
265000,,SUBMISSION,VEV_5100,XIREC,193.0,6
265000,,SUBMISSION,VEV_5100,XIREC,192.0,12
265000,,SUBMISSION,VEV_5200,XIREC,115.0,18
265100,SUBMISSION,,VELVETFRUIT_EXTRACT,XIREC,5286.0,6
265100,,SUBMISSION,VEV_5100,XIREC,194.0,8
265100,,SUBMISSION,VEV_5100,XIREC,193.0,21
265100,,SUBMISSION,VEV_5200,XIREC,116.0,8
265100,,SUBMISSION,VEV_5200,XIREC,115.0,21
265200,SUBMISSION,,HYDROGEL_PACK,XIREC,9910.0,5
265200,,SUBMISSION,VELVETFRUIT_EXTRACT,XIREC,5285.0,6
265200,,SUBMISSION,VEV_5100,XIREC,193.0,28
265200,,SUBMISSION,VEV_5200,XIREC,115.0,28
265300,,SUBMISSION,VEV_5100,XIREC,193.0,27
265300,,SUBMISSION,VEV_5200,XIREC,115.0,27
265400,,SUBMISSION,VEV_5100,XIREC,193.0,30
265400,,SUBMISSION,VEV_5200,XIREC,115.0,30
265500,SUBMISSION,,VELVETFRUIT_EXTRACT,XIREC,5286.0,6
265500,,SUBMISSION,VEV_4000,XIREC,1287.0,3
265500,,SUBMISSION,VEV_4000,XIREC,1277.0,14
265500,,SUBMISSION,VEV_4000,XIREC,1274.0,13
265500,,SUBMISSION,VEV_4500,XIREC,787.0,3
265500,,SUBMISSION,VEV_4500,XIREC,779.0,8
265500,,SUBMISSION,VEV_4500,XIREC,777.0,19
265500,,SUBMISSION,VEV_5000,XIREC,289.0,3
265500,,SUBMISSION,VEV_5000,XIREC,286.0,8
265500,,SUBMISSION,VEV_5000,XIREC,285.0,19
265500,,SUBMISSION,VEV_5100,XIREC,195.0,3
265500,,SUBMISSION,VEV_5100,XIREC,194.0,8
265500,,SUBMISSION,VEV_5100,XIREC,193.0,19
265500,,SUBMISSION,VEV_5200,XIREC,117.0,3
265500,,SUBMISSION,VEV_5200,XIREC,115.0,27
265500,,SUBMISSION,VEV_5400,XIREC,21.0,3
265500,,SUBMISSION,VEV_5400,XIREC,20.0,23
265600,,SUBMISSION,VELVETFRUIT_EXTRACT,XIREC,5284.0,6
265600,,SUBMISSION,VEV_5100,XIREC,193.0,9
265600,,SUBMISSION,VEV_5100,XIREC,192.0,14
265600,,SUBMISSION,VEV_5200,XIREC,115.0,23
265700,,SUBMISSION,VEV_4000,XIREC,1286.0,4
265700,,SUBMISSION,VEV_4000,XIREC,1276.0,8
265700,,SUBMISSION,VEV_4000,XIREC,1274.0,18
265700,,SUBMISSION,VEV_4500,XIREC,786.0,4
265700,,SUBMISSION,VEV_4500,XIREC,779.0,10
265700,,SUBMISSION,VEV_4500,XIREC,777.0,16
265700,,SUBMISSION,VEV_5000,XIREC,288.0,4
265700,,SUBMISSION,VEV_5000,XIREC,286.0,10
265700,,SUBMISSION,VEV_5000,XIREC,285.0,16
265700,,SUBMISSION,VEV_5100,XIREC,195.0,4
265700,,SUBMISSION,VEV_5100,XIREC,193.0,10
265700,,SUBMISSION,VEV_5100,XIREC,192.0,16
265700,,SUBMISSION,VEV_5200,XIREC,116.0,4
265700,,SUBMISSION,VEV_5200,XIREC,115.0,26
265800,,SUBMISSION,VEV_5100,XIREC,193.0,19
265800,,SUBMISSION,VEV_5200,XIREC,115.0,19
265900,,SUBMISSION,VEV_5000,XIREC,287.0,12
265900,,SUBMISSION,VEV_5000,XIREC,286.0,18
265900,,SUBMISSION,VEV_5100,XIREC,194.0,30
265900,,SUBMISSION,VEV_5200,XIREC,116.0,30
266000,,SUBMISSION,VEV_5000,XIREC,287.0,7
266000,,SUBMISSION,VEV_5000,XIREC,286.0,23
266000,,SUBMISSION,VEV_5100,XIREC,194.0,30
266000,,SUBMISSION,VEV_5200,XIREC,116.0,30
266000,,SUBMISSION,VEV_5400,XIREC,21.0,24
266100,,SUBMISSION,VEV_5000,XIREC,287.0,6
266100,,SUBMISSION,VEV_5000,XIREC,286.0,21
266100,,SUBMISSION,VEV_5100,XIREC,194.0,6
266100,,SUBMISSION,VEV_5100,XIREC,193.0,21
266100,,SUBMISSION,VEV_5200,XIREC,116.0,6
266100,,SUBMISSION,VEV_5200,XIREC,115.0,21
266200,,SUBMISSION,VEV_5000,XIREC,287.0,10
266200,,SUBMISSION,VEV_5000,XIREC,286.0,20
266200,,SUBMISSION,VEV_5100,XIREC,194.0,15
266200,,SUBMISSION,VEV_5200,XIREC,116.0,18
266200,,SUBMISSION,VEV_5400,XIREC,21.0,10
266200,,SUBMISSION,VEV_5400,XIREC,20.0,20
266300,,SUBMISSION,VEV_5000,XIREC,288.0,7
266300,,SUBMISSION,VEV_5000,XIREC,287.0,23
266300,,SUBMISSION,VEV_5400,XIREC,21.0,18
266400,,SUBMISSION,VEV_4000,XIREC,1279.0,8
266400,,SUBMISSION,VEV_4000,XIREC,1277.0,22
266400,,SUBMISSION,VEV_4500,XIREC,782.0,9
266400,,SUBMISSION,VEV_4500,XIREC,780.0,16
266400,,SUBMISSION,VEV_5000,XIREC,288.0,25
266400,,SUBMISSION,VEV_5300,XIREC,59.0,22
266400,,SUBMISSION,VEV_5400,XIREC,21.0,22
266500,,SUBMISSION,VEV_5000,XIREC,287.0,18
266500,,SUBMISSION,VEV_5400,XIREC,21.0,23
266700,,SUBMISSION,VEV_4000,XIREC,1286.0,2
266700,,SUBMISSION,VEV_4000,XIREC,1276.0,15
266700,,SUBMISSION,VEV_4000,XIREC,1273.0,13
266700,,SUBMISSION,VEV_4500,XIREC,786.0,2
266700,,SUBMISSION,VEV_4500,XIREC,778.0,8
266700,,SUBMISSION,VEV_4500,XIREC,776.0,20
266700,,SUBMISSION,VEV_5000,XIREC,288.0,2
266700,,SUBMISSION,VEV_5000,XIREC,285.0,28
266800,SUBMISSION,,VEV_4000,XIREC,1280.0,1
267000,,,VELVETFRUIT_EXTRACT,XIREC,5289.0,6
267400,SUBMISSION,,VELVETFRUIT_EXTRACT,XIREC,5284.0,4
267500,,SUBMISSION,VELVETFRUIT_EXTRACT,XIREC,5281.0,4
267900,,SUBMISSION,HYDROGEL_PACK,XIREC,9925.0,6
268200,SUBMISSION,,VELVETFRUIT_EXTRACT,XIREC,5281.0,7
268300,,SUBMISSION,VELVETFRUIT_EXTRACT,XIREC,5279.0,7
268600,SUBMISSION,,VELVETFRUIT_EXTRACT,XIREC,5282.0,5
268700,,SUBMISSION,VELVETFRUIT_EXTRACT,XIREC,5281.0,5
268900,SUBMISSION,,VEV_5400,XIREC,19.0,4
268900,SUBMISSION,,VEV_5500,XIREC,8.0,4
268900,,,VEV_6000,XIREC,0.0,4
268900,,,VEV_6500,XIREC,0.0,4
269700,,SUBMISSION,VEV_4000,XIREC,1283.0,1
270500,,SUBMISSION,VEV_4000,XIREC,1286.0,1
271100,SUBMISSION,,VELVETFRUIT_EXTRACT,XIREC,5277.0,3
271200,,SUBMISSION,VELVETFRUIT_EXTRACT,XIREC,5274.0,3
272000,SUBMISSION,,VEV_5500,XIREC,8.0,3
272000,,,VEV_6000,XIREC,0.0,3
272000,,,VEV_6500,XIREC,0.0,3
272700,SUBMISSION,,VELVETFRUIT_EXTRACT,XIREC,5278.0,3
272800,,SUBMISSION,VELVETFRUIT_EXTRACT,XIREC,5276.0,3
272900,,SUBMISSION,HYDROGEL_PACK,XIREC,9923.0,5
272900,,SUBMISSION,VEV_4000,XIREC,1285.0,3
273400,,SUBMISSION,HYDROGEL_PACK,XIREC,9921.0,3
273500,,SUBMISSION,HYDROGEL_PACK,XIREC,9920.0,6
274100,SUBMISSION,,VELVETFRUIT_EXTRACT,XIREC,5280.0,6
274200,,SUBMISSION,VELVETFRUIT_EXTRACT,XIREC,5276.0,6
274300,,,VELVETFRUIT_EXTRACT,XIREC,5280.0,8
274400,SUBMISSION,,HYDROGEL_PACK,XIREC,9908.0,3
274600,SUBMISSION,,VELVETFRUIT_EXTRACT,XIREC,5275.0,3
274900,,SUBMISSION,VELVETFRUIT_EXTRACT,XIREC,5274.0,3
275200,SUBMISSION,,VEV_5400,XIREC,18.0,5
275200,SUBMISSION,,VEV_5500,XIREC,7.0,5
275200,,,VEV_6000,XIREC,0.0,5
275200,,,VEV_6500,XIREC,0.0,5
275800,,SUBMISSION,HYDROGEL_PACK,XIREC,9911.0,6
277000,,SUBMISSION,HYDROGEL_PACK,XIREC,9910.0,6
277300,,SUBMISSION,HYDROGEL_PACK,XIREC,9909.0,3
277900,SUBMISSION,,VEV_4000,XIREC,1264.0,3
278100,SUBMISSION,,VELVETFRUIT_EXTRACT,XIREC,5269.0,15
278700,,SUBMISSION,VELVETFRUIT_EXTRACT,XIREC,5273.0,6
278800,SUBMISSION,,HYDROGEL_PACK,XIREC,9891.0,2
278800,,SUBMISSION,VELVETFRUIT_EXTRACT,XIREC,5275.0,4
279900,SUBMISSION,,HYDROGEL_PACK,XIREC,9891.0,6
280700,SUBMISSION,,VELVETFRUIT_EXTRACT,XIREC,5269.0,6
281000,SUBMISSION,,VELVETFRUIT_EXTRACT,XIREC,5269.0,66
281100,,SUBMISSION,VEV_4000,XIREC,1273.0,1
281200,SUBMISSION,,VELVETFRUIT_EXTRACT,XIREC,5269.0,21
281400,SUBMISSION,,VELVETFRUIT_EXTRACT,XIREC,5269.0,9
281800,SUBMISSION,,VELVETFRUIT_EXTRACT,XIREC,5269.0,19
282200,SUBMISSION,,HYDROGEL_PACK,XIREC,9892.0,4
282600,SUBMISSION,,VELVETFRUIT_EXTRACT,XIREC,5270.0,10
282600,,SUBMISSION,VELVETFRUIT_EXTRACT,XIREC,5271.0,6
283300,SUBMISSION,,VELVETFRUIT_EXTRACT,XIREC,5271.0,5
283700,,SUBMISSION,HYDROGEL_PACK,XIREC,9921.0,5
284300,,SUBMISSION,HYDROGEL_PACK,XIREC,9922.0,6
285600,,SUBMISSION,VELVETFRUIT_EXTRACT,XIREC,5277.0,4
285800,,SUBMISSION,VELVETFRUIT_EXTRACT,XIREC,5274.0,50
285800,,SUBMISSION,VELVETFRUIT_EXTRACT,XIREC,5276.0,6
285900,,SUBMISSION,VELVETFRUIT_EXTRACT,XIREC,5275.0,24
285900,,SUBMISSION,VELVETFRUIT_EXTRACT,XIREC,5274.0,44
286000,,SUBMISSION,VELVETFRUIT_EXTRACT,XIREC,5277.0,7
286100,SUBMISSION,,VELVETFRUIT_EXTRACT,XIREC,5279.0,5
286200,,SUBMISSION,VELVETFRUIT_EXTRACT,XIREC,5276.0,5
286900,SUBMISSION,,VEV_4000,XIREC,1271.0,3
287100,SUBMISSION,,VEV_5400,XIREC,18.0,2
287100,SUBMISSION,,VEV_5500,XIREC,7.0,2
287100,,,VEV_6000,XIREC,0.0,2
287100,,,VEV_6500,XIREC,0.0,2
287600,SUBMISSION,,VEV_5400,XIREC,18.0,2
287600,SUBMISSION,,VEV_5500,XIREC,7.0,2
287600,,,VEV_6000,XIREC,0.0,2
287600,,,VEV_6500,XIREC,0.0,2
288000,,SUBMISSION,HYDROGEL_PACK,XIREC,9935.0,5
288000,SUBMISSION,,VELVETFRUIT_EXTRACT,XIREC,5275.0,8
288100,,SUBMISSION,VELVETFRUIT_EXTRACT,XIREC,5274.0,8
289300,SUBMISSION,,VEV_5300,XIREC,52.0,2
289300,SUBMISSION,,VEV_5400,XIREC,17.0,2
289300,SUBMISSION,,VEV_5500,XIREC,7.0,2
289300,,,VEV_6000,XIREC,0.0,2
289300,,,VEV_6500,XIREC,0.0,2
291000,SUBMISSION,,HYDROGEL_PACK,XIREC,9906.0,3
291800,SUBMISSION,,VELVETFRUIT_EXTRACT,XIREC,5268.0,4
292800,,SUBMISSION,HYDROGEL_PACK,XIREC,9920.0,6
293100,,SUBMISSION,VELVETFRUIT_EXTRACT,XIREC,5273.0,4
293100,,,VELVETFRUIT_EXTRACT,XIREC,5274.0,1
293400,,,VELVETFRUIT_EXTRACT,XIREC,5273.0,5
293600,SUBMISSION,,VEV_4000,XIREC,1265.0,2
293700,SUBMISSION,,VELVETFRUIT_EXTRACT,XIREC,5268.0,8
294600,SUBMISSION,,VEV_5400,XIREC,16.0,2
294600,SUBMISSION,,VEV_5500,XIREC,7.0,2
294600,,,VEV_6000,XIREC,0.0,2
294600,,,VEV_6500,XIREC,0.0,2
296800,SUBMISSION,,VELVETFRUIT_EXTRACT,XIREC,5269.0,8
297000,SUBMISSION,,VELVETFRUIT_EXTRACT,XIREC,5267.0,15
297500,SUBMISSION,,VELVETFRUIT_EXTRACT,XIREC,5268.0,10
299100,,SUBMISSION,HYDROGEL_PACK,XIREC,9962.0,3
300500,SUBMISSION,,VELVETFRUIT_EXTRACT,XIREC,5267.0,12
300800,SUBMISSION,,HYDROGEL_PACK,XIREC,9947.0,4
301000,SUBMISSION,,VELVETFRUIT_EXTRACT,XIREC,5268.0,8
301200,SUBMISSION,,VELVETFRUIT_EXTRACT,XIREC,5269.0,21
301300,SUBMISSION,,VELVETFRUIT_EXTRACT,XIREC,5268.0,74
301400,SUBMISSION,,VELVETFRUIT_EXTRACT,XIREC,5269.0,23
301700,SUBMISSION,,VELVETFRUIT_EXTRACT,XIREC,5266.0,6
301700,SUBMISSION,,VELVETFRUIT_EXTRACT,XIREC,5269.0,55
301700,SUBMISSION,,VEV_4000,XIREC,1261.0,2
301800,SUBMISSION,,VELVETFRUIT_EXTRACT,XIREC,5268.0,71
301900,SUBMISSION,,VELVETFRUIT_EXTRACT,XIREC,5267.0,20
301900,SUBMISSION,,VELVETFRUIT_EXTRACT,XIREC,5268.0,45
302000,SUBMISSION,,VELVETFRUIT_EXTRACT,XIREC,5267.0,19
302000,SUBMISSION,,VELVETFRUIT_EXTRACT,XIREC,5268.0,5
303100,SUBMISSION,,VEV_4000,XIREC,1261.0,1
303800,SUBMISSION,,HYDROGEL_PACK,XIREC,9936.0,2
305600,,,VELVETFRUIT_EXTRACT,XIREC,5267.0,3
305700,,SUBMISSION,HYDROGEL_PACK,XIREC,9950.0,6
306000,,SUBMISSION,VELVETFRUIT_EXTRACT,XIREC,5273.0,5
306100,,SUBMISSION,HYDROGEL_PACK,XIREC,9951.0,5
307600,,SUBMISSION,VEV_4000,XIREC,1276.0,2
307900,SUBMISSION,,VELVETFRUIT_EXTRACT,XIREC,5269.0,5
307900,,,VELVETFRUIT_EXTRACT,XIREC,5268.0,3
308400,,,VELVETFRUIT_EXTRACT,XIREC,5270.0,3
309200,,SUBMISSION,VELVETFRUIT_EXTRACT,XIREC,5273.0,8
310100,,SUBMISSION,HYDROGEL_PACK,XIREC,9941.0,4
310200,,SUBMISSION,VELVETFRUIT_EXTRACT,XIREC,5274.0,5
310300,,SUBMISSION,VELVETFRUIT_EXTRACT,XIREC,5273.0,11
311200,SUBMISSION,,VELVETFRUIT_EXTRACT,XIREC,5266.0,8
311700,,SUBMISSION,VELVETFRUIT_EXTRACT,XIREC,5272.0,6
311800,,SUBMISSION,HYDROGEL_PACK,XIREC,9944.0,2
314000,SUBMISSION,,VELVETFRUIT_EXTRACT,XIREC,5268.0,7
314800,,SUBMISSION,HYDROGEL_PACK,XIREC,9952.0,3
315400,,SUBMISSION,HYDROGEL_PACK,XIREC,9955.0,4
316000,,SUBMISSION,VELVETFRUIT_EXTRACT,XIREC,5273.0,19
316300,,SUBMISSION,VELVETFRUIT_EXTRACT,XIREC,5273.0,73
316600,,SUBMISSION,VELVETFRUIT_EXTRACT,XIREC,5273.0,22
316700,,SUBMISSION,VELVETFRUIT_EXTRACT,XIREC,5273.0,22
316700,SUBMISSION,,VEV_5400,XIREC,17.0,3
316700,SUBMISSION,,VEV_5500,XIREC,7.0,3
316700,,,VEV_6000,XIREC,0.0,3
316700,,,VEV_6500,XIREC,0.0,3
316800,,SUBMISSION,VELVETFRUIT_EXTRACT,XIREC,5275.0,7
316900,,SUBMISSION,HYDROGEL_PACK,XIREC,9953.0,2
317500,SUBMISSION,,VEV_5400,XIREC,17.0,3
317500,SUBMISSION,,VEV_5500,XIREC,7.0,3
317500,,,VEV_6000,XIREC,0.0,3
317500,,,VEV_6500,XIREC,0.0,3
318100,,SUBMISSION,VEV_4000,XIREC,1279.0,1
319600,,SUBMISSION,VELVETFRUIT_EXTRACT,XIREC,5274.0,58
319700,,SUBMISSION,VELVETFRUIT_EXTRACT,XIREC,5275.0,66
319800,,SUBMISSION,VELVETFRUIT_EXTRACT,XIREC,5276.0,57
319900,,SUBMISSION,VELVETFRUIT_EXTRACT,XIREC,5281.0,11
319900,,SUBMISSION,VELVETFRUIT_EXTRACT,XIREC,5278.0,22
319900,,SUBMISSION,VELVETFRUIT_EXTRACT,XIREC,5277.0,28
320800,SUBMISSION,,VEV_5300,XIREC,52.0,5
320800,SUBMISSION,,VEV_5400,XIREC,17.0,5
320800,SUBMISSION,,VEV_5500,XIREC,7.0,5
320800,,,VEV_6000,XIREC,0.0,5
320800,,,VEV_6500,XIREC,0.0,5
321600,SUBMISSION,,VEV_5300,XIREC,50.0,4
321600,SUBMISSION,,VEV_5400,XIREC,16.0,4
321600,SUBMISSION,,VEV_5500,XIREC,7.0,4
321600,,,VEV_6000,XIREC,0.0,4
321600,,,VEV_6500,XIREC,0.0,4
322300,,SUBMISSION,VEV_4000,XIREC,1277.0,2
323200,,,VELVETFRUIT_EXTRACT,XIREC,5276.0,5
323500,SUBMISSION,,VELVETFRUIT_EXTRACT,XIREC,5269.0,14
323500,,,VELVETFRUIT_EXTRACT,XIREC,5269.0,14
325800,SUBMISSION,,VELVETFRUIT_EXTRACT,XIREC,5269.0,17
325900,SUBMISSION,,VELVETFRUIT_EXTRACT,XIREC,5268.0,58
326000,SUBMISSION,,VELVETFRUIT_EXTRACT,XIREC,5269.0,52
326100,SUBMISSION,,VELVETFRUIT_EXTRACT,XIREC,5269.0,55
326200,SUBMISSION,,VELVETFRUIT_EXTRACT,XIREC,5267.0,19
326200,SUBMISSION,,VELVETFRUIT_EXTRACT,XIREC,5268.0,42
326300,SUBMISSION,,VELVETFRUIT_EXTRACT,XIREC,5266.0,21
326300,SUBMISSION,,VELVETFRUIT_EXTRACT,XIREC,5267.0,32
326400,SUBMISSION,,VELVETFRUIT_EXTRACT,XIREC,5265.0,51
326500,SUBMISSION,,VELVETFRUIT_EXTRACT,XIREC,5264.0,39
327600,,SUBMISSION,VELVETFRUIT_EXTRACT,XIREC,5265.0,5
327700,SUBMISSION,,VELVETFRUIT_EXTRACT,XIREC,5267.0,5
328500,,SUBMISSION,VELVETFRUIT_EXTRACT,XIREC,5268.0,7
328600,SUBMISSION,,VELVETFRUIT_EXTRACT,XIREC,5268.0,7
328700,,SUBMISSION,VELVETFRUIT_EXTRACT,XIREC,5267.0,5
328700,SUBMISSION,,VEV_4000,XIREC,1260.0,3
328800,SUBMISSION,,VELVETFRUIT_EXTRACT,XIREC,5268.0,5
328900,,SUBMISSION,HYDROGEL_PACK,XIREC,9957.0,2
330400,,,VELVETFRUIT_EXTRACT,XIREC,5261.0,8
332600,,SUBMISSION,VELVETFRUIT_EXTRACT,XIREC,5273.0,8
332800,SUBMISSION,,HYDROGEL_PACK,XIREC,9948.0,3
333200,,SUBMISSION,VELVETFRUIT_EXTRACT,XIREC,5269.0,7
333900,,SUBMISSION,VELVETFRUIT_EXTRACT,XIREC,5272.0,7
335400,,SUBMISSION,VELVETFRUIT_EXTRACT,XIREC,5270.0,6
336800,SUBMISSION,,VELVETFRUIT_EXTRACT,XIREC,5269.0,5
337000,,SUBMISSION,VELVETFRUIT_EXTRACT,XIREC,5271.0,6
338400,SUBMISSION,,HYDROGEL_PACK,XIREC,9949.0,4
340100,SUBMISSION,,VELVETFRUIT_EXTRACT,XIREC,5268.0,29
340200,SUBMISSION,,HYDROGEL_PACK,XIREC,9952.0,2
340500,SUBMISSION,,VEV_4000,XIREC,1262.0,3
341400,SUBMISSION,,VEV_5400,XIREC,16.0,4
341400,SUBMISSION,,VEV_5500,XIREC,7.0,4
341400,,,VEV_6000,XIREC,0.0,4
341400,,,VEV_6500,XIREC,0.0,4
342300,,SUBMISSION,HYDROGEL_PACK,XIREC,9965.0,2
344000,,,VELVETFRUIT_EXTRACT,XIREC,5269.0,3
344100,SUBMISSION,,HYDROGEL_PACK,XIREC,9943.0,3
344500,SUBMISSION,,HYDROGEL_PACK,XIREC,9943.0,3
344600,,SUBMISSION,HYDROGEL_PACK,XIREC,9957.0,6
344600,,,VELVETFRUIT_EXTRACT,XIREC,5265.0,7
344900,,,VELVETFRUIT_EXTRACT,XIREC,5265.0,6
346100,,SUBMISSION,HYDROGEL_PACK,XIREC,9946.0,2
347400,,SUBMISSION,HYDROGEL_PACK,XIREC,9946.0,4
347800,SUBMISSION,,VEV_5400,XIREC,15.0,4
347800,SUBMISSION,,VEV_5500,XIREC,6.0,4
347800,,,VEV_6000,XIREC,0.0,4
347800,,,VEV_6500,XIREC,0.0,4
350600,,SUBMISSION,VELVETFRUIT_EXTRACT,XIREC,5265.0,5
350700,SUBMISSION,,VELVETFRUIT_EXTRACT,XIREC,5266.0,5
350700,SUBMISSION,,VEV_5300,XIREC,47.0,4
350700,SUBMISSION,,VEV_5400,XIREC,15.0,4
350700,SUBMISSION,,VEV_5500,XIREC,6.0,4
350700,,,VEV_6000,XIREC,0.0,4
350700,,,VEV_6500,XIREC,0.0,4
351400,SUBMISSION,,HYDROGEL_PACK,XIREC,9938.0,6
352100,,,VELVETFRUIT_EXTRACT,XIREC,5252.0,4
352300,,SUBMISSION,VELVETFRUIT_EXTRACT,XIREC,5256.0,8
352400,SUBMISSION,,VELVETFRUIT_EXTRACT,XIREC,5257.0,8
353600,,,VELVETFRUIT_EXTRACT,XIREC,5254.0,7
353800,,,VELVETFRUIT_EXTRACT,XIREC,5257.0,7
356500,,SUBMISSION,VELVETFRUIT_EXTRACT,XIREC,5262.0,6
356600,SUBMISSION,,VELVETFRUIT_EXTRACT,XIREC,5263.0,6
358300,,,VELVETFRUIT_EXTRACT,XIREC,5261.0,7
358400,,SUBMISSION,VELVETFRUIT_EXTRACT,XIREC,5265.0,5
358500,SUBMISSION,,VEV_5300,XIREC,47.0,2
358500,SUBMISSION,,VEV_5400,XIREC,15.0,2
358500,SUBMISSION,,VEV_5500,XIREC,6.0,2
358500,,,VEV_6000,XIREC,0.0,2
358500,,,VEV_6500,XIREC,0.0,2
358600,SUBMISSION,,VELVETFRUIT_EXTRACT,XIREC,5264.0,5
359500,SUBMISSION,,HYDROGEL_PACK,XIREC,9973.0,5
360000,,SUBMISSION,VELVETFRUIT_EXTRACT,XIREC,5266.0,7
361300,,SUBMISSION,VELVETFRUIT_EXTRACT,XIREC,5266.0,3
361600,SUBMISSION,,VELVETFRUIT_EXTRACT,XIREC,5261.0,5
362300,SUBMISSION,,VELVETFRUIT_EXTRACT,XIREC,5264.0,5
362500,,,VELVETFRUIT_EXTRACT,XIREC,5260.0,5
362600,SUBMISSION,,VEV_5300,XIREC,47.0,5
362600,SUBMISSION,,VEV_5500,XIREC,6.0,5
362600,,,VEV_6000,XIREC,0.0,5
362600,,,VEV_6500,XIREC,0.0,5
363300,,SUBMISSION,VEV_4000,XIREC,1267.0,1
365300,SUBMISSION,,HYDROGEL_PACK,XIREC,9985.0,2
365400,,,VELVETFRUIT_EXTRACT,XIREC,5257.0,7
365600,SUBMISSION,,VEV_5300,XIREC,45.0,4
365600,SUBMISSION,,VEV_5400,XIREC,14.0,4
365600,SUBMISSION,,VEV_5500,XIREC,5.0,4
365600,,,VEV_6000,XIREC,0.0,4
365600,,,VEV_6500,XIREC,0.0,4
366500,,SUBMISSION,HYDROGEL_PACK,XIREC,10000.0,2
368100,,,VELVETFRUIT_EXTRACT,XIREC,5256.0,6
368200,,SUBMISSION,VEV_4000,XIREC,1265.0,2
370600,,SUBMISSION,VEV_4000,XIREC,1256.0,3
370700,SUBMISSION,,VEV_4000,XIREC,1246.0,2
372300,,SUBMISSION,VEV_4000,XIREC,1259.0,2
372300,,,VELVETFRUIT_EXTRACT,XIREC,5250.0,6
373100,,SUBMISSION,VELVETFRUIT_EXTRACT,XIREC,5255.0,6
373200,SUBMISSION,,VELVETFRUIT_EXTRACT,XIREC,5251.0,6
373800,SUBMISSION,,VEV_5500,XIREC,5.0,4
373800,,,VEV_6000,XIREC,0.0,4
373800,,,VEV_6500,XIREC,0.0,4
376300,SUBMISSION,,VEV_5400,XIREC,13.0,5
376300,SUBMISSION,,VEV_5500,XIREC,5.0,5
376300,,,VEV_6000,XIREC,0.0,5
376300,,,VEV_6500,XIREC,0.0,5
376700,,,VELVETFRUIT_EXTRACT,XIREC,5250.0,7
378400,,SUBMISSION,VELVETFRUIT_EXTRACT,XIREC,5249.0,10
378500,SUBMISSION,,VELVETFRUIT_EXTRACT,XIREC,5253.0,10
382200,,SUBMISSION,VELVETFRUIT_EXTRACT,XIREC,5252.0,5
382300,SUBMISSION,,VELVETFRUIT_EXTRACT,XIREC,5253.0,5
383100,,SUBMISSION,VELVETFRUIT_EXTRACT,XIREC,5253.0,6
383200,SUBMISSION,,VELVETFRUIT_EXTRACT,XIREC,5255.0,6
384800,SUBMISSION,,HYDROGEL_PACK,XIREC,9979.0,4
385100,,SUBMISSION,VELVETFRUIT_EXTRACT,XIREC,5245.0,9
385200,SUBMISSION,,VELVETFRUIT_EXTRACT,XIREC,5248.0,9
385500,SUBMISSION,,HYDROGEL_PACK,XIREC,9973.0,5
386000,SUBMISSION,,VEV_5100,XIREC,161.0,21
386200,SUBMISSION,,VEV_5100,XIREC,159.0,8
386200,SUBMISSION,,VEV_5100,XIREC,160.0,19
386200,SUBMISSION,,VEV_5200,XIREC,89.0,27
386200,SUBMISSION,,VEV_5300,XIREC,41.0,17
386300,SUBMISSION,,VEV_5000,XIREC,249.0,6
386300,SUBMISSION,,VEV_5000,XIREC,250.0,14
386300,SUBMISSION,,VEV_5100,XIREC,158.0,20
386300,SUBMISSION,,VEV_5200,XIREC,88.0,20
386300,SUBMISSION,,VEV_5300,XIREC,41.0,20
386400,SUBMISSION,,VEV_5100,XIREC,158.0,11
386400,SUBMISSION,,VEV_5100,XIREC,159.0,19
386400,SUBMISSION,,VEV_5200,XIREC,88.0,30
386400,SUBMISSION,,VEV_5300,XIREC,41.0,18
386500,SUBMISSION,,VEV_5100,XIREC,159.0,26
386500,SUBMISSION,,VEV_5200,XIREC,88.0,11
386500,SUBMISSION,,VEV_5200,XIREC,89.0,15
386500,SUBMISSION,,VEV_5300,XIREC,41.0,24
386600,SUBMISSION,,VEV_5100,XIREC,159.0,30
386600,SUBMISSION,,VEV_5200,XIREC,88.0,30
386600,SUBMISSION,,VEV_5300,XIREC,41.0,20
386700,SUBMISSION,,VEV_5100,XIREC,159.0,26
386700,SUBMISSION,,VEV_5200,XIREC,88.0,26
386700,SUBMISSION,,VEV_5300,XIREC,41.0,23
386800,SUBMISSION,,VEV_5000,XIREC,249.0,12
386800,SUBMISSION,,VEV_5000,XIREC,250.0,18
386800,SUBMISSION,,VEV_5100,XIREC,158.0,30
386800,SUBMISSION,,VEV_5200,XIREC,88.0,30
386800,SUBMISSION,,VEV_5300,XIREC,41.0,19
386900,SUBMISSION,,VEV_5000,XIREC,248.0,8
386900,SUBMISSION,,VEV_5000,XIREC,249.0,19
386900,SUBMISSION,,VEV_5100,XIREC,157.0,27
386900,SUBMISSION,,VEV_5200,XIREC,87.0,27
386900,SUBMISSION,,VEV_5300,XIREC,40.0,18
387000,SUBMISSION,,VEV_4500,XIREC,748.0,11
387000,SUBMISSION,,VEV_4500,XIREC,750.0,13
387000,SUBMISSION,,VEV_5000,XIREC,247.0,11
387000,SUBMISSION,,VEV_5000,XIREC,248.0,13
387000,SUBMISSION,,VEV_5100,XIREC,156.0,24
387000,SUBMISSION,,VEV_5200,XIREC,86.0,24
387000,SUBMISSION,,VEV_5300,XIREC,40.0,27
387100,SUBMISSION,,VEV_4000,XIREC,1250.0,8
387100,SUBMISSION,,VEV_4000,XIREC,1253.0,22
387100,SUBMISSION,,VEV_4500,XIREC,748.0,11
387100,SUBMISSION,,VEV_4500,XIREC,750.0,19
387100,SUBMISSION,,VEV_5000,XIREC,247.0,30
387100,SUBMISSION,,VEV_5100,XIREC,156.0,30
387100,SUBMISSION,,VEV_5200,XIREC,86.0,30
387100,SUBMISSION,,VEV_5300,XIREC,40.0,18
387200,SUBMISSION,,VEV_5000,XIREC,248.0,12
387200,SUBMISSION,,VEV_5000,XIREC,249.0,18
387200,SUBMISSION,,VEV_5100,XIREC,157.0,30
387200,SUBMISSION,,VEV_5200,XIREC,87.0,30
387200,SUBMISSION,,VEV_5300,XIREC,40.0,17
387300,SUBMISSION,,VEV_4000,XIREC,1250.0,11
387300,SUBMISSION,,VEV_4000,XIREC,1253.0,19
387300,SUBMISSION,,VEV_4500,XIREC,748.0,12
387300,SUBMISSION,,VEV_4500,XIREC,750.0,18
387300,SUBMISSION,,VEV_5000,XIREC,247.0,30
387300,SUBMISSION,,VEV_5100,XIREC,156.0,30
387300,SUBMISSION,,VEV_5200,XIREC,86.0,30
387300,SUBMISSION,,VEV_5300,XIREC,40.0,2
387400,SUBMISSION,,VEV_4000,XIREC,1250.0,7
387400,SUBMISSION,,VEV_4000,XIREC,1252.0,15
387400,SUBMISSION,,VEV_4500,XIREC,747.0,9
387400,SUBMISSION,,VEV_4500,XIREC,749.0,20
387400,SUBMISSION,,VEV_5000,XIREC,246.0,9
387400,SUBMISSION,,VEV_5000,XIREC,247.0,20
387400,SUBMISSION,,VEV_5100,XIREC,156.0,29
387400,SUBMISSION,,VEV_5200,XIREC,86.0,29
387500,,SUBMISSION,HYDROGEL_PACK,XIREC,9990.0,3
387500,SUBMISSION,,VEV_5000,XIREC,247.0,9
387500,SUBMISSION,,VEV_5000,XIREC,248.0,17
387500,SUBMISSION,,VEV_5100,XIREC,156.0,9
387500,SUBMISSION,,VEV_5100,XIREC,157.0,17
387500,SUBMISSION,,VEV_5200,XIREC,86.0,9
387500,SUBMISSION,,VEV_5200,XIREC,87.0,17
387600,SUBMISSION,,VEV_5000,XIREC,248.0,30
387600,SUBMISSION,,VEV_5100,XIREC,157.0,30
387600,SUBMISSION,,VEV_5200,XIREC,87.0,30
387700,SUBMISSION,,VEV_4500,XIREC,748.0,11
387700,SUBMISSION,,VEV_4500,XIREC,750.0,16
387700,SUBMISSION,,VEV_5000,XIREC,247.0,11
387700,SUBMISSION,,VEV_5000,XIREC,248.0,16
387700,SUBMISSION,,VEV_5100,XIREC,156.0,11
387700,SUBMISSION,,VEV_5100,XIREC,157.0,16
387700,SUBMISSION,,VEV_5200,XIREC,86.0,11
387700,SUBMISSION,,VEV_5200,XIREC,87.0,16
387800,SUBMISSION,,VEV_5000,XIREC,248.0,19
387800,SUBMISSION,,VEV_5100,XIREC,157.0,19
387800,SUBMISSION,,VEV_5200,XIREC,87.0,19
387900,SUBMISSION,,VEV_4500,XIREC,748.0,10
387900,SUBMISSION,,VEV_4500,XIREC,750.0,19
387900,SUBMISSION,,VEV_5000,XIREC,247.0,10
387900,SUBMISSION,,VEV_5000,XIREC,248.0,19
387900,SUBMISSION,,VEV_5100,XIREC,156.0,29
387900,SUBMISSION,,VEV_5200,XIREC,86.0,29
388000,SUBMISSION,,VEV_4000,XIREC,1249.0,10
388000,SUBMISSION,,VEV_4000,XIREC,1252.0,20
388000,SUBMISSION,,VEV_4500,XIREC,747.0,10
388000,SUBMISSION,,VEV_4500,XIREC,749.0,14
388000,SUBMISSION,,VEV_5000,XIREC,246.0,24
388000,SUBMISSION,,VEV_5100,XIREC,155.0,24
388000,SUBMISSION,,VEV_5200,XIREC,85.0,10
388000,SUBMISSION,,VEV_5200,XIREC,86.0,14
388100,SUBMISSION,,VEV_4000,XIREC,1250.0,8
388100,SUBMISSION,,VEV_4000,XIREC,1252.0,22
388100,SUBMISSION,,VEV_4500,XIREC,747.0,8
388100,SUBMISSION,,VEV_4500,XIREC,749.0,22
388100,SUBMISSION,,VEV_5000,XIREC,247.0,30
388100,SUBMISSION,,VEV_5100,XIREC,156.0,30
388100,SUBMISSION,,VEV_5200,XIREC,86.0,30
388200,SUBMISSION,,VEV_4000,XIREC,1250.0,9
388200,SUBMISSION,,VEV_4000,XIREC,1252.0,17
388200,SUBMISSION,,VEV_4500,XIREC,747.0,7
388200,SUBMISSION,,VEV_4500,XIREC,749.0,13
388200,SUBMISSION,,VEV_5000,XIREC,246.0,7
388200,SUBMISSION,,VEV_5000,XIREC,247.0,13
388200,SUBMISSION,,VEV_5100,XIREC,156.0,20
388200,SUBMISSION,,VEV_5200,XIREC,86.0,20
388300,SUBMISSION,,VEV_4000,XIREC,1249.0,8
388300,SUBMISSION,,VEV_4000,XIREC,1252.0,22
388300,SUBMISSION,,VEV_4500,XIREC,747.0,11
388300,SUBMISSION,,VEV_4500,XIREC,749.0,18
388300,SUBMISSION,,VEV_5000,XIREC,246.0,11
388300,SUBMISSION,,VEV_5000,XIREC,247.0,18
388300,SUBMISSION,,VEV_5100,XIREC,155.0,5
388300,SUBMISSION,,VEV_5200,XIREC,86.0,26
388400,SUBMISSION,,VEV_4000,XIREC,1250.0,11
388400,SUBMISSION,,VEV_4000,XIREC,1252.0,15
388400,SUBMISSION,,VEV_4500,XIREC,747.0,7
388400,SUBMISSION,,VEV_4500,XIREC,749.0,19
388400,SUBMISSION,,VEV_5000,XIREC,246.0,7
388400,SUBMISSION,,VEV_5000,XIREC,247.0,19
388500,SUBMISSION,,VEV_4000,XIREC,1249.0,14
388500,SUBMISSION,,VEV_4000,XIREC,1252.0,16
388500,SUBMISSION,,VEV_4500,XIREC,747.0,9
388500,SUBMISSION,,VEV_4500,XIREC,749.0,19
388500,SUBMISSION,,VEV_5000,XIREC,246.0,9
388500,SUBMISSION,,VEV_5000,XIREC,247.0,19
388600,SUBMISSION,,VEV_4000,XIREC,1249.0,7
388600,SUBMISSION,,VEV_4000,XIREC,1252.0,22
388600,SUBMISSION,,VEV_4500,XIREC,747.0,6
388600,SUBMISSION,,VEV_4500,XIREC,749.0,16
388600,SUBMISSION,,VEV_5000,XIREC,246.0,6
388600,SUBMISSION,,VEV_5000,XIREC,247.0,16
388700,SUBMISSION,,VEV_4000,XIREC,1249.0,13
388700,SUBMISSION,,VEV_4000,XIREC,1251.0,17
388700,SUBMISSION,,VEV_4500,XIREC,746.0,12
388700,SUBMISSION,,VEV_4500,XIREC,748.0,18
388700,SUBMISSION,,VEV_5000,XIREC,246.0,30
388800,SUBMISSION,,VEV_4000,XIREC,1249.0,12
388800,SUBMISSION,,VEV_4000,XIREC,1251.0,18
388800,SUBMISSION,,VEV_4500,XIREC,746.0,7
388800,SUBMISSION,,VEV_4500,XIREC,748.0,23
388800,SUBMISSION,,VEV_5000,XIREC,246.0,15
388900,SUBMISSION,,VEV_4000,XIREC,1249.0,10
388900,SUBMISSION,,VEV_4000,XIREC,1252.0,20
388900,SUBMISSION,,VEV_4500,XIREC,747.0,2
389000,SUBMISSION,,VEV_4000,XIREC,1239.0,2
389000,SUBMISSION,,VEV_4000,XIREC,1249.0,13
389000,SUBMISSION,,VEV_4000,XIREC,1252.0,15
389000,SUBMISSION,,VEV_5300,XIREC,38.0,2
389000,SUBMISSION,,VEV_5400,XIREC,11.0,2
389000,SUBMISSION,,VEV_5500,XIREC,4.0,2
389000,,,VEV_6000,XIREC,0.0,2
389000,,,VEV_6500,XIREC,0.0,2
389100,SUBMISSION,,VEV_4000,XIREC,1250.0,5
389300,SUBMISSION,,VEV_5400,XIREC,12.0,25
389400,SUBMISSION,,VEV_5400,XIREC,12.0,19
389600,,SUBMISSION,VEV_4000,XIREC,1244.0,3
389600,,,VELVETFRUIT_EXTRACT,XIREC,5238.0,7
389700,SUBMISSION,,VEV_4000,XIREC,1250.0,3
390200,SUBMISSION,,VEV_4000,XIREC,1234.0,1
390300,SUBMISSION,,VEV_5300,XIREC,38.0,3
390300,SUBMISSION,,VEV_5400,XIREC,11.0,3
390300,SUBMISSION,,VEV_5500,XIREC,4.0,3
390300,,,VEV_6000,XIREC,0.0,3
390300,,,VEV_6500,XIREC,0.0,3
391600,SUBMISSION,,HYDROGEL_PACK,XIREC,9971.0,2
391700,,SUBMISSION,HYDROGEL_PACK,XIREC,9987.0,2
392400,,SUBMISSION,HYDROGEL_PACK,XIREC,9989.0,5
394100,,SUBMISSION,HYDROGEL_PACK,XIREC,9974.0,6
394300,,SUBMISSION,HYDROGEL_PACK,XIREC,9969.0,5
397200,SUBMISSION,,VEV_5400,XIREC,11.0,8
397200,SUBMISSION,,VEV_5400,XIREC,12.0,14
397300,SUBMISSION,,VEV_4000,XIREC,1231.0,2
397300,SUBMISSION,,VEV_5400,XIREC,11.0,8
397300,SUBMISSION,,VEV_5400,XIREC,12.0,16
397400,SUBMISSION,,VEV_5400,XIREC,11.0,18
397500,SUBMISSION,,VEV_5400,XIREC,11.0,20
397600,SUBMISSION,,VEV_5400,XIREC,11.0,19
397600,SUBMISSION,,VEV_5500,XIREC,4.0,6
397600,SUBMISSION,,VEV_5500,XIREC,5.0,13
397700,SUBMISSION,,VEV_5400,XIREC,11.0,20
397800,SUBMISSION,,VEV_5400,XIREC,11.0,18
397900,SUBMISSION,,VEV_5400,XIREC,11.0,26
398000,SUBMISSION,,VEV_5400,XIREC,11.0,27
398100,SUBMISSION,,VEV_5400,XIREC,11.0,29
398200,SUBMISSION,,VEV_5400,XIREC,11.0,18
398200,SUBMISSION,,VEV_5400,XIREC,10.0,2
398200,SUBMISSION,,VEV_5500,XIREC,4.0,2
398200,,,VEV_6000,XIREC,0.0,2
398200,,,VEV_6500,XIREC,0.0,2
398300,SUBMISSION,,VEV_5400,XIREC,11.0,21
398400,SUBMISSION,,VEV_5400,XIREC,11.0,5
398700,SUBMISSION,,VEV_5500,XIREC,4.0,7
398700,SUBMISSION,,VEV_5500,XIREC,5.0,10
398800,SUBMISSION,,VEV_5500,XIREC,4.0,22
401000,,,VELVETFRUIT_EXTRACT,XIREC,5230.0,8
401100,SUBMISSION,,VEV_5500,XIREC,4.0,21
401200,SUBMISSION,,HYDROGEL_PACK,XIREC,9967.0,5
401200,SUBMISSION,,VEV_5500,XIREC,4.0,22
401300,SUBMISSION,,VEV_5500,XIREC,4.0,22
401400,SUBMISSION,,VEV_5500,XIREC,4.0,23
401500,,SUBMISSION,VELVETFRUIT_EXTRACT,XIREC,5232.0,7
401600,SUBMISSION,,VELVETFRUIT_EXTRACT,XIREC,5231.0,7
406100,,,VELVETFRUIT_EXTRACT,XIREC,5231.0,4
406300,SUBMISSION,,VEV_4000,XIREC,1225.0,2
407000,,,VELVETFRUIT_EXTRACT,XIREC,5225.0,4
408000,,SUBMISSION,HYDROGEL_PACK,XIREC,9990.0,3
409400,,SUBMISSION,HYDROGEL_PACK,XIREC,9987.0,3
410100,,SUBMISSION,HYDROGEL_PACK,XIREC,9987.0,6
410200,SUBMISSION,,VEV_5400,XIREC,9.0,5
410200,SUBMISSION,,VEV_5500,XIREC,3.0,5
410200,,,VEV_6000,XIREC,0.0,5
410200,,,VEV_6500,XIREC,0.0,5
413100,,SUBMISSION,HYDROGEL_PACK,XIREC,9976.0,2
413500,,SUBMISSION,HYDROGEL_PACK,XIREC,9973.0,5
414900,SUBMISSION,,VEV_5200,XIREC,76.0,3
414900,,,VEV_5300,XIREC,34.0,3
414900,,,VEV_5400,XIREC,9.0,3
414900,,,VEV_5500,XIREC,3.0,3
414900,,,VEV_6000,XIREC,0.0,3
414900,,,VEV_6500,XIREC,0.0,3
415400,,SUBMISSION,HYDROGEL_PACK,XIREC,9975.0,6
415500,,,VEV_5400,XIREC,9.0,4
415500,,,VEV_5500,XIREC,3.0,4
415500,,,VEV_6000,XIREC,0.0,4
415500,,,VEV_6500,XIREC,0.0,4
416600,,SUBMISSION,HYDROGEL_PACK,XIREC,9980.0,4
419300,,,VEV_4000,XIREC,1221.0,1
420200,,SUBMISSION,HYDROGEL_PACK,XIREC,9974.0,4
421100,SUBMISSION,,HYDROGEL_PACK,XIREC,9962.0,5
421400,,SUBMISSION,VELVETFRUIT_EXTRACT,XIREC,5232.0,6
421500,SUBMISSION,,VELVETFRUIT_EXTRACT,XIREC,5233.0,6
422200,SUBMISSION,,HYDROGEL_PACK,XIREC,9964.0,2
423800,,SUBMISSION,HYDROGEL_PACK,XIREC,9968.0,3
423800,SUBMISSION,,VEV_5200,XIREC,79.0,2
423800,,,VEV_5200,XIREC,79.0,3
423800,,,VEV_5300,XIREC,36.0,5
423800,,,VEV_5400,XIREC,10.0,5
423800,,,VEV_5500,XIREC,4.0,5
423800,,,VEV_6000,XIREC,0.0,5
423800,,,VEV_6500,XIREC,0.0,5
424400,,SUBMISSION,VEV_4000,XIREC,1239.0,2
424600,,SUBMISSION,VELVETFRUIT_EXTRACT,XIREC,5232.0,6
424700,SUBMISSION,,VELVETFRUIT_EXTRACT,XIREC,5235.0,6
425300,,SUBMISSION,VELVETFRUIT_EXTRACT,XIREC,5237.0,3
425400,SUBMISSION,,VELVETFRUIT_EXTRACT,XIREC,5239.0,3
427400,,SUBMISSION,VELVETFRUIT_EXTRACT,XIREC,5240.0,5
427500,SUBMISSION,,VELVETFRUIT_EXTRACT,XIREC,5241.0,5
428400,,SUBMISSION,VEV_4000,XIREC,1243.0,1
429500,,SUBMISSION,HYDROGEL_PACK,XIREC,9967.0,3
430200,,SUBMISSION,HYDROGEL_PACK,XIREC,9973.0,4
430700,,SUBMISSION,HYDROGEL_PACK,XIREC,9975.0,4
432100,,,VELVETFRUIT_EXTRACT,XIREC,5233.0,8
433000,,,VELVETFRUIT_EXTRACT,XIREC,5238.0,4
433100,,,VEV_5200,XIREC,83.0,2
433100,,,VEV_5300,XIREC,38.0,2
433100,,,VEV_5400,XIREC,11.0,2
433100,,,VEV_5500,XIREC,4.0,2
433100,,,VEV_6000,XIREC,0.0,2
433100,,,VEV_6500,XIREC,0.0,2
433900,,SUBMISSION,HYDROGEL_PACK,XIREC,9969.0,4
436100,,SUBMISSION,VELVETFRUIT_EXTRACT,XIREC,5241.0,5
436200,SUBMISSION,,HYDROGEL_PACK,XIREC,9969.0,2
436200,SUBMISSION,,VELVETFRUIT_EXTRACT,XIREC,5243.0,5
438300,SUBMISSION,,VEV_4000,XIREC,1235.0,3
438500,,SUBMISSION,VELVETFRUIT_EXTRACT,XIREC,5240.0,6
438600,SUBMISSION,,VELVETFRUIT_EXTRACT,XIREC,5241.0,6
438900,,SUBMISSION,VEV_4000,XIREC,1244.0,3
441300,,,VELVETFRUIT_EXTRACT,XIREC,5235.0,5
443400,,SUBMISSION,HYDROGEL_PACK,XIREC,9968.0,4
443600,,,VEV_5200,XIREC,82.0,4
443600,,,VEV_5400,XIREC,11.0,4
443600,,,VEV_5500,XIREC,4.0,4
443600,,,VEV_6000,XIREC,0.0,4
443600,,,VEV_6500,XIREC,0.0,4
444200,,SUBMISSION,VELVETFRUIT_EXTRACT,XIREC,5243.0,6
444300,SUBMISSION,,VELVETFRUIT_EXTRACT,XIREC,5244.0,6
445300,,SUBMISSION,HYDROGEL_PACK,XIREC,9973.0,2
448600,,SUBMISSION,VELVETFRUIT_EXTRACT,XIREC,5251.0,7
448900,SUBMISSION,,VELVETFRUIT_EXTRACT,XIREC,5247.0,7
448900,,SUBMISSION,VELVETFRUIT_EXTRACT,XIREC,5247.0,9
449000,SUBMISSION,,HYDROGEL_PACK,XIREC,9980.0,6
449500,SUBMISSION,,VEV_4000,XIREC,1243.0,2
449900,SUBMISSION,,VELVETFRUIT_EXTRACT,XIREC,5248.0,9
450900,,SUBMISSION,HYDROGEL_PACK,XIREC,9987.0,6
452000,SUBMISSION,,HYDROGEL_PACK,XIREC,9966.0,3
452800,,SUBMISSION,HYDROGEL_PACK,XIREC,9973.0,4
453000,,SUBMISSION,VELVETFRUIT_EXTRACT,XIREC,5239.0,3
453100,SUBMISSION,,VELVETFRUIT_EXTRACT,XIREC,5240.0,3
453800,,,VELVETFRUIT_EXTRACT,XIREC,5237.0,7
454700,,SUBMISSION,VEV_4000,XIREC,1242.0,1
456200,,,VEV_5200,XIREC,82.0,2
456200,,,VEV_5400,XIREC,11.0,2
456200,,,VEV_5500,XIREC,4.0,2
456200,,,VEV_6000,XIREC,0.0,2
456200,,,VEV_6500,XIREC,0.0,2
457600,,SUBMISSION,VELVETFRUIT_EXTRACT,XIREC,5241.0,3
457700,SUBMISSION,,VELVETFRUIT_EXTRACT,XIREC,5243.0,3
460100,,,VELVETFRUIT_EXTRACT,XIREC,5235.0,4
461200,,,VEV_5300,XIREC,37.0,3
461200,,,VEV_5400,XIREC,10.0,3
461200,,,VEV_5500,XIREC,3.0,3
461200,,,VEV_6000,XIREC,0.0,3
461200,,,VEV_6500,XIREC,0.0,3
463600,,SUBMISSION,VELVETFRUIT_EXTRACT,XIREC,5238.0,11
463700,SUBMISSION,,VELVETFRUIT_EXTRACT,XIREC,5243.0,11
464700,,SUBMISSION,VELVETFRUIT_EXTRACT,XIREC,5238.0,5
464800,SUBMISSION,,VELVETFRUIT_EXTRACT,XIREC,5242.0,5
466000,,,VELVETFRUIT_EXTRACT,XIREC,5234.0,3
466400,,SUBMISSION,VELVETFRUIT_EXTRACT,XIREC,5233.0,14
466500,SUBMISSION,,VELVETFRUIT_EXTRACT,XIREC,5234.0,8
466500,SUBMISSION,,VELVETFRUIT_EXTRACT,XIREC,5237.0,6
468600,,SUBMISSION,VELVETFRUIT_EXTRACT,XIREC,5238.0,4
468700,SUBMISSION,,VELVETFRUIT_EXTRACT,XIREC,5241.0,4
472900,,SUBMISSION,VELVETFRUIT_EXTRACT,XIREC,5237.0,6
473000,SUBMISSION,,VELVETFRUIT_EXTRACT,XIREC,5238.0,6
473000,,SUBMISSION,VELVETFRUIT_EXTRACT,XIREC,5237.0,4
473100,SUBMISSION,,VELVETFRUIT_EXTRACT,XIREC,5239.0,4
473800,,SUBMISSION,VELVETFRUIT_EXTRACT,XIREC,5238.0,3
473900,SUBMISSION,,VELVETFRUIT_EXTRACT,XIREC,5238.0,3
474000,,SUBMISSION,VELVETFRUIT_EXTRACT,XIREC,5237.0,5
474100,SUBMISSION,,VELVETFRUIT_EXTRACT,XIREC,5239.0,5
477300,,,VELVETFRUIT_EXTRACT,XIREC,5244.0,8
478900,,SUBMISSION,HYDROGEL_PACK,XIREC,9996.0,3
480500,,,VELVETFRUIT_EXTRACT,XIREC,5240.0,3
480900,SUBMISSION,,HYDROGEL_PACK,XIREC,9995.0,2
481400,SUBMISSION,,HYDROGEL_PACK,XIREC,9997.0,2
482400,,SUBMISSION,HYDROGEL_PACK,XIREC,10012.0,3
483400,,SUBMISSION,VELVETFRUIT_EXTRACT,XIREC,5248.0,3
483400,,,VEV_5300,XIREC,40.0,5
483400,,,VEV_5400,XIREC,12.0,5
483400,,,VEV_5500,XIREC,4.0,5
483400,,,VEV_6000,XIREC,0.0,5
483400,,,VEV_6500,XIREC,0.0,5
485900,SUBMISSION,,VELVETFRUIT_EXTRACT,XIREC,5242.0,3
486000,,,VELVETFRUIT_EXTRACT,XIREC,5237.0,5
486200,,SUBMISSION,VELVETFRUIT_EXTRACT,XIREC,5241.0,8
486300,SUBMISSION,,VELVETFRUIT_EXTRACT,XIREC,5241.0,8
486700,,,VELVETFRUIT_EXTRACT,XIREC,5236.0,8
488200,SUBMISSION,,HYDROGEL_PACK,XIREC,9995.0,2
488600,,SUBMISSION,VEV_4000,XIREC,1242.0,2
488700,SUBMISSION,,HYDROGEL_PACK,XIREC,9986.0,5
490600,,SUBMISSION,VEV_4000,XIREC,1246.0,2
492000,,,VELVETFRUIT_EXTRACT,XIREC,5241.0,5
493000,,SUBMISSION,VELVETFRUIT_EXTRACT,XIREC,5240.0,12
493500,SUBMISSION,,VELVETFRUIT_EXTRACT,XIREC,5240.0,6
493800,,SUBMISSION,HYDROGEL_PACK,XIREC,10019.0,6
494300,,SUBMISSION,VELVETFRUIT_EXTRACT,XIREC,5243.0,6
495100,,SUBMISSION,VELVETFRUIT_EXTRACT,XIREC,5246.0,8
495700,SUBMISSION,,HYDROGEL_PACK,XIREC,9986.0,3
495700,,,VEV_5400,XIREC,11.0,5
495700,,,VEV_5500,XIREC,4.0,5
495700,,,VEV_6000,XIREC,0.0,5
495700,,,VEV_6500,XIREC,0.0,5
498100,SUBMISSION,,VELVETFRUIT_EXTRACT,XIREC,5242.0,8
498500,SUBMISSION,,HYDROGEL_PACK,XIREC,9978.0,4
499900,,SUBMISSION,VEV_4000,XIREC,1251.0,3
500000,,SUBMISSION,VELVETFRUIT_EXTRACT,XIREC,5247.0,3
500600,SUBMISSION,,HYDROGEL_PACK,XIREC,9977.0,5
501300,,SUBMISSION,VELVETFRUIT_EXTRACT,XIREC,5246.0,7
501600,SUBMISSION,,HYDROGEL_PACK,XIREC,9977.0,4
501900,,,VEV_5300,XIREC,38.0,3
501900,,,VEV_5400,XIREC,11.0,3
501900,,,VEV_5500,XIREC,4.0,3
501900,,,VEV_6000,XIREC,0.0,3
501900,,,VEV_6500,XIREC,0.0,3
503400,SUBMISSION,,VELVETFRUIT_EXTRACT,XIREC,5241.0,17
503500,SUBMISSION,,VELVETFRUIT_EXTRACT,XIREC,5240.0,5
503600,SUBMISSION,,HYDROGEL_PACK,XIREC,9976.0,2
505100,,,VELVETFRUIT_EXTRACT,XIREC,5232.0,7
508800,SUBMISSION,,VEV_4000,XIREC,1235.0,4
508800,,,VEV_5400,XIREC,10.0,5
508800,,,VEV_5500,XIREC,3.0,5
508800,,,VEV_6000,XIREC,0.0,5
508800,,,VEV_6500,XIREC,0.0,5
511000,SUBMISSION,,HYDROGEL_PACK,XIREC,9990.0,6
512800,SUBMISSION,,HYDROGEL_PACK,XIREC,9983.0,4
513600,,SUBMISSION,VELVETFRUIT_EXTRACT,XIREC,5243.0,5
516500,SUBMISSION,,HYDROGEL_PACK,XIREC,9978.0,5
519600,,,VEV_5200,XIREC,87.0,5
519600,,,VEV_5300,XIREC,40.0,5
519600,,,VEV_5400,XIREC,12.0,5
519600,,,VEV_5500,XIREC,4.0,5
519600,,,VEV_6000,XIREC,0.0,5
519600,,,VEV_6500,XIREC,0.0,5
519800,,SUBMISSION,HYDROGEL_PACK,XIREC,9981.0,6
519800,SUBMISSION,,VELVETFRUIT_EXTRACT,XIREC,5244.0,5
521000,,SUBMISSION,VEV_4000,XIREC,1252.0,1
521700,,SUBMISSION,VELVETFRUIT_EXTRACT,XIREC,5244.0,8
524600,SUBMISSION,,HYDROGEL_PACK,XIREC,9970.0,5
526300,SUBMISSION,,HYDROGEL_PACK,XIREC,9967.0,3
527200,SUBMISSION,,VELVETFRUIT_EXTRACT,XIREC,5245.0,7
527300,,SUBMISSION,VELVETFRUIT_EXTRACT,XIREC,5247.0,5
529800,,SUBMISSION,VELVETFRUIT_EXTRACT,XIREC,5248.0,3
530600,,SUBMISSION,VELVETFRUIT_EXTRACT,XIREC,5246.0,5
530900,SUBMISSION,,HYDROGEL_PACK,XIREC,9989.0,3
533300,,SUBMISSION,VELVETFRUIT_EXTRACT,XIREC,5242.0,3
534400,SUBMISSION,,VELVETFRUIT_EXTRACT,XIREC,5242.0,17
534700,SUBMISSION,,HYDROGEL_PACK,XIREC,9959.0,3
534900,,SUBMISSION,HYDROGEL_PACK,XIREC,9975.0,3
535100,SUBMISSION,,HYDROGEL_PACK,XIREC,9962.0,2
536500,,SUBMISSION,VEV_4000,XIREC,1247.0,2
538700,,SUBMISSION,VELVETFRUIT_EXTRACT,XIREC,5246.0,5
540500,,SUBMISSION,HYDROGEL_PACK,XIREC,9981.0,2
540600,,SUBMISSION,HYDROGEL_PACK,XIREC,9979.0,2
541400,,SUBMISSION,VELVETFRUIT_EXTRACT,XIREC,5242.0,8
542300,SUBMISSION,,VELVETFRUIT_EXTRACT,XIREC,5241.0,13
543800,,SUBMISSION,HYDROGEL_PACK,XIREC,9974.0,6
543900,SUBMISSION,,VEV_4000,XIREC,1236.0,1
544400,,SUBMISSION,HYDROGEL_PACK,XIREC,9975.0,6
544700,,SUBMISSION,VELVETFRUIT_EXTRACT,XIREC,5242.0,8
545400,SUBMISSION,,VELVETFRUIT_EXTRACT,XIREC,5240.0,8
545400,,SUBMISSION,VELVETFRUIT_EXTRACT,XIREC,5239.0,7
545500,SUBMISSION,,VELVETFRUIT_EXTRACT,XIREC,5239.0,7
545900,,SUBMISSION,VELVETFRUIT_EXTRACT,XIREC,5237.0,5
546000,SUBMISSION,,VELVETFRUIT_EXTRACT,XIREC,5238.0,5
547000,SUBMISSION,,HYDROGEL_PACK,XIREC,9970.0,6
547100,,SUBMISSION,VELVETFRUIT_EXTRACT,XIREC,5237.0,13
547600,SUBMISSION,,VELVETFRUIT_EXTRACT,XIREC,5240.0,13
548000,,,VELVETFRUIT_EXTRACT,XIREC,5235.0,5
548500,SUBMISSION,,HYDROGEL_PACK,XIREC,9964.0,6
548600,SUBMISSION,,VEV_4000,XIREC,1237.0,2
548600,,,VEV_5300,XIREC,36.0,2
548600,,,VEV_6000,XIREC,0.0,2
548600,,,VEV_6500,XIREC,0.0,2
548900,,SUBMISSION,VELVETFRUIT_EXTRACT,XIREC,5239.0,7
549000,SUBMISSION,,VELVETFRUIT_EXTRACT,XIREC,5240.0,7
551500,,,VELVETFRUIT_EXTRACT,XIREC,5238.0,6
553400,,SUBMISSION,HYDROGEL_PACK,XIREC,9967.0,2
554600,,,VELVETFRUIT_EXTRACT,XIREC,5240.0,7
554600,,,VEV_5300,XIREC,38.0,5
554600,,,VEV_5400,XIREC,11.0,5
554600,,,VEV_5500,XIREC,4.0,5
554600,,,VEV_6000,XIREC,0.0,5
554600,,,VEV_6500,XIREC,0.0,5
555000,,SUBMISSION,VELVETFRUIT_EXTRACT,XIREC,5245.0,3
555700,SUBMISSION,,VELVETFRUIT_EXTRACT,XIREC,5240.0,3
555700,,,VELVETFRUIT_EXTRACT,XIREC,5239.0,4
555700,,,VEV_5400,XIREC,11.0,3
555700,,,VEV_5500,XIREC,4.0,3
555700,,,VEV_6000,XIREC,0.0,3
555700,,,VEV_6500,XIREC,0.0,3
556000,,SUBMISSION,HYDROGEL_PACK,XIREC,9975.0,5
556100,,SUBMISSION,HYDROGEL_PACK,XIREC,9975.0,5
556700,,,VELVETFRUIT_EXTRACT,XIREC,5238.0,8
558800,,SUBMISSION,VELVETFRUIT_EXTRACT,XIREC,5240.0,8
558900,,SUBMISSION,VELVETFRUIT_EXTRACT,XIREC,5240.0,7
560100,SUBMISSION,,VELVETFRUIT_EXTRACT,XIREC,5238.0,7
561000,,SUBMISSION,HYDROGEL_PACK,XIREC,9995.0,4
561100,SUBMISSION,,VELVETFRUIT_EXTRACT,XIREC,5235.0,6
561300,SUBMISSION,,VELVETFRUIT_EXTRACT,XIREC,5235.0,2
561300,,,VELVETFRUIT_EXTRACT,XIREC,5234.0,1
563200,SUBMISSION,,VEV_4000,XIREC,1234.0,3
563700,,SUBMISSION,VEV_4000,XIREC,1241.0,1
564900,,,VELVETFRUIT_EXTRACT,XIREC,5233.0,6
566100,,,VELVETFRUIT_EXTRACT,XIREC,5233.0,3
566300,,SUBMISSION,VELVETFRUIT_EXTRACT,XIREC,5234.0,5
566400,SUBMISSION,,VELVETFRUIT_EXTRACT,XIREC,5235.0,5
566700,,,VEV_5400,XIREC,9.0,2
566700,,,VEV_5500,XIREC,3.0,2
566700,,,VEV_6000,XIREC,0.0,2
566700,,,VEV_6500,XIREC,0.0,2
568500,SUBMISSION,,HYDROGEL_PACK,XIREC,9972.0,2
569800,,,VELVETFRUIT_EXTRACT,XIREC,5225.0,5
571300,SUBMISSION,,VEV_4000,XIREC,1224.0,3
573500,,,VELVETFRUIT_EXTRACT,XIREC,5232.0,5
573500,,,VEV_4000,XIREC,1224.0,2
573700,,SUBMISSION,VELVETFRUIT_EXTRACT,XIREC,5236.0,3
573800,,SUBMISSION,HYDROGEL_PACK,XIREC,9988.0,3
574200,,SUBMISSION,HYDROGEL_PACK,XIREC,9987.0,6
574300,SUBMISSION,,VELVETFRUIT_EXTRACT,XIREC,5235.0,3
575100,,,VEV_5400,XIREC,9.0,4
575100,,,VEV_5500,XIREC,3.0,4
575100,,,VEV_6000,XIREC,0.0,4
575100,,,VEV_6500,XIREC,0.0,4
576500,,,VELVETFRUIT_EXTRACT,XIREC,5225.0,7
576700,,SUBMISSION,HYDROGEL_PACK,XIREC,9999.0,5
577700,,,VELVETFRUIT_EXTRACT,XIREC,5223.0,8
578300,,SUBMISSION,HYDROGEL_PACK,XIREC,9991.0,6
578300,,,VELVETFRUIT_EXTRACT,XIREC,5223.0,8
581600,,SUBMISSION,HYDROGEL_PACK,XIREC,9999.0,2
582600,SUBMISSION,,HYDROGEL_PACK,XIREC,9981.0,4
585200,SUBMISSION,,HYDROGEL_PACK,XIREC,10006.0,6
587100,,,VEV_5300,XIREC,28.0,4
587100,,,VEV_5400,XIREC,7.0,4
587100,,,VEV_5500,XIREC,2.0,4
587100,,,VEV_6000,XIREC,0.0,4
587100,,,VEV_6500,XIREC,0.0,4
587200,,SUBMISSION,VELVETFRUIT_EXTRACT,XIREC,5213.0,6
587300,SUBMISSION,,VELVETFRUIT_EXTRACT,XIREC,5215.0,6
587500,,,VEV_4000,XIREC,1202.0,1
587700,,SUBMISSION,HYDROGEL_PACK,XIREC,10012.0,4
588400,,SUBMISSION,HYDROGEL_PACK,XIREC,10014.0,6
588400,,SUBMISSION,VELVETFRUIT_EXTRACT,XIREC,5216.0,5
588500,SUBMISSION,,VELVETFRUIT_EXTRACT,XIREC,5217.0,5
588500,,,VEV_5300,XIREC,28.0,4
588500,,,VEV_5400,XIREC,7.0,4
588500,,,VEV_5500,XIREC,2.0,4
588500,,,VEV_6000,XIREC,0.0,4
588500,,,VEV_6500,XIREC,0.0,4
588800,,SUBMISSION,HYDROGEL_PACK,XIREC,10015.0,2
589300,SUBMISSION,,HYDROGEL_PACK,XIREC,10002.0,3
589400,,,VELVETFRUIT_EXTRACT,XIREC,5212.0,3
590700,,SUBMISSION,VEV_4000,XIREC,1220.0,1
592000,,SUBMISSION,VELVETFRUIT_EXTRACT,XIREC,5222.0,6
592100,SUBMISSION,,VELVETFRUIT_EXTRACT,XIREC,5223.0,6
592200,,SUBMISSION,HYDROGEL_PACK,XIREC,10019.0,4
593000,,,VEV_5400,XIREC,8.0,5
593000,,,VEV_5500,XIREC,3.0,5
593000,,,VEV_6000,XIREC,0.0,5
593000,,,VEV_6500,XIREC,0.0,5
596100,SUBMISSION,,HYDROGEL_PACK,XIREC,10003.0,3
596600,,SUBMISSION,HYDROGEL_PACK,XIREC,10011.0,6
597500,,SUBMISSION,HYDROGEL_PACK,XIREC,10014.0,4
600300,,SUBMISSION,VEV_4000,XIREC,1249.0,2
601600,SUBMISSION,,HYDROGEL_PACK,XIREC,10014.0,6
604100,,,VEV_5300,XIREC,38.0,2
604100,,,VEV_5400,XIREC,11.0,2
604100,,,VEV_5500,XIREC,4.0,2
604100,,,VEV_6000,XIREC,0.0,2
604100,,,VEV_6500,XIREC,0.0,2
604400,,SUBMISSION,HYDROGEL_PACK,XIREC,10042.0,3
604500,,SUBMISSION,VELVETFRUIT_EXTRACT,XIREC,5244.0,7
605100,SUBMISSION,,VEV_4000,XIREC,1238.0,3
607400,,SUBMISSION,VEV_4000,XIREC,1254.0,2
608800,,SUBMISSION,VELVETFRUIT_EXTRACT,XIREC,5254.0,3
608900,SUBMISSION,,HYDROGEL_PACK,XIREC,10032.0,2
610900,SUBMISSION,,HYDROGEL_PACK,XIREC,10030.0,5
610900,SUBMISSION,,VEV_4000,XIREC,1244.0,2
610900,,,VEV_4000,XIREC,1239.0,1
611300,,SUBMISSION,VELVETFRUIT_EXTRACT,XIREC,5244.0,6
612300,SUBMISSION,,VELVETFRUIT_EXTRACT,XIREC,5242.0,8
614100,,SUBMISSION,VELVETFRUIT_EXTRACT,XIREC,5244.0,10
616700,,SUBMISSION,VELVETFRUIT_EXTRACT,XIREC,5236.0,4
617200,,SUBMISSION,VELVETFRUIT_EXTRACT,XIREC,5236.0,6
620000,SUBMISSION,,HYDROGEL_PACK,XIREC,10011.0,5
620600,SUBMISSION,,VELVETFRUIT_EXTRACT,XIREC,5234.0,23
620800,SUBMISSION,,VELVETFRUIT_EXTRACT,XIREC,5234.0,5
620800,,SUBMISSION,VELVETFRUIT_EXTRACT,XIREC,5233.0,4
620900,SUBMISSION,,VELVETFRUIT_EXTRACT,XIREC,5233.0,4
622600,,,VEV_5400,XIREC,10.0,4
622600,,,VEV_5500,XIREC,3.0,4
622600,,,VEV_6000,XIREC,0.0,4
622600,,,VEV_6500,XIREC,0.0,4
624000,,,VEV_4000,XIREC,1226.0,2
624200,,,VEV_4000,XIREC,1226.0,2
625900,,SUBMISSION,VEV_4000,XIREC,1248.0,2
626300,,SUBMISSION,VELVETFRUIT_EXTRACT,XIREC,5247.0,5
627100,,SUBMISSION,VEV_4000,XIREC,1249.0,3
627400,,SUBMISSION,VELVETFRUIT_EXTRACT,XIREC,5245.0,7
629200,SUBMISSION,,VELVETFRUIT_EXTRACT,XIREC,5244.0,5
630700,SUBMISSION,,HYDROGEL_PACK,XIREC,10011.0,3
631400,SUBMISSION,,HYDROGEL_PACK,XIREC,10003.0,3
633100,,SUBMISSION,HYDROGEL_PACK,XIREC,10016.0,6
634300,,SUBMISSION,HYDROGEL_PACK,XIREC,10008.0,4
634400,,SUBMISSION,VELVETFRUIT_EXTRACT,XIREC,5244.0,5
635100,SUBMISSION,,VEV_4000,XIREC,1240.0,3
637900,,SUBMISSION,VEV_4000,XIREC,1251.0,3
640000,SUBMISSION,,HYDROGEL_PACK,XIREC,10002.0,2
641500,,SUBMISSION,VELVETFRUIT_EXTRACT,XIREC,5247.0,5
642400,,,VEV_5400,XIREC,11.0,2
642400,,,VEV_5500,XIREC,4.0,2
642400,,,VEV_6000,XIREC,0.0,2
642400,,,VEV_6500,XIREC,0.0,2
643000,SUBMISSION,,VELVETFRUIT_EXTRACT,XIREC,5240.0,6
643300,,SUBMISSION,VEV_4000,XIREC,1247.0,1
644500,,,VEV_5400,XIREC,11.0,4
644500,,,VEV_5500,XIREC,4.0,4
644500,,,VEV_6000,XIREC,0.0,4
644500,,,VEV_6500,XIREC,0.0,4
645000,SUBMISSION,,HYDROGEL_PACK,XIREC,10017.0,4
648700,SUBMISSION,,VEV_4000,XIREC,1240.0,3
650000,SUBMISSION,,HYDROGEL_PACK,XIREC,10030.0,4
650200,,SUBMISSION,VELVETFRUIT_EXTRACT,XIREC,5245.0,6
650600,,SUBMISSION,VELVETFRUIT_EXTRACT,XIREC,5244.0,8
651300,,SUBMISSION,VELVETFRUIT_EXTRACT,XIREC,5246.0,8
653800,,SUBMISSION,VELVETFRUIT_EXTRACT,XIREC,5251.0,5
655500,SUBMISSION,,HYDROGEL_PACK,XIREC,10025.0,3
656600,,SUBMISSION,VELVETFRUIT_EXTRACT,XIREC,5253.0,8
658100,,SUBMISSION,VEV_4000,XIREC,1258.0,3
658300,SUBMISSION,,VELVETFRUIT_EXTRACT,XIREC,5250.0,3
659500,,SUBMISSION,HYDROGEL_PACK,XIREC,10045.0,5
659800,SUBMISSION,,VELVETFRUIT_EXTRACT,XIREC,5256.0,6
661900,SUBMISSION,,HYDROGEL_PACK,XIREC,10025.0,6
662600,,SUBMISSION,VELVETFRUIT_EXTRACT,XIREC,5250.0,6
663000,SUBMISSION,,HYDROGEL_PACK,XIREC,10026.0,2
666500,,,VEV_5200,XIREC,91.0,2
666500,,,VEV_5300,XIREC,42.0,2
666500,,,VEV_5400,XIREC,12.0,2
666500,,,VEV_5500,XIREC,4.0,2
666500,,,VEV_6000,XIREC,0.0,2
666500,,,VEV_6500,XIREC,0.0,2
667800,,SUBMISSION,VELVETFRUIT_EXTRACT,XIREC,5261.0,5
669900,,SUBMISSION,VEV_4000,XIREC,1270.0,3
672600,,SUBMISSION,VELVETFRUIT_EXTRACT,XIREC,5270.0,3
672800,,SUBMISSION,VELVETFRUIT_EXTRACT,XIREC,5271.0,10
673000,SUBMISSION,,VELVETFRUIT_EXTRACT,XIREC,5271.0,5
673100,,SUBMISSION,VELVETFRUIT_EXTRACT,XIREC,5272.0,16
673100,,SUBMISSION,VELVETFRUIT_EXTRACT,XIREC,5271.0,22
673600,,SUBMISSION,VELVETFRUIT_EXTRACT,XIREC,5274.0,6
674000,,SUBMISSION,HYDROGEL_PACK,XIREC,10014.0,2
674400,,SUBMISSION,HYDROGEL_PACK,XIREC,10011.0,4
675300,,SUBMISSION,HYDROGEL_PACK,XIREC,10016.0,2
675600,,SUBMISSION,HYDROGEL_PACK,XIREC,10017.0,3
675600,,SUBMISSION,VELVETFRUIT_EXTRACT,XIREC,5271.0,7
676600,,SUBMISSION,VEV_4000,XIREC,1274.0,2
678700,,SUBMISSION,HYDROGEL_PACK,XIREC,10012.0,6
679000,,SUBMISSION,VELVETFRUIT_EXTRACT,XIREC,5273.0,5
679400,,SUBMISSION,VELVETFRUIT_EXTRACT,XIREC,5274.0,17
679400,,SUBMISSION,VELVETFRUIT_EXTRACT,XIREC,5273.0,47
679500,,SUBMISSION,VELVETFRUIT_EXTRACT,XIREC,5274.0,24
679500,,SUBMISSION,VELVETFRUIT_EXTRACT,XIREC,5273.0,31
679500,,SUBMISSION,VEV_5100,XIREC,183.0,11
679500,,SUBMISSION,VEV_5100,XIREC,182.0,15
679600,,SUBMISSION,VELVETFRUIT_EXTRACT,XIREC,5274.0,20
679600,,SUBMISSION,VELVETFRUIT_EXTRACT,XIREC,5273.0,31
679700,,SUBMISSION,VELVETFRUIT_EXTRACT,XIREC,5274.0,67
679700,,SUBMISSION,VEV_5100,XIREC,183.0,24
679800,,SUBMISSION,VELVETFRUIT_EXTRACT,XIREC,5274.0,25
679800,,SUBMISSION,VELVETFRUIT_EXTRACT,XIREC,5273.0,26
679800,,SUBMISSION,VEV_5100,XIREC,183.0,9
679800,,SUBMISSION,VEV_5100,XIREC,182.0,21
679900,,SUBMISSION,VEV_5100,XIREC,183.0,12
679900,,SUBMISSION,VEV_5100,XIREC,182.0,18
681000,,SUBMISSION,HYDROGEL_PACK,XIREC,10009.0,5
681000,,SUBMISSION,VEV_5100,XIREC,183.0,30
681200,,SUBMISSION,VEV_5100,XIREC,184.0,12
681200,,SUBMISSION,VEV_5100,XIREC,183.0,12
681300,,SUBMISSION,VEV_4000,XIREC,1278.0,2
681300,,SUBMISSION,VEV_4000,XIREC,1267.0,11
681300,,SUBMISSION,VEV_4000,XIREC,1265.0,15
681300,,SUBMISSION,VEV_4500,XIREC,778.0,2
681300,,SUBMISSION,VEV_4500,XIREC,770.0,7
681300,,SUBMISSION,VEV_4500,XIREC,768.0,14
681300,,SUBMISSION,VEV_5000,XIREC,280.0,2
681300,,SUBMISSION,VEV_5000,XIREC,277.0,7
681300,,SUBMISSION,VEV_5000,XIREC,276.0,14
681300,,SUBMISSION,VEV_5100,XIREC,186.0,2
681300,,SUBMISSION,VEV_5100,XIREC,184.0,21
681400,,SUBMISSION,VEV_5000,XIREC,278.0,8
681400,,SUBMISSION,VEV_5000,XIREC,277.0,18
681400,,SUBMISSION,VEV_5100,XIREC,185.0,8
681400,,SUBMISSION,VEV_5100,XIREC,184.0,18
681500,,SUBMISSION,VEV_5000,XIREC,277.0,8
681500,,SUBMISSION,VEV_5000,XIREC,276.0,17
681500,,SUBMISSION,VEV_5100,XIREC,184.0,25
681600,,SUBMISSION,VEV_5100,XIREC,183.0,11
681600,,SUBMISSION,VEV_5100,XIREC,182.0,19
681700,,SUBMISSION,VEV_5000,XIREC,277.0,8
681700,,SUBMISSION,VEV_5000,XIREC,276.0,19
681700,,SUBMISSION,VEV_5100,XIREC,184.0,8
681700,,SUBMISSION,VEV_5100,XIREC,183.0,19
681800,,SUBMISSION,VEV_5100,XIREC,183.0,30
681900,,SUBMISSION,VEV_5000,XIREC,277.0,9
681900,,SUBMISSION,VEV_5000,XIREC,276.0,21
681900,,SUBMISSION,VEV_5100,XIREC,184.0,9
681900,,SUBMISSION,VEV_5100,XIREC,183.0,21
682000,,SUBMISSION,VEV_5000,XIREC,278.0,7
682000,,SUBMISSION,VEV_5000,XIREC,277.0,23
682000,,SUBMISSION,VEV_5100,XIREC,185.0,7
682000,,SUBMISSION,VEV_5100,XIREC,184.0,23
682100,,SUBMISSION,VEV_5000,XIREC,278.0,30
682100,,SUBMISSION,VEV_5100,XIREC,185.0,30
682100,,SUBMISSION,VEV_5200,XIREC,107.0,12
682100,,SUBMISSION,VEV_5200,XIREC,106.0,18
682200,,SUBMISSION,VEV_4000,XIREC,1270.0,8
682200,,SUBMISSION,VEV_4000,XIREC,1268.0,22
682200,,SUBMISSION,VEV_4500,XIREC,773.0,7
682200,,SUBMISSION,VEV_4500,XIREC,771.0,21
682200,,SUBMISSION,VEV_5000,XIREC,280.0,7
682200,,SUBMISSION,VEV_5000,XIREC,279.0,21
682200,,SUBMISSION,VEV_5100,XIREC,187.0,7
682200,,SUBMISSION,VEV_5100,XIREC,186.0,21
682200,,SUBMISSION,VEV_5200,XIREC,108.0,7
682200,,SUBMISSION,VEV_5200,XIREC,107.0,21
682300,,SUBMISSION,VEV_4000,XIREC,1269.0,10
682300,,SUBMISSION,VEV_4000,XIREC,1267.0,20
682300,,SUBMISSION,VEV_4500,XIREC,772.0,9
682300,,SUBMISSION,VEV_4500,XIREC,770.0,13
682300,,SUBMISSION,VEV_5000,XIREC,278.0,22
682300,,SUBMISSION,VEV_5100,XIREC,186.0,9
682300,,SUBMISSION,VEV_5100,XIREC,185.0,13
682300,,SUBMISSION,VEV_5200,XIREC,107.0,22
682400,,SUBMISSION,VEV_5000,XIREC,277.0,21
682400,,SUBMISSION,VEV_5100,XIREC,185.0,8
682400,,SUBMISSION,VEV_5100,XIREC,184.0,13
682500,,SUBMISSION,VEV_5000,XIREC,277.0,7
682500,,SUBMISSION,VEV_5000,XIREC,276.0,14
682500,,SUBMISSION,VEV_5100,XIREC,184.0,21
682600,,SUBMISSION,VEV_5000,XIREC,277.0,29
682600,,SUBMISSION,VEV_5100,XIREC,185.0,8
682600,,SUBMISSION,VEV_5100,XIREC,184.0,21
682700,,SUBMISSION,VEV_4000,XIREC,1269.0,7
682700,,SUBMISSION,VEV_4000,XIREC,1267.0,23
682700,,SUBMISSION,VEV_4500,XIREC,772.0,6
682700,,SUBMISSION,VEV_4500,XIREC,770.0,17
682700,,SUBMISSION,VEV_5000,XIREC,279.0,6
682700,,SUBMISSION,VEV_5000,XIREC,278.0,17
682700,,SUBMISSION,VEV_5100,XIREC,186.0,6
682700,,SUBMISSION,VEV_5100,XIREC,185.0,17
682700,,SUBMISSION,VEV_5200,XIREC,107.0,23
682800,,SUBMISSION,VEV_4000,XIREC,1270.0,7
682800,,SUBMISSION,VEV_4000,XIREC,1267.0,23
682800,,SUBMISSION,VEV_4500,XIREC,772.0,7
682800,,SUBMISSION,VEV_4500,XIREC,770.0,12
682800,,SUBMISSION,VEV_5000,XIREC,279.0,19
682800,,SUBMISSION,VEV_5100,XIREC,186.0,19
682800,,SUBMISSION,VEV_5200,XIREC,107.0,19
682800,,,VELVETFRUIT_EXTRACT,XIREC,5283.0,6
682900,,SUBMISSION,VEV_4000,XIREC,1269.0,9
682900,,SUBMISSION,VEV_4000,XIREC,1267.0,21
682900,,SUBMISSION,VEV_4500,XIREC,772.0,11
682900,,SUBMISSION,VEV_4500,XIREC,770.0,19
682900,,SUBMISSION,VEV_5000,XIREC,279.0,11
682900,,SUBMISSION,VEV_5000,XIREC,278.0,19
682900,,SUBMISSION,VEV_5100,XIREC,186.0,11
682900,,SUBMISSION,VEV_5100,XIREC,185.0,1
682900,,SUBMISSION,VEV_5200,XIREC,107.0,30
683000,,SUBMISSION,VEV_4000,XIREC,1270.0,9
683000,,SUBMISSION,VEV_4000,XIREC,1267.0,19
683000,,SUBMISSION,VEV_4500,XIREC,772.0,12
683000,,SUBMISSION,VEV_4500,XIREC,770.0,18
683000,,SUBMISSION,VEV_5000,XIREC,279.0,12
683000,,SUBMISSION,VEV_5000,XIREC,278.0,18
683000,,SUBMISSION,VEV_5200,XIREC,107.0,30
683100,,SUBMISSION,VEV_4000,XIREC,1270.0,9
683100,,SUBMISSION,VEV_4000,XIREC,1267.0,21
683100,,SUBMISSION,VEV_4500,XIREC,772.0,10
683100,,SUBMISSION,VEV_4500,XIREC,770.0,20
683100,,SUBMISSION,VEV_5000,XIREC,279.0,10
683100,,SUBMISSION,VEV_5000,XIREC,278.0,20
683100,,SUBMISSION,VEV_5200,XIREC,107.0,30
683200,,SUBMISSION,VEV_5000,XIREC,278.0,24
683200,,SUBMISSION,VEV_5200,XIREC,107.0,8
683200,,SUBMISSION,VEV_5200,XIREC,106.0,16
683300,,SUBMISSION,VEV_4000,XIREC,1270.0,14
683300,,SUBMISSION,VEV_4000,XIREC,1267.0,15
683300,,SUBMISSION,VEV_4500,XIREC,772.0,6
683300,,SUBMISSION,VEV_4500,XIREC,770.0,19
683300,,SUBMISSION,VEV_5000,XIREC,279.0,25
683300,,SUBMISSION,VEV_5200,XIREC,107.0,25
683400,,SUBMISSION,VEV_4000,XIREC,1269.0,15
683400,,SUBMISSION,VEV_4000,XIREC,1267.0,15
683400,,SUBMISSION,VEV_4500,XIREC,772.0,11
683400,,SUBMISSION,VEV_4500,XIREC,770.0,18
683400,,SUBMISSION,VEV_5000,XIREC,279.0,11
683400,,SUBMISSION,VEV_5000,XIREC,278.0,18
683400,,SUBMISSION,VEV_5200,XIREC,107.0,29
683500,,SUBMISSION,VEV_4000,XIREC,1269.0,13
683500,,SUBMISSION,VEV_4000,XIREC,1267.0,17
683500,,SUBMISSION,VEV_4500,XIREC,772.0,6
683500,,SUBMISSION,VEV_4500,XIREC,770.0,23
683500,,SUBMISSION,VEV_5000,XIREC,279.0,6
683500,,SUBMISSION,VEV_5000,XIREC,278.0,23
683500,,SUBMISSION,VEV_5200,XIREC,107.0,29
683600,,SUBMISSION,VEV_4000,XIREC,1270.0,14
683600,,SUBMISSION,VEV_4000,XIREC,1268.0,16
683600,,SUBMISSION,VEV_4500,XIREC,773.0,8
683600,,SUBMISSION,VEV_4500,XIREC,771.0,22
683600,,SUBMISSION,VEV_5000,XIREC,279.0,30
683600,,SUBMISSION,VEV_5200,XIREC,108.0,8
683600,,SUBMISSION,VEV_5200,XIREC,107.0,22
683700,,SUBMISSION,VEV_4000,XIREC,1271.0,9
683700,,SUBMISSION,VEV_4000,XIREC,1268.0,19
683700,,SUBMISSION,VEV_4500,XIREC,773.0,7
683700,,SUBMISSION,VEV_4500,XIREC,771.0,12
683700,,SUBMISSION,VEV_5000,XIREC,280.0,7
683700,,SUBMISSION,VEV_5000,XIREC,279.0,2
683700,,SUBMISSION,VEV_5200,XIREC,108.0,19
683800,,SUBMISSION,VEV_4000,XIREC,1270.0,11
683800,,SUBMISSION,VEV_4000,XIREC,1267.0,16
683800,,SUBMISSION,VEV_4500,XIREC,772.0,8
683800,,SUBMISSION,VEV_4500,XIREC,770.0,15
683800,,SUBMISSION,VEV_5200,XIREC,107.0,23
683900,,SUBMISSION,VEV_4000,XIREC,1269.0,13
683900,,SUBMISSION,VEV_4000,XIREC,1267.0,17
683900,,SUBMISSION,VEV_4500,XIREC,772.0,7
683900,,SUBMISSION,VEV_4500,XIREC,770.0,23
683900,,SUBMISSION,VEV_5200,XIREC,107.0,30
683900,,,VELVETFRUIT_EXTRACT,XIREC,5283.0,3
684000,,SUBMISSION,VEV_4000,XIREC,1270.0,15
684000,,SUBMISSION,VEV_4000,XIREC,1267.0,15
684000,,SUBMISSION,VEV_4500,XIREC,772.0,8
684000,,SUBMISSION,VEV_4500,XIREC,770.0,16
684000,,SUBMISSION,VEV_5200,XIREC,107.0,24
684100,,SUBMISSION,VEV_4000,XIREC,1270.0,15
684100,,SUBMISSION,VEV_4000,XIREC,1268.0,15
684100,,SUBMISSION,VEV_4500,XIREC,773.0,12
684100,,SUBMISSION,VEV_4500,XIREC,771.0,15
684100,,SUBMISSION,VEV_5200,XIREC,108.0,12
684100,,SUBMISSION,VEV_5200,XIREC,107.0,15
684500,SUBMISSION,,VELVETFRUIT_EXTRACT,XIREC,5274.0,7
685300,,SUBMISSION,VELVETFRUIT_EXTRACT,XIREC,5274.0,7
686100,SUBMISSION,,HYDROGEL_PACK,XIREC,9997.0,6
686400,SUBMISSION,,VELVETFRUIT_EXTRACT,XIREC,5275.0,8
686700,,SUBMISSION,HYDROGEL_PACK,XIREC,10015.0,5
687700,SUBMISSION,,VELVETFRUIT_EXTRACT,XIREC,5269.0,7
687700,,SUBMISSION,VELVETFRUIT_EXTRACT,XIREC,5271.0,5
688500,SUBMISSION,,VELVETFRUIT_EXTRACT,XIREC,5273.0,3
688600,,,VEV_5400,XIREC,16.0,2
688600,,,VEV_5500,XIREC,6.0,2
688600,,,VEV_6000,XIREC,0.0,2
688600,,,VEV_6500,XIREC,0.0,2
689700,SUBMISSION,,HYDROGEL_PACK,XIREC,9998.0,5
690500,SUBMISSION,,VEV_4000,XIREC,1268.0,1
690600,,SUBMISSION,VELVETFRUIT_EXTRACT,XIREC,5274.0,5
690800,SUBMISSION,,HYDROGEL_PACK,XIREC,9991.0,5
691100,,,VEV_5400,XIREC,15.0,5
691100,,,VEV_5500,XIREC,6.0,5
691100,,,VEV_6000,XIREC,0.0,5
691100,,,VEV_6500,XIREC,0.0,5
691200,SUBMISSION,,VELVETFRUIT_EXTRACT,XIREC,5272.0,7
691600,SUBMISSION,,HYDROGEL_PACK,XIREC,9991.0,5
692000,,SUBMISSION,VEV_4000,XIREC,1277.0,1
692100,,SUBMISSION,VELVETFRUIT_EXTRACT,XIREC,5271.0,8
692500,SUBMISSION,,VELVETFRUIT_EXTRACT,XIREC,5269.0,6
693900,,SUBMISSION,VELVETFRUIT_EXTRACT,XIREC,5270.0,3
694400,,SUBMISSION,VELVETFRUIT_EXTRACT,XIREC,5270.0,3
694500,,SUBMISSION,HYDROGEL_PACK,XIREC,10015.0,4
695800,,,VEV_5500,XIREC,5.0,5
695800,,,VEV_6000,XIREC,0.0,5
695800,,,VEV_6500,XIREC,0.0,5
696000,,SUBMISSION,HYDROGEL_PACK,XIREC,10015.0,2
697000,,SUBMISSION,HYDROGEL_PACK,XIREC,10016.0,4
697400,,SUBMISSION,HYDROGEL_PACK,XIREC,10017.0,2
698100,,SUBMISSION,VELVETFRUIT_EXTRACT,XIREC,5275.0,7
698800,SUBMISSION,,HYDROGEL_PACK,XIREC,10000.0,2
699800,SUBMISSION,,VEV_4000,XIREC,1265.0,3
700500,,,VELVETFRUIT_EXTRACT,XIREC,5264.0,10
701000,SUBMISSION,,VELVETFRUIT_EXTRACT,XIREC,5264.0,4
702100,,SUBMISSION,VELVETFRUIT_EXTRACT,XIREC,5264.0,4
702100,,,VELVETFRUIT_EXTRACT,XIREC,5265.0,1
702200,SUBMISSION,,VELVETFRUIT_EXTRACT,XIREC,5261.0,3
704600,,SUBMISSION,VELVETFRUIT_EXTRACT,XIREC,5264.0,3
704600,,,VELVETFRUIT_EXTRACT,XIREC,5265.0,5
705100,,,VELVETFRUIT_EXTRACT,XIREC,5267.0,7
705700,SUBMISSION,,VELVETFRUIT_EXTRACT,XIREC,5262.0,4
705900,,SUBMISSION,HYDROGEL_PACK,XIREC,10031.0,6
707900,SUBMISSION,,HYDROGEL_PACK,XIREC,10022.0,6
711200,SUBMISSION,,VEV_4000,XIREC,1253.0,3
711900,,,VEV_5300,XIREC,43.0,3
711900,,,VEV_5400,XIREC,13.0,3
711900,,,VEV_5500,XIREC,5.0,3
711900,,,VEV_6000,XIREC,0.0,3
711900,,,VEV_6500,XIREC,0.0,3
713000,,SUBMISSION,VELVETFRUIT_EXTRACT,XIREC,5254.0,4
713000,,,VELVETFRUIT_EXTRACT,XIREC,5255.0,4
714100,SUBMISSION,,VELVETFRUIT_EXTRACT,XIREC,5248.0,8
714600,SUBMISSION,,VELVETFRUIT_EXTRACT,XIREC,5250.0,72
714700,SUBMISSION,,VELVETFRUIT_EXTRACT,XIREC,5249.0,21
714700,SUBMISSION,,VELVETFRUIT_EXTRACT,XIREC,5250.0,42
714800,SUBMISSION,,VELVETFRUIT_EXTRACT,XIREC,5248.0,61
714900,SUBMISSION,,VELVETFRUIT_EXTRACT,XIREC,5246.0,21
714900,SUBMISSION,,VELVETFRUIT_EXTRACT,XIREC,5247.0,42
715000,SUBMISSION,,VELVETFRUIT_EXTRACT,XIREC,5249.0,25
715000,SUBMISSION,,VELVETFRUIT_EXTRACT,XIREC,5250.0,42
715100,SUBMISSION,,VELVETFRUIT_EXTRACT,XIREC,5249.0,65
715200,SUBMISSION,,VELVETFRUIT_EXTRACT,XIREC,5249.0,1
715300,,SUBMISSION,VELVETFRUIT_EXTRACT,XIREC,5244.0,8
715400,SUBMISSION,,VELVETFRUIT_EXTRACT,XIREC,5247.0,8
715500,SUBMISSION,,HYDROGEL_PACK,XIREC,10037.0,6
716900,SUBMISSION,,HYDROGEL_PACK,XIREC,10029.0,3
717300,,SUBMISSION,VELVETFRUIT_EXTRACT,XIREC,5244.0,12
717500,SUBMISSION,,VELVETFRUIT_EXTRACT,XIREC,5249.0,12
719000,SUBMISSION,,HYDROGEL_PACK,XIREC,10034.0,5
720500,,SUBMISSION,VELVETFRUIT_EXTRACT,XIREC,5237.0,11
720600,SUBMISSION,,VELVETFRUIT_EXTRACT,XIREC,5241.0,11
720700,SUBMISSION,,VEV_5200,XIREC,82.0,24
721200,,,VELVETFRUIT_EXTRACT,XIREC,5239.0,3
722300,,SUBMISSION,VELVETFRUIT_EXTRACT,XIREC,5241.0,4
722400,SUBMISSION,,VELVETFRUIT_EXTRACT,XIREC,5241.0,4
723600,SUBMISSION,,VEV_5200,XIREC,81.0,19
723700,SUBMISSION,,VEV_5200,XIREC,81.0,25
723800,SUBMISSION,,VEV_5100,XIREC,151.0,6
723800,SUBMISSION,,VEV_5100,XIREC,152.0,23
723800,SUBMISSION,,VEV_5200,XIREC,81.0,29
723900,SUBMISSION,,VEV_5200,XIREC,81.0,27
724000,SUBMISSION,,VEV_5200,XIREC,81.0,25
724100,SUBMISSION,,VEV_5100,XIREC,151.0,30
724100,SUBMISSION,,VEV_5200,XIREC,80.0,30
724200,SUBMISSION,,VEV_5200,XIREC,80.0,30
724300,SUBMISSION,,VEV_5200,XIREC,81.0,24
724400,SUBMISSION,,VEV_5100,XIREC,151.0,22
724400,SUBMISSION,,VEV_5200,XIREC,80.0,22
724600,SUBMISSION,,VEV_5200,XIREC,81.0,30
724700,SUBMISSION,,VEV_5200,XIREC,81.0,27
724800,SUBMISSION,,VEV_5200,XIREC,81.0,18
724900,SUBMISSION,,VEV_5200,XIREC,81.0,26
725000,SUBMISSION,,VEV_5200,XIREC,81.0,29
725100,SUBMISSION,,VEV_5200,XIREC,81.0,10
725100,SUBMISSION,,VEV_5200,XIREC,82.0,20
725200,SUBMISSION,,VEV_5200,XIREC,81.0,29
725300,SUBMISSION,,VEV_5200,XIREC,81.0,23
725500,SUBMISSION,,VEV_5100,XIREC,151.0,30
725700,SUBMISSION,,VEV_5100,XIREC,151.0,26
725800,SUBMISSION,,VEV_5100,XIREC,151.0,27
725900,SUBMISSION,,VEV_5100,XIREC,150.0,26
726000,SUBMISSION,,VEV_5100,XIREC,150.0,21
726100,SUBMISSION,,VEV_5100,XIREC,150.0,23
726100,,,VELVETFRUIT_EXTRACT,XIREC,5231.0,5
726200,SUBMISSION,,VEV_5100,XIREC,149.0,9
726200,SUBMISSION,,VEV_5100,XIREC,150.0,12
726300,SUBMISSION,,VEV_5000,XIREC,238.0,8
726300,SUBMISSION,,VEV_5000,XIREC,239.0,12
726300,SUBMISSION,,VEV_5100,XIREC,148.0,20
726400,SUBMISSION,,VEV_5000,XIREC,237.0,11
726400,SUBMISSION,,VEV_5000,XIREC,238.0,12
726400,SUBMISSION,,VEV_5100,XIREC,147.0,11
726400,SUBMISSION,,VEV_5100,XIREC,148.0,12
726500,SUBMISSION,,VEV_5000,XIREC,238.0,27
726500,SUBMISSION,,VEV_5100,XIREC,148.0,27
726600,SUBMISSION,,VEV_4000,XIREC,1229.0,2
726600,SUBMISSION,,VEV_4000,XIREC,1240.0,10
726600,SUBMISSION,,VEV_4000,XIREC,1243.0,18
726600,SUBMISSION,,VEV_4500,XIREC,729.0,2
726600,SUBMISSION,,VEV_4500,XIREC,738.0,10
726600,SUBMISSION,,VEV_4500,XIREC,740.0,18
726600,SUBMISSION,,VEV_5000,XIREC,234.0,2
726600,SUBMISSION,,VEV_5000,XIREC,237.0,10
726600,SUBMISSION,,VEV_5000,XIREC,238.0,18
726600,SUBMISSION,,VEV_5100,XIREC,145.0,2
726600,SUBMISSION,,VEV_5100,XIREC,147.0,28
726600,,,VEV_5400,XIREC,8.0,2
726600,,,VEV_5500,XIREC,3.0,2
726600,,,VEV_6000,XIREC,0.0,2
726600,,,VEV_6500,XIREC,0.0,2
726700,SUBMISSION,,VEV_4000,XIREC,1240.0,12
726700,SUBMISSION,,VEV_4000,XIREC,1242.0,18
726700,SUBMISSION,,VEV_4500,XIREC,737.0,6
726700,SUBMISSION,,VEV_4500,XIREC,739.0,23
726700,SUBMISSION,,VEV_5000,XIREC,237.0,29
726700,SUBMISSION,,VEV_5100,XIREC,147.0,29
726800,SUBMISSION,,VEV_5000,XIREC,238.0,21
726800,SUBMISSION,,VEV_5100,XIREC,148.0,21
726900,SUBMISSION,,VEV_5000,XIREC,238.0,21
726900,SUBMISSION,,VEV_5100,XIREC,148.0,21
727000,SUBMISSION,,VEV_5000,XIREC,238.0,6
727000,SUBMISSION,,VEV_5000,XIREC,239.0,12
727000,SUBMISSION,,VEV_5100,XIREC,148.0,18
727100,SUBMISSION,,VEV_5000,XIREC,238.0,6
727100,SUBMISSION,,VEV_5000,XIREC,239.0,15
727100,SUBMISSION,,VEV_5100,XIREC,148.0,21
727200,SUBMISSION,,VEV_5000,XIREC,238.0,10
727200,SUBMISSION,,VEV_5000,XIREC,239.0,19
727200,SUBMISSION,,VEV_5100,XIREC,148.0,10
727200,SUBMISSION,,VEV_5100,XIREC,149.0,19
727300,SUBMISSION,,VEV_5000,XIREC,239.0,8
727300,SUBMISSION,,VEV_5000,XIREC,240.0,19
727300,SUBMISSION,,VEV_5100,XIREC,149.0,27
727400,SUBMISSION,,VEV_5000,XIREC,238.0,7
727400,SUBMISSION,,VEV_5000,XIREC,239.0,16
727400,SUBMISSION,,VEV_5100,XIREC,148.0,23
727500,SUBMISSION,,VEV_5100,XIREC,149.0,9
727500,SUBMISSION,,VEV_5100,XIREC,150.0,21
727600,SUBMISSION,,VEV_5100,XIREC,149.0,16
727700,,SUBMISSION,HYDROGEL_PACK,XIREC,10039.0,6
727700,SUBMISSION,,VEV_5000,XIREC,239.0,25
727800,SUBMISSION,,VEV_5000,XIREC,238.0,8
727800,SUBMISSION,,VEV_5000,XIREC,239.0,17
727900,SUBMISSION,,VEV_4000,XIREC,1227.0,2
728000,SUBMISSION,,VEV_5000,XIREC,239.0,23
728500,SUBMISSION,,VEV_5000,XIREC,239.0,22
728600,SUBMISSION,,VEV_5000,XIREC,239.0,21
728700,SUBMISSION,,VEV_5000,XIREC,239.0,12
728700,SUBMISSION,,VEV_5000,XIREC,240.0,18
728800,SUBMISSION,,VEV_5000,XIREC,239.0,7
728800,SUBMISSION,,VEV_5000,XIREC,240.0,12
728900,SUBMISSION,,VEV_4000,XIREC,1239.0,15
728900,SUBMISSION,,VEV_4000,XIREC,1242.0,15
728900,SUBMISSION,,VEV_4500,XIREC,737.0,6
728900,SUBMISSION,,VEV_4500,XIREC,739.0,20
728900,SUBMISSION,,VEV_5000,XIREC,236.0,6
728900,SUBMISSION,,VEV_5000,XIREC,237.0,20
729000,SUBMISSION,,VEV_5000,XIREC,238.0,30
729100,SUBMISSION,,VEV_5000,XIREC,238.0,11
729100,SUBMISSION,,VEV_5000,XIREC,239.0,13
729300,SUBMISSION,,VEV_5000,XIREC,239.0,12
729300,SUBMISSION,,VEV_5000,XIREC,240.0,14
729400,SUBMISSION,,VEV_4000,XIREC,1240.0,10
729400,SUBMISSION,,VEV_4000,XIREC,1242.0,15
729400,SUBMISSION,,VEV_4500,XIREC,737.0,12
729400,SUBMISSION,,VEV_4500,XIREC,739.0,18
729400,SUBMISSION,,VEV_5000,XIREC,236.0,12
729400,SUBMISSION,,VEV_5000,XIREC,237.0,18
729500,SUBMISSION,,VEV_4000,XIREC,1237.0,15
729500,SUBMISSION,,VEV_4000,XIREC,1240.0,15
729500,SUBMISSION,,VEV_4500,XIREC,735.0,12
729500,SUBMISSION,,VEV_4500,XIREC,737.0,13
729600,SUBMISSION,,VEV_4000,XIREC,1237.0,9
729600,SUBMISSION,,VEV_4000,XIREC,1239.0,18
729600,SUBMISSION,,VEV_4500,XIREC,734.0,6
729600,SUBMISSION,,VEV_4500,XIREC,736.0,15
729700,SUBMISSION,,VEV_4000,XIREC,1238.0,10
729700,SUBMISSION,,VEV_4000,XIREC,1240.0,20
729700,SUBMISSION,,VEV_4500,XIREC,735.0,7
729700,SUBMISSION,,VEV_4500,XIREC,737.0,18
729800,SUBMISSION,,VEV_4000,XIREC,1236.0,7
729800,SUBMISSION,,VEV_4000,XIREC,1239.0,18
729800,SUBMISSION,,VEV_4500,XIREC,734.0,11
729800,SUBMISSION,,VEV_4500,XIREC,736.0,17
729900,SUBMISSION,,VEV_4000,XIREC,1235.0,12
729900,SUBMISSION,,VEV_4000,XIREC,1237.0,18
729900,SUBMISSION,,VEV_4500,XIREC,732.0,10
729900,SUBMISSION,,VEV_4500,XIREC,734.0,15
730000,SUBMISSION,,VEV_4000,XIREC,1235.0,14
730000,SUBMISSION,,VEV_4000,XIREC,1238.0,16
730000,SUBMISSION,,VEV_4500,XIREC,733.0,9
730000,SUBMISSION,,VEV_4500,XIREC,734.0,18
730100,SUBMISSION,,VEV_4000,XIREC,1236.0,10
730100,SUBMISSION,,VEV_4000,XIREC,1238.0,20
730100,SUBMISSION,,VEV_4500,XIREC,733.0,6
730100,SUBMISSION,,VEV_4500,XIREC,735.0,14
730200,SUBMISSION,,VEV_4000,XIREC,1235.0,13
730200,SUBMISSION,,VEV_4000,XIREC,1238.0,17
730200,SUBMISSION,,VEV_4500,XIREC,733.0,7
730200,SUBMISSION,,VEV_4500,XIREC,734.0,15
730300,SUBMISSION,,VEV_4500,XIREC,733.0,6
730300,SUBMISSION,,VEV_4500,XIREC,735.0,12
730300,,,VELVETFRUIT_EXTRACT,XIREC,5223.0,5
730400,SUBMISSION,,VEV_4000,XIREC,1234.0,15
730400,SUBMISSION,,VEV_4000,XIREC,1237.0,15
730400,SUBMISSION,,VEV_4500,XIREC,732.0,6
730400,SUBMISSION,,VEV_4500,XIREC,733.0,19
730500,SUBMISSION,,VEV_4000,XIREC,1233.0,14
730500,SUBMISSION,,VEV_4000,XIREC,1236.0,16
730500,SUBMISSION,,VEV_4500,XIREC,731.0,10
730500,SUBMISSION,,VEV_4500,XIREC,733.0,19
730600,SUBMISSION,,VEV_4000,XIREC,1234.0,7
730600,SUBMISSION,,VEV_4000,XIREC,1236.0,18
730600,SUBMISSION,,VEV_4500,XIREC,731.0,7
730600,SUBMISSION,,VEV_4500,XIREC,733.0,18
730700,SUBMISSION,,VEV_4000,XIREC,1235.0,15
730700,SUBMISSION,,VEV_4000,XIREC,1237.0,15
730700,SUBMISSION,,VEV_4500,XIREC,732.0,7
730700,SUBMISSION,,VEV_4500,XIREC,734.0,16
730800,SUBMISSION,,VEV_4000,XIREC,1236.0,10
730800,SUBMISSION,,VEV_4000,XIREC,1238.0,20
730800,SUBMISSION,,VEV_4500,XIREC,733.0,6
730800,SUBMISSION,,VEV_4500,XIREC,735.0,7
730900,SUBMISSION,,VEV_4000,XIREC,1236.0,6
733200,,,VEV_5400,XIREC,8.0,4
733200,,,VEV_5500,XIREC,3.0,4
733200,,,VEV_6000,XIREC,0.0,4
733200,,,VEV_6500,XIREC,0.0,4
734200,,SUBMISSION,HYDROGEL_PACK,XIREC,10028.0,5
735100,,,VELVETFRUIT_EXTRACT,XIREC,5227.0,3
736100,,SUBMISSION,VEV_4000,XIREC,1234.0,1
736200,SUBMISSION,,HYDROGEL_PACK,XIREC,10005.0,6
736200,SUBMISSION,,VEV_4000,XIREC,1238.0,1
737300,,SUBMISSION,HYDROGEL_PACK,XIREC,10013.0,6
737500,,SUBMISSION,VELVETFRUIT_EXTRACT,XIREC,5225.0,3
737600,SUBMISSION,,VELVETFRUIT_EXTRACT,XIREC,5227.0,3
737600,,,VELVETFRUIT_EXTRACT,XIREC,5221.0,5
738000,,,VELVETFRUIT_EXTRACT,XIREC,5220.0,8
738500,,,VELVETFRUIT_EXTRACT,XIREC,5216.0,4
738800,,,VELVETFRUIT_EXTRACT,XIREC,5215.0,3
739000,SUBMISSION,,HYDROGEL_PACK,XIREC,9997.0,4
739600,,SUBMISSION,VEV_4000,XIREC,1222.0,3
739700,SUBMISSION,,VEV_4000,XIREC,1227.0,3
739900,,SUBMISSION,VELVETFRUIT_EXTRACT,XIREC,5216.0,4
740000,SUBMISSION,,HYDROGEL_PACK,XIREC,10002.0,4
740000,SUBMISSION,,VELVETFRUIT_EXTRACT,XIREC,5216.0,4
740300,,SUBMISSION,VELVETFRUIT_EXTRACT,XIREC,5216.0,7
740400,SUBMISSION,,VELVETFRUIT_EXTRACT,XIREC,5216.0,7
742000,,,VELVETFRUIT_EXTRACT,XIREC,5213.0,8
743500,SUBMISSION,,HYDROGEL_PACK,XIREC,10004.0,5
744200,,SUBMISSION,VELVETFRUIT_EXTRACT,XIREC,5208.0,8
744300,SUBMISSION,,VELVETFRUIT_EXTRACT,XIREC,5211.0,8
746900,,SUBMISSION,VEV_4000,XIREC,1216.0,1
747000,SUBMISSION,,VEV_4000,XIREC,1221.0,1
747700,SUBMISSION,,HYDROGEL_PACK,XIREC,9989.0,3
748500,,,VEV_5300,XIREC,28.0,2
748500,,,VEV_5500,XIREC,2.0,2
748500,,,VEV_6000,XIREC,0.0,2
748500,,,VEV_6500,XIREC,0.0,2
749400,,SUBMISSION,HYDROGEL_PACK,XIREC,10015.0,5
750200,,SUBMISSION,HYDROGEL_PACK,XIREC,10005.0,3
751300,,,VELVETFRUIT_EXTRACT,XIREC,5211.0,5
752100,,SUBMISSION,HYDROGEL_PACK,XIREC,10011.0,6
752300,,SUBMISSION,VEV_4000,XIREC,1225.0,2
752400,SUBMISSION,,VEV_4000,XIREC,1231.0,2
752500,SUBMISSION,,HYDROGEL_PACK,XIREC,9998.0,5
753400,,SUBMISSION,HYDROGEL_PACK,XIREC,10007.0,4
755000,SUBMISSION,,HYDROGEL_PACK,XIREC,10003.0,4
756000,,,VELVETFRUIT_EXTRACT,XIREC,5225.0,7
757200,,SUBMISSION,VEV_4000,XIREC,1225.0,2
757300,SUBMISSION,,VEV_4000,XIREC,1230.0,2
758100,,,VELVETFRUIT_EXTRACT,XIREC,5213.0,8
759500,SUBMISSION,,HYDROGEL_PACK,XIREC,10017.0,2
761800,,,VELVETFRUIT_EXTRACT,XIREC,5224.0,7
762200,,SUBMISSION,VEV_4000,XIREC,1231.0,2
762300,SUBMISSION,,VEV_4000,XIREC,1238.0,2
762600,,,VELVETFRUIT_EXTRACT,XIREC,5225.0,6
762800,,SUBMISSION,VELVETFRUIT_EXTRACT,XIREC,5230.0,6
762900,SUBMISSION,,VELVETFRUIT_EXTRACT,XIREC,5229.0,6
763500,,,VEV_5400,XIREC,7.0,5
763500,,,VEV_5500,XIREC,2.0,5
763500,,,VEV_6000,XIREC,0.0,5
763500,,,VEV_6500,XIREC,0.0,5
764000,,,VEV_5300,XIREC,32.0,3
764000,,,VEV_5400,XIREC,8.0,3
764000,,,VEV_5500,XIREC,2.0,3
764000,,,VEV_6000,XIREC,0.0,3
764000,,,VEV_6500,XIREC,0.0,3
766000,,SUBMISSION,VELVETFRUIT_EXTRACT,XIREC,5227.0,4
766100,SUBMISSION,,VELVETFRUIT_EXTRACT,XIREC,5229.0,4
766500,SUBMISSION,,HYDROGEL_PACK,XIREC,10040.0,4
767700,,SUBMISSION,HYDROGEL_PACK,XIREC,10042.0,6
771300,,SUBMISSION,HYDROGEL_PACK,XIREC,10050.0,4
771600,,SUBMISSION,VELVETFRUIT_EXTRACT,XIREC,5230.0,12
771700,SUBMISSION,,VELVETFRUIT_EXTRACT,XIREC,5235.0,12
771800,,SUBMISSION,VELVETFRUIT_EXTRACT,XIREC,5236.0,6
771900,SUBMISSION,,VELVETFRUIT_EXTRACT,XIREC,5236.0,6
773800,,,VELVETFRUIT_EXTRACT,XIREC,5234.0,8
774200,,SUBMISSION,VEV_4000,XIREC,1239.0,2
775300,SUBMISSION,,HYDROGEL_PACK,XIREC,10029.0,4
775500,,SUBMISSION,VELVETFRUIT_EXTRACT,XIREC,5241.0,7
777200,SUBMISSION,,VELVETFRUIT_EXTRACT,XIREC,5238.0,7
777200,,SUBMISSION,VELVETFRUIT_EXTRACT,XIREC,5238.0,10
777400,SUBMISSION,,VELVETFRUIT_EXTRACT,XIREC,5238.0,6
779200,,,VEV_5300,XIREC,37.0,4
779200,,,VEV_5400,XIREC,10.0,4
779200,,,VEV_5500,XIREC,3.0,4
779200,,,VEV_6000,XIREC,0.0,4
779200,,,VEV_6500,XIREC,0.0,4
779700,,SUBMISSION,VELVETFRUIT_EXTRACT,XIREC,5243.0,4
780000,,SUBMISSION,HYDROGEL_PACK,XIREC,10034.0,3
781100,,SUBMISSION,VELVETFRUIT_EXTRACT,XIREC,5240.0,7
781500,SUBMISSION,,VELVETFRUIT_EXTRACT,XIREC,5236.0,7
781600,SUBMISSION,,VELVETFRUIT_EXTRACT,XIREC,5238.0,8
781900,,,VELVETFRUIT_EXTRACT,XIREC,5235.0,5
783400,,,VELVETFRUIT_EXTRACT,XIREC,5238.0,6
784000,SUBMISSION,,HYDROGEL_PACK,XIREC,10015.0,6
787000,,SUBMISSION,VELVETFRUIT_EXTRACT,XIREC,5250.0,6
787400,SUBMISSION,,HYDROGEL_PACK,XIREC,10013.0,5
791700,SUBMISSION,,VELVETFRUIT_EXTRACT,XIREC,5244.0,6
793900,,SUBMISSION,VELVETFRUIT_EXTRACT,XIREC,5243.0,5
793900,,,VEV_5400,XIREC,10.0,2
793900,,,VEV_5500,XIREC,3.0,2
793900,,,VEV_6000,XIREC,0.0,2
793900,,,VEV_6500,XIREC,0.0,2
795100,SUBMISSION,,VELVETFRUIT_EXTRACT,XIREC,5239.0,5
795400,SUBMISSION,,HYDROGEL_PACK,XIREC,9979.0,6
796100,,SUBMISSION,VELVETFRUIT_EXTRACT,XIREC,5244.0,5
796600,,SUBMISSION,VELVETFRUIT_EXTRACT,XIREC,5243.0,7
796800,SUBMISSION,,VEV_4000,XIREC,1233.0,1
798800,,SUBMISSION,VELVETFRUIT_EXTRACT,XIREC,5241.0,12
798900,,SUBMISSION,VELVETFRUIT_EXTRACT,XIREC,5244.0,8
800000,,SUBMISSION,VEV_4000,XIREC,1255.0,1
802600,SUBMISSION,,VELVETFRUIT_EXTRACT,XIREC,5253.0,7
802700,,SUBMISSION,HYDROGEL_PACK,XIREC,10013.0,4
803000,,SUBMISSION,VELVETFRUIT_EXTRACT,XIREC,5256.0,3
804500,,SUBMISSION,HYDROGEL_PACK,XIREC,10019.0,5
805000,,SUBMISSION,VELVETFRUIT_EXTRACT,XIREC,5258.0,3
805600,SUBMISSION,,VEV_4000,XIREC,1251.0,2
807300,,SUBMISSION,VELVETFRUIT_EXTRACT,XIREC,5262.0,6
808200,SUBMISSION,,VEV_4000,XIREC,1258.0,2
808800,,,VEV_5300,XIREC,44.0,4
808800,,,VEV_5400,XIREC,12.0,4
808800,,,VEV_5500,XIREC,4.0,4
808800,,,VEV_6000,XIREC,0.0,4
808800,,,VEV_6500,XIREC,0.0,4
809100,SUBMISSION,,VEV_4000,XIREC,1253.0,3
810000,,SUBMISSION,VELVETFRUIT_EXTRACT,XIREC,5255.0,5
810800,SUBMISSION,,VELVETFRUIT_EXTRACT,XIREC,5250.0,5
812300,SUBMISSION,,VELVETFRUIT_EXTRACT,XIREC,5246.0,8
812600,,SUBMISSION,VELVETFRUIT_EXTRACT,XIREC,5250.0,5
812700,SUBMISSION,,HYDROGEL_PACK,XIREC,10006.0,3
813500,SUBMISSION,,VELVETFRUIT_EXTRACT,XIREC,5241.0,4
815900,,SUBMISSION,VELVETFRUIT_EXTRACT,XIREC,5245.0,3
816800,,SUBMISSION,VEV_4000,XIREC,1248.0,3
818600,,SUBMISSION,HYDROGEL_PACK,XIREC,10038.0,3
819500,SUBMISSION,,VELVETFRUIT_EXTRACT,XIREC,5249.0,7
819600,SUBMISSION,,VEV_4000,XIREC,1246.0,3
822500,,SUBMISSION,VELVETFRUIT_EXTRACT,XIREC,5254.0,5
823500,,SUBMISSION,VELVETFRUIT_EXTRACT,XIREC,5253.0,8
823600,,,VEV_4000,XIREC,1241.0,3
824000,SUBMISSION,,HYDROGEL_PACK,XIREC,10028.0,4
825200,,SUBMISSION,VELVETFRUIT_EXTRACT,XIREC,5255.0,4
825500,,SUBMISSION,VEV_4000,XIREC,1261.0,3
825600,,SUBMISSION,VELVETFRUIT_EXTRACT,XIREC,5258.0,6
825700,,SUBMISSION,VELVETFRUIT_EXTRACT,XIREC,5258.0,6
825900,,,VEV_5400,XIREC,12.0,2
825900,,,VEV_5500,XIREC,4.0,2
825900,,,VEV_6000,XIREC,0.0,2
825900,,,VEV_6500,XIREC,0.0,2
826400,,,VEV_5300,XIREC,42.0,4
826400,,,VEV_5400,XIREC,12.0,4
826400,,,VEV_5500,XIREC,4.0,4
826400,,,VEV_6000,XIREC,0.0,4
826400,,,VEV_6500,XIREC,0.0,4
827000,SUBMISSION,,HYDROGEL_PACK,XIREC,10025.0,5
827300,,SUBMISSION,VEV_4000,XIREC,1259.0,2
827900,,SUBMISSION,VELVETFRUIT_EXTRACT,XIREC,5255.0,3
828400,,SUBMISSION,VELVETFRUIT_EXTRACT,XIREC,5257.0,3
829800,,SUBMISSION,VELVETFRUIT_EXTRACT,XIREC,5253.0,7
830600,SUBMISSION,,HYDROGEL_PACK,XIREC,10025.0,3
831300,,SUBMISSION,VELVETFRUIT_EXTRACT,XIREC,5256.0,3
833300,,SUBMISSION,VEV_4000,XIREC,1260.0,2
833700,,SUBMISSION,VELVETFRUIT_EXTRACT,XIREC,5257.0,5
834000,SUBMISSION,,HYDROGEL_PACK,XIREC,10018.0,4
836300,,,VEV_5300,XIREC,43.0,4
836300,,,VEV_5400,XIREC,12.0,4
836300,,,VEV_5500,XIREC,4.0,4
836300,,,VEV_6000,XIREC,0.0,4
836300,,,VEV_6500,XIREC,0.0,4
836500,SUBMISSION,,VELVETFRUIT_EXTRACT,XIREC,5257.0,4
840900,SUBMISSION,,VELVETFRUIT_EXTRACT,XIREC,5255.0,8
840900,,SUBMISSION,VELVETFRUIT_EXTRACT,XIREC,5256.0,11
841800,SUBMISSION,,VELVETFRUIT_EXTRACT,XIREC,5259.0,8
842800,SUBMISSION,,HYDROGEL_PACK,XIREC,10009.0,6
843300,,SUBMISSION,HYDROGEL_PACK,XIREC,10025.0,3
844300,,SUBMISSION,VELVETFRUIT_EXTRACT,XIREC,5261.0,7
844800,SUBMISSION,,VELVETFRUIT_EXTRACT,XIREC,5261.0,5
845400,SUBMISSION,,VELVETFRUIT_EXTRACT,XIREC,5260.0,7
848300,,SUBMISSION,VELVETFRUIT_EXTRACT,XIREC,5259.0,7
848400,,SUBMISSION,VELVETFRUIT_EXTRACT,XIREC,5256.0,11
849400,SUBMISSION,,HYDROGEL_PACK,XIREC,9997.0,6
850200,SUBMISSION,,VEV_4000,XIREC,1252.0,1
855100,,SUBMISSION,HYDROGEL_PACK,XIREC,10017.0,4
856600,SUBMISSION,,HYDROGEL_PACK,XIREC,10002.0,2
860300,SUBMISSION,,VELVETFRUIT_EXTRACT,XIREC,5254.0,3
861000,SUBMISSION,,VELVETFRUIT_EXTRACT,XIREC,5253.0,4
861200,,SUBMISSION,HYDROGEL_PACK,XIREC,10020.0,2
861800,SUBMISSION,,HYDROGEL_PACK,XIREC,9997.0,6
862900,,SUBMISSION,VELVETFRUIT_EXTRACT,XIREC,5253.0,8
863200,,SUBMISSION,VELVETFRUIT_EXTRACT,XIREC,5252.0,3
863300,SUBMISSION,,HYDROGEL_PACK,XIREC,9991.0,5
864200,SUBMISSION,,HYDROGEL_PACK,XIREC,9991.0,3
864300,SUBMISSION,,VELVETFRUIT_EXTRACT,XIREC,5258.0,4
866200,,SUBMISSION,HYDROGEL_PACK,XIREC,9998.0,3
866800,,SUBMISSION,HYDROGEL_PACK,XIREC,10001.0,6
866900,,SUBMISSION,HYDROGEL_PACK,XIREC,10000.0,2
867500,SUBMISSION,,HYDROGEL_PACK,XIREC,9993.0,6
868700,SUBMISSION,,VELVETFRUIT_EXTRACT,XIREC,5251.0,20
868800,SUBMISSION,,VELVETFRUIT_EXTRACT,XIREC,5251.0,24
868900,SUBMISSION,,VELVETFRUIT_EXTRACT,XIREC,5251.0,36
869900,SUBMISSION,,HYDROGEL_PACK,XIREC,9988.0,2
870100,,SUBMISSION,HYDROGEL_PACK,XIREC,10000.0,2
870400,,SUBMISSION,HYDROGEL_PACK,XIREC,9998.0,4
872400,,SUBMISSION,VELVETFRUIT_EXTRACT,XIREC,5248.0,15
872500,SUBMISSION,,VELVETFRUIT_EXTRACT,XIREC,5250.0,15
872600,,,VEV_5300,XIREC,39.0,2
872600,,,VEV_5400,XIREC,10.0,2
872600,,,VEV_5500,XIREC,3.0,2
872600,,,VEV_6000,XIREC,0.0,2
872600,,,VEV_6500,XIREC,0.0,2
874800,,,VELVETFRUIT_EXTRACT,XIREC,5247.0,8
875900,,SUBMISSION,VEV_4000,XIREC,1254.0,1
876500,SUBMISSION,,VEV_5200,XIREC,84.0,3
876500,,,VEV_5400,XIREC,10.0,3
876500,,,VEV_5500,XIREC,3.0,3
876500,,,VEV_6000,XIREC,0.0,3
876500,,,VEV_6500,XIREC,0.0,3
876900,SUBMISSION,,HYDROGEL_PACK,XIREC,9978.0,5
878000,,,VELVETFRUIT_EXTRACT,XIREC,5243.0,4
879100,SUBMISSION,,VEV_4000,XIREC,1242.0,2
880000,SUBMISSION,,VEV_4000,XIREC,1247.0,3
880800,,SUBMISSION,HYDROGEL_PACK,XIREC,9992.0,5
881200,,SUBMISSION,VELVETFRUIT_EXTRACT,XIREC,5252.0,4
883000,SUBMISSION,,VELVETFRUIT_EXTRACT,XIREC,5252.0,4
884100,SUBMISSION,,VEV_4000,XIREC,1251.0,2
886000,,SUBMISSION,VELVETFRUIT_EXTRACT,XIREC,5264.0,3
887000,,SUBMISSION,VELVETFRUIT_EXTRACT,XIREC,5267.0,4
887900,,SUBMISSION,VELVETFRUIT_EXTRACT,XIREC,5269.0,15
889900,SUBMISSION,,VELVETFRUIT_EXTRACT,XIREC,5263.0,3
890200,,SUBMISSION,HYDROGEL_PACK,XIREC,9993.0,5
891400,,SUBMISSION,VELVETFRUIT_EXTRACT,XIREC,5267.0,4
891600,SUBMISSION,,HYDROGEL_PACK,XIREC,9977.0,6
891800,,SUBMISSION,VELVETFRUIT_EXTRACT,XIREC,5271.0,7
892900,,SUBMISSION,VELVETFRUIT_EXTRACT,XIREC,5274.0,5
893000,,SUBMISSION,VELVETFRUIT_EXTRACT,XIREC,5272.0,15
893000,,SUBMISSION,VELVETFRUIT_EXTRACT,XIREC,5271.0,38
893100,,SUBMISSION,VELVETFRUIT_EXTRACT,XIREC,5273.0,61
893100,,SUBMISSION,VEV_5100,XIREC,182.0,25
893200,,SUBMISSION,VELVETFRUIT_EXTRACT,XIREC,5274.0,25
893200,,SUBMISSION,VELVETFRUIT_EXTRACT,XIREC,5273.0,43
893200,,SUBMISSION,VEV_5100,XIREC,183.0,7
893200,,SUBMISSION,VEV_5100,XIREC,182.0,14
893300,,SUBMISSION,VELVETFRUIT_EXTRACT,XIREC,5274.0,61
893300,,SUBMISSION,VEV_5000,XIREC,275.0,12
893300,,SUBMISSION,VEV_5000,XIREC,274.0,18
893300,,SUBMISSION,VEV_5100,XIREC,183.0,12
893300,,SUBMISSION,VEV_5100,XIREC,182.0,18
893400,,SUBMISSION,VELVETFRUIT_EXTRACT,XIREC,5273.0,11
893400,,SUBMISSION,VEV_5100,XIREC,182.0,26
893500,,SUBMISSION,VEV_5100,XIREC,182.0,6
893500,,SUBMISSION,VEV_5100,XIREC,181.0,16
894000,,SUBMISSION,VEV_5100,XIREC,181.0,26
894100,,SUBMISSION,VELVETFRUIT_EXTRACT,XIREC,5274.0,25
894100,,SUBMISSION,VELVETFRUIT_EXTRACT,XIREC,5273.0,39
894100,,SUBMISSION,VEV_5000,XIREC,275.0,11
894100,,SUBMISSION,VEV_5000,XIREC,274.0,19
894100,,SUBMISSION,VEV_5100,XIREC,183.0,11
894100,,SUBMISSION,VEV_5100,XIREC,182.0,19
894200,,SUBMISSION,VELVETFRUIT_EXTRACT,XIREC,5275.0,18
894200,,SUBMISSION,VELVETFRUIT_EXTRACT,XIREC,5274.0,29
894200,,SUBMISSION,VEV_5000,XIREC,276.0,11
894200,,SUBMISSION,VEV_5000,XIREC,275.0,19
894200,,SUBMISSION,VEV_5100,XIREC,183.0,30
894300,,SUBMISSION,VEV_5100,XIREC,182.0,25
894400,,SUBMISSION,VEV_5100,XIREC,181.0,24
894800,,SUBMISSION,VEV_4000,XIREC,1277.0,2
894900,,SUBMISSION,HYDROGEL_PACK,XIREC,9992.0,2
897300,,SUBMISSION,VEV_5100,XIREC,181.0,12
897300,,SUBMISSION,VEV_5100,XIREC,180.0,17
897500,,SUBMISSION,VEV_5100,XIREC,181.0,11
897500,,SUBMISSION,VEV_5100,XIREC,180.0,19
897600,,SUBMISSION,VEV_5000,XIREC,275.0,22
897600,,SUBMISSION,VEV_5100,XIREC,183.0,10
897600,,SUBMISSION,VEV_5100,XIREC,182.0,12
897700,,SUBMISSION,VEV_5100,XIREC,182.0,22
897800,,SUBMISSION,VEV_5000,XIREC,275.0,30
897800,,SUBMISSION,VEV_5100,XIREC,183.0,10
897800,,SUBMISSION,VEV_5100,XIREC,182.0,20
897900,,SUBMISSION,VEV_5000,XIREC,276.0,7
897900,,SUBMISSION,VEV_5000,XIREC,275.0,12
897900,,SUBMISSION,VEV_5100,XIREC,184.0,7
897900,,SUBMISSION,VEV_5100,XIREC,183.0,12
898000,,SUBMISSION,VEV_5000,XIREC,276.0,6
898000,,SUBMISSION,VEV_5000,XIREC,275.0,14
898000,,SUBMISSION,VEV_5100,XIREC,183.0,20
898100,SUBMISSION,,VELVETFRUIT_EXTRACT,XIREC,5278.0,8
898100,,SUBMISSION,VEV_4000,XIREC,1268.0,9
898100,,SUBMISSION,VEV_4000,XIREC,1266.0,18
898100,,SUBMISSION,VEV_4500,XIREC,771.0,12
898100,,SUBMISSION,VEV_4500,XIREC,769.0,18
898100,,SUBMISSION,VEV_5000,XIREC,278.0,12
898100,,SUBMISSION,VEV_5000,XIREC,277.0,18
898100,,SUBMISSION,VEV_5100,XIREC,185.0,12
898100,,SUBMISSION,VEV_5100,XIREC,184.0,18
898100,,SUBMISSION,VEV_5200,XIREC,106.0,30
898200,,SUBMISSION,VELVETFRUIT_EXTRACT,XIREC,5275.0,8
898200,,SUBMISSION,VEV_4000,XIREC,1267.0,12
