timestamp;buyer;seller;symbol;currency;price;quantity
0;;SUBMISSION;VEV_5300;XIREC;52.0;6
0;;SUBMISSION;VEV_5300;XIREC;51.0;14
0;;SUBMISSION;VEV_5400;XIREC;22.0;20
0;;SUBMISSION;VEV_5500;XIREC;8.0;20
100;;SUBMISSION;VEV_5300;XIREC;52.0;17
100;;SUBMISSION;VEV_5400;XIREC;23.0;17
100;;SUBMISSION;VEV_5500;XIREC;8.0;17
200;;SUBMISSION;VEV_5300;XIREC;52.0;10
200;;SUBMISSION;VEV_5300;XIREC;51.0;10
200;;SUBMISSION;VEV_5400;XIREC;23.0;10
200;;SUBMISSION;VEV_5400;XIREC;22.0;10
200;;SUBMISSION;VEV_5500;XIREC;8.0;20
300;;SUBMISSION;VEV_5300;XIREC;52.0;9
300;;SUBMISSION;VEV_5300;XIREC;51.0;11
300;;SUBMISSION;VEV_5400;XIREC;23.0;9
300;;SUBMISSION;VEV_5400;XIREC;22.0;11
300;;SUBMISSION;VEV_5500;XIREC;8.0;20
400;;SUBMISSION;VEV_5300;XIREC;52.0;6
400;;SUBMISSION;VEV_5300;XIREC;51.0;13
400;;SUBMISSION;VEV_5400;XIREC;23.0;6
400;;SUBMISSION;VEV_5400;XIREC;22.0;13
400;;SUBMISSION;VEV_5500;XIREC;8.0;19
500;;SUBMISSION;VEV_5300;XIREC;51.0;20
500;;SUBMISSION;VEV_5400;XIREC;22.0;20
500;;SUBMISSION;VEV_5500;XIREC;8.0;20
600;;SUBMISSION;VEV_5300;XIREC;51.0;20
600;;SUBMISSION;VEV_5400;XIREC;22.0;20
600;;SUBMISSION;VEV_5500;XIREC;8.0;20
700;;SUBMISSION;VEV_5300;XIREC;51.0;20
700;;SUBMISSION;VEV_5400;XIREC;22.0;20
700;;SUBMISSION;VEV_5500;XIREC;8.0;20
800;;SUBMISSION;VEV_5400;XIREC;22.0;15
800;;SUBMISSION;VEV_5500;XIREC;8.0;15
900;;SUBMISSION;VEV_5400;XIREC;22.0;20
900;;SUBMISSION;VEV_5500;XIREC;8.0;20
1000;;SUBMISSION;VEV_5400;XIREC;22.0;20
1000;;SUBMISSION;VEV_5500;XIREC;8.0;20
1100;;SUBMISSION;VEV_5300;XIREC;51.0;20
1100;;SUBMISSION;VEV_5400;XIREC;22.0;20
1100;;SUBMISSION;VEV_5500;XIREC;8.0;20
1200;;SUBMISSION;VEV_5300;XIREC;51.0;18
1200;;SUBMISSION;VEV_5400;XIREC;22.0;18
1200;;SUBMISSION;VEV_5500;XIREC;8.0;18
1300;;SUBMISSION;VEV_5300;XIREC;51.0;10
1300;;SUBMISSION;VEV_5300;XIREC;50.0;10
1300;;SUBMISSION;VEV_5400;XIREC;22.0;20
1300;;SUBMISSION;VEV_5500;XIREC;8.0;20
1400;;SUBMISSION;VEV_5400;XIREC;22.0;20
1400;;SUBMISSION;VEV_5500;XIREC;8.0;20
1500;;SUBMISSION;VEV_5400;XIREC;22.0;11
1500;;SUBMISSION;VEV_5500;XIREC;8.0;11
2000;;SUBMISSION;VEV_5300;XIREC;51.0;10
2000;;SUBMISSION;VEV_5300;XIREC;50.0;10
2300;;SUBMISSION;VEV_5300;XIREC;51.0;20
2400;;SUBMISSION;VEV_5300;XIREC;51.0;20
2500;;;VELVETFRUIT_EXTRACT;XIREC;5250.0;4
2900;;;VEV_5400;XIREC;22.0;3
2900;;;VEV_5500;XIREC;8.0;3
2900;;;VEV_6000;XIREC;0.0;3
2900;;;VEV_6500;XIREC;0.0;3
5200;;;VELVETFRUIT_EXTRACT;XIREC;5236.0;3
5500;;;VELVETFRUIT_EXTRACT;XIREC;5241.0;8
8000;;;HYDROGEL_PACK;XIREC;10018.0;6
8300;SUBMISSION;;VEV_5500;XIREC;7.0;7
8300;SUBMISSION;;VEV_5500;XIREC;8.0;17
8400;SUBMISSION;;VEV_5300;XIREC;46.0;9
8400;SUBMISSION;;VEV_5300;XIREC;47.0;17
8400;SUBMISSION;;VEV_5500;XIREC;7.0;26
8500;SUBMISSION;;VEV_5300;XIREC;47.0;19
8500;SUBMISSION;;VEV_5500;XIREC;7.0;19
8600;SUBMISSION;;VEV_4000;XIREC;1240.0;13
8600;SUBMISSION;;VEV_4000;XIREC;1242.0;23
8600;SUBMISSION;;VEV_4500;XIREC;737.0;8
8600;SUBMISSION;;VEV_4500;XIREC;739.0;16
8600;SUBMISSION;;VEV_5300;XIREC;46.0;22
8600;SUBMISSION;;VEV_5500;XIREC;7.0;22
8700;SUBMISSION;;VEV_5300;XIREC;46.0;21
8700;SUBMISSION;;VEV_5500;XIREC;7.0;21
8800;SUBMISSION;;VEV_5500;XIREC;7.0;5
8800;SUBMISSION;;VEV_5500;XIREC;8.0;15
9000;;;VEV_4000;XIREC;1222.0;2
9100;SUBMISSION;;VEV_5300;XIREC;47.0;25
9100;SUBMISSION;;VEV_5500;XIREC;7.0;6
9100;SUBMISSION;;VEV_5500;XIREC;8.0;19
9300;;;VELVETFRUIT_EXTRACT;XIREC;5229.0;6
10100;;;HYDROGEL_PACK;XIREC;10014.0;5
11100;;;VEV_4000;XIREC;1246.0;1
11900;;;VELVETFRUIT_EXTRACT;XIREC;5237.0;4
13500;;SUBMISSION;VEV_4000;XIREC;1232.0;9
13500;;SUBMISSION;VEV_4000;XIREC;1230.0;16
13500;;SUBMISSION;VEV_4500;XIREC;735.0;9
13500;;SUBMISSION;VEV_4500;XIREC;733.0;15
14000;;;VELVETFRUIT_EXTRACT;XIREC;5243.0;7
14500;;SUBMISSION;VEV_4000;XIREC;1232.0;11
15200;;;VEV_5400;XIREC;21.0;5
15200;;;VEV_5500;XIREC;7.0;5
15200;;;VEV_6000;XIREC;0.0;5
15200;;;VEV_6500;XIREC;0.0;5
15300;;;HYDROGEL_PACK;XIREC;10026.0;3
15400;;;VEV_4000;XIREC;1232.0;3
15700;;;HYDROGEL_PACK;XIREC;10009.0;2
16400;;;HYDROGEL_PACK;XIREC;10009.0;4
17000;;;VELVETFRUIT_EXTRACT;XIREC;5239.0;6
18600;;;VEV_4000;XIREC;1247.0;3
19900;;;VELVETFRUIT_EXTRACT;XIREC;5236.0;7
20300;;;HYDROGEL_PACK;XIREC;10002.0;5
20500;;;HYDROGEL_PACK;XIREC;10000.0;3
20700;;;VELVETFRUIT_EXTRACT;XIREC;5238.0;5
22500;;;VELVETFRUIT_EXTRACT;XIREC;5234.0;4
23200;;;VELVETFRUIT_EXTRACT;XIREC;5234.0;4
23300;;;HYDROGEL_PACK;XIREC;9997.0;2
24400;;;VEV_4000;XIREC;1225.0;1
25500;SUBMISSION;;VEV_5300;XIREC;47.0;26
25600;SUBMISSION;;VEV_5300;XIREC;46.0;23
25600;SUBMISSION;;VEV_5500;XIREC;7.0;7
25600;SUBMISSION;;VEV_5500;XIREC;8.0;16
25800;SUBMISSION;;VEV_5300;XIREC;46.0;17
25800;SUBMISSION;;VEV_5500;XIREC;7.0;17
25900;SUBMISSION;;VEV_5300;XIREC;46.0;20
25900;SUBMISSION;;VEV_5500;XIREC;7.0;8
25900;SUBMISSION;;VEV_5500;XIREC;8.0;12
26000;SUBMISSION;;VELVETFRUIT_EXTRACT;XIREC;5231.0;50
26000;SUBMISSION;;VEV_4000;XIREC;1239.0;9
26000;SUBMISSION;;VEV_4000;XIREC;1241.0;15
26000;SUBMISSION;;VEV_4500;XIREC;736.0;12
26000;SUBMISSION;;VEV_4500;XIREC;738.0;22
26000;SUBMISSION;;VEV_5300;XIREC;46.0;27
26000;SUBMISSION;;VEV_5500;XIREC;7.0;27
26100;SUBMISSION;;VELVETFRUIT_EXTRACT;XIREC;5227.0;5
26100;SUBMISSION;;VELVETFRUIT_EXTRACT;XIREC;5231.0;45
26100;SUBMISSION;;VEV_4000;XIREC;1238.0;9
26100;SUBMISSION;;VEV_4000;XIREC;1241.0;23
26100;SUBMISSION;;VEV_4500;XIREC;736.0;7
26100;SUBMISSION;;VEV_4500;XIREC;738.0;18
26100;SUBMISSION;;VEV_5300;XIREC;45.0;8
26100;SUBMISSION;;VEV_5300;XIREC;46.0;14
26100;SUBMISSION;;VEV_5500;XIREC;7.0;22
26100;;;VELVETFRUIT_EXTRACT;XIREC;5227.0;5
26200;SUBMISSION;;VELVETFRUIT_EXTRACT;XIREC;5230.0;50
26200;SUBMISSION;;VEV_4000;XIREC;1238.0;7
26200;SUBMISSION;;VEV_4000;XIREC;1240.0;27
26200;SUBMISSION;;VEV_4500;XIREC;735.0;8
26200;SUBMISSION;;VEV_4500;XIREC;737.0;13
26200;SUBMISSION;;VEV_5300;XIREC;45.0;18
26200;SUBMISSION;;VEV_5500;XIREC;7.0;18
26300;SUBMISSION;;VELVETFRUIT_EXTRACT;XIREC;5231.0;50
26300;SUBMISSION;;VEV_4000;XIREC;1238.0;14
26300;SUBMISSION;;VEV_4000;XIREC;1241.0;25
26300;SUBMISSION;;VEV_4500;XIREC;736.0;7
26300;SUBMISSION;;VEV_4500;XIREC;738.0;13
26300;SUBMISSION;;VEV_5300;XIREC;45.0;8
26300;SUBMISSION;;VEV_5500;XIREC;7.0;16
26400;SUBMISSION;;VEV_4000;XIREC;1238.0;8
26400;SUBMISSION;;VEV_4000;XIREC;1240.0;15
26400;SUBMISSION;;VEV_4500;XIREC;735.0;10
26400;SUBMISSION;;VEV_4500;XIREC;737.0;18
26500;SUBMISSION;;VEV_4000;XIREC;1239.0;15
26500;SUBMISSION;;VEV_4000;XIREC;1242.0;25
26500;SUBMISSION;;VEV_4500;XIREC;737.0;7
26500;SUBMISSION;;VEV_4500;XIREC;738.0;13
26600;SUBMISSION;;VEV_4000;XIREC;1239.0;14
26600;SUBMISSION;;VEV_4000;XIREC;1242.0;19
26600;SUBMISSION;;VEV_4500;XIREC;737.0;10
26600;SUBMISSION;;VEV_4500;XIREC;739.0;12
26700;SUBMISSION;;VEV_4000;XIREC;1240.0;10
26700;SUBMISSION;;VEV_4000;XIREC;1242.0;24
26700;SUBMISSION;;VEV_4500;XIREC;737.0;11
26700;SUBMISSION;;VEV_4500;XIREC;739.0;18
27300;;;VELVETFRUIT_EXTRACT;XIREC;5230.0;3
28400;;;VELVETFRUIT_EXTRACT;XIREC;5230.0;8
28500;;;HYDROGEL_PACK;XIREC;9994.0;5
29100;;;HYDROGEL_PACK;XIREC;9973.0;6
29700;SUBMISSION;;VEV_4000;XIREC;1239.0;7
29700;SUBMISSION;;VEV_4000;XIREC;1242.0;16
29700;SUBMISSION;;VEV_4500;XIREC;737.0;8
29700;SUBMISSION;;VEV_4500;XIREC;739.0;12
29800;SUBMISSION;;VEV_4000;XIREC;1240.0;9
29800;SUBMISSION;;VEV_4000;XIREC;1242.0;9
29800;SUBMISSION;;VEV_4500;XIREC;737.0;12
29800;SUBMISSION;;VEV_4500;XIREC;739.0;20
29800;;;VELVETFRUIT_EXTRACT;XIREC;5232.0;4
31100;SUBMISSION;;VEV_4500;XIREC;737.0;6
31100;SUBMISSION;;VEV_4500;XIREC;739.0;18
31200;SUBMISSION;;VEV_4500;XIREC;737.0;6
31200;SUBMISSION;;VEV_4500;XIREC;738.0;19
31700;;;VEV_5400;XIREC;18.0;5
31700;;;VEV_5500;XIREC;6.0;5
31700;;;VEV_6000;XIREC;0.0;5
31700;;;VEV_6500;XIREC;0.0;5
33300;;;VELVETFRUIT_EXTRACT;XIREC;5233.0;6
36500;;;VELVETFRUIT_EXTRACT;XIREC;5229.0;7
36800;;;VELVETFRUIT_EXTRACT;XIREC;5228.0;7
37300;;;VELVETFRUIT_EXTRACT;XIREC;5231.0;5
38200;;;VELVETFRUIT_EXTRACT;XIREC;5232.0;5
38400;;;VELVETFRUIT_EXTRACT;XIREC;5235.0;3
38700;;;VELVETFRUIT_EXTRACT;XIREC;5236.0;6
39900;;;VELVETFRUIT_EXTRACT;XIREC;5230.0;8
40500;;;VELVETFRUIT_EXTRACT;XIREC;5232.0;7
41500;;;VEV_4000;XIREC;1242.0;1
45100;;;VEV_5400;XIREC;19.0;2
45100;;;VEV_5500;XIREC;7.0;2
45100;;;VEV_6000;XIREC;0.0;2
45100;;;VEV_6500;XIREC;0.0;2
45800;;;HYDROGEL_PACK;XIREC;9978.0;2
47900;;;VELVETFRUIT_EXTRACT;XIREC;5234.0;4
51200;;SUBMISSION;VEV_4500;XIREC;734.0;12
51200;;SUBMISSION;VEV_4500;XIREC;732.0;17
51300;;SUBMISSION;VELVETFRUIT_EXTRACT;XIREC;5240.0;50
51300;;SUBMISSION;VEV_4000;XIREC;1232.0;14
51300;;SUBMISSION;VEV_4000;XIREC;1230.0;25
51300;;SUBMISSION;VEV_4500;XIREC;735.0;7
51300;;SUBMISSION;VEV_4500;XIREC;733.0;13
51400;;SUBMISSION;VEV_4500;XIREC;734.0;11
51400;;SUBMISSION;VEV_4500;XIREC;732.0;12
54300;;SUBMISSION;VEV_4500;XIREC;734.0;7
54300;;SUBMISSION;VEV_4500;XIREC;732.0;22
54300;;;VELVETFRUIT_EXTRACT;XIREC;5239.0;4
54600;;;HYDROGEL_PACK;XIREC;9987.0;3
54900;;;VELVETFRUIT_EXTRACT;XIREC;5240.0;4
55000;;;HYDROGEL_PACK;XIREC;9987.0;6
55900;;SUBMISSION;VEV_4500;XIREC;734.0;12
55900;;SUBMISSION;VEV_4500;XIREC;732.0;24
56000;;SUBMISSION;VELVETFRUIT_EXTRACT;XIREC;5239.0;50
56000;;SUBMISSION;VEV_4500;XIREC;734.0;7
56000;;SUBMISSION;VEV_4500;XIREC;732.0;14
56100;;SUBMISSION;VELVETFRUIT_EXTRACT;XIREC;5240.0;18
56100;;SUBMISSION;VELVETFRUIT_EXTRACT;XIREC;5239.0;32
56100;;SUBMISSION;VEV_4000;XIREC;1232.0;10
56100;;SUBMISSION;VEV_4000;XIREC;1229.0;24
56100;;SUBMISSION;VEV_4500;XIREC;734.0;12
56100;;SUBMISSION;VEV_4500;XIREC;732.0;18
56200;;SUBMISSION;VELVETFRUIT_EXTRACT;XIREC;5240.0;50
56200;;SUBMISSION;VEV_4000;XIREC;1232.0;10
56200;;SUBMISSION;VEV_4000;XIREC;1230.0;23
56200;;SUBMISSION;VEV_4500;XIREC;735.0;10
56200;;SUBMISSION;VEV_4500;XIREC;733.0;21
56300;;SUBMISSION;VEV_4000;XIREC;1235.0;13
56300;;SUBMISSION;VEV_4000;XIREC;1232.0;21
56300;;SUBMISSION;VEV_4500;XIREC;737.0;12
56300;;SUBMISSION;VEV_4500;XIREC;736.0;24
56300;;SUBMISSION;VEV_5500;XIREC;8.0;20
56400;;SUBMISSION;VEV_4000;XIREC;1236.0;9
56400;;SUBMISSION;VEV_4000;XIREC;1233.0;16
56400;;SUBMISSION;VEV_4500;XIREC;738.0;10
56400;;SUBMISSION;VEV_4500;XIREC;736.0;23
56400;;SUBMISSION;VEV_5500;XIREC;8.0;20
56500;;SUBMISSION;VEV_4000;XIREC;1234.0;15
56500;;SUBMISSION;VEV_4000;XIREC;1232.0;15
56500;;SUBMISSION;VEV_4500;XIREC;737.0;9
56500;;SUBMISSION;VEV_4500;XIREC;735.0;3
56500;;SUBMISSION;VEV_5500;XIREC;8.0;20
56600;;SUBMISSION;VEV_4000;XIREC;1234.0;11
56600;;SUBMISSION;VEV_4000;XIREC;1231.0;16
56600;;SUBMISSION;VEV_5500;XIREC;8.0;20
56700;;SUBMISSION;VEV_4000;XIREC;1233.0;12
56700;;SUBMISSION;VEV_4000;XIREC;1231.0;29
56700;;SUBMISSION;VEV_5500;XIREC;8.0;20
56700;;;HYDROGEL_PACK;XIREC;9991.0;6
56800;;SUBMISSION;VEV_4000;XIREC;1234.0;11
56800;;SUBMISSION;VEV_4000;XIREC;1231.0;17
56800;;SUBMISSION;VEV_5500;XIREC;8.0;20
56900;;SUBMISSION;VEV_4000;XIREC;1233.0;9
57000;;SUBMISSION;VEV_5500;XIREC;8.0;20
57100;;SUBMISSION;VEV_5500;XIREC;8.0;8
57100;;SUBMISSION;VEV_5500;XIREC;7.0;12
57200;;SUBMISSION;VEV_5500;XIREC;8.0;17
57300;;SUBMISSION;VEV_5500;XIREC;8.0;16
57500;;SUBMISSION;VEV_5500;XIREC;8.0;8
57500;;SUBMISSION;VEV_5500;XIREC;7.0;10
57500;;;VELVETFRUIT_EXTRACT;XIREC;5246.0;4
57900;;;VEV_4000;XIREC;1232.0;1
58300;;SUBMISSION;VEV_5500;XIREC;8.0;9
58300;;SUBMISSION;VEV_5500;XIREC;7.0;11
59500;;SUBMISSION;VEV_5500;XIREC;8.0;20
59600;;SUBMISSION;VEV_5500;XIREC;8.0;18
60000;;;HYDROGEL_PACK;XIREC;9988.0;4
60300;;SUBMISSION;VEV_5500;XIREC;8.0;20
60400;;SUBMISSION;VEV_5500;XIREC;8.0;11
61900;;;VELVETFRUIT_EXTRACT;XIREC;5242.0;5
62400;;;VEV_4000;XIREC;1229.0;2
63900;;;HYDROGEL_PACK;XIREC;9986.0;5
65600;;;VELVETFRUIT_EXTRACT;XIREC;5238.0;8
67600;;;HYDROGEL_PACK;XIREC;9993.0;5
68400;SUBMISSION;;VEV_4000;XIREC;1232.0;5
68400;SUBMISSION;;VEV_4000;XIREC;1243.0;14
68400;SUBMISSION;;VEV_4000;XIREC;1246.0;23
68400;SUBMISSION;;VEV_4500;XIREC;732.0;5
68400;SUBMISSION;;VEV_4500;XIREC;741.0;7
68400;SUBMISSION;;VEV_4500;XIREC;742.0;18
68400;SUBMISSION;;VEV_5500;XIREC;7.0;5
68400;SUBMISSION;;VEV_5500;XIREC;8.0;17
68400;;;VEV_6000;XIREC;0.0;5
68400;;;VEV_6500;XIREC;0.0;5
69200;;;VELVETFRUIT_EXTRACT;XIREC;5239.0;8
69500;;;VEV_5300;XIREC;48.0;5
69500;;;VEV_5400;XIREC;20.0;5
69500;;;VEV_5500;XIREC;7.0;5
69500;;;VEV_6000;XIREC;0.0;5
69500;;;VEV_6500;XIREC;0.0;5
69600;;SUBMISSION;VEV_4000;XIREC;1232.0;9
69600;;SUBMISSION;VEV_4000;XIREC;1229.0;18
69600;;SUBMISSION;VEV_4500;XIREC;734.0;9
69600;;SUBMISSION;VEV_4500;XIREC;732.0;21
69700;;SUBMISSION;VEV_4000;XIREC;1232.0;7
69700;;SUBMISSION;VEV_4000;XIREC;1230.0;8
72900;;SUBMISSION;VEV_5500;XIREC;8.0;20
73000;;SUBMISSION;VEV_5500;XIREC;8.0;2
73000;;;HYDROGEL_PACK;XIREC;9980.0;3
75300;;;VEV_4000;XIREC;1253.0;3
75500;;;VELVETFRUIT_EXTRACT;XIREC;5243.0;6
75800;;;VELVETFRUIT_EXTRACT;XIREC;5240.0;3
76300;;;VELVETFRUIT_EXTRACT;XIREC;5247.0;8
77800;;;HYDROGEL_PACK;XIREC;9990.0;2
79000;;;VEV_4000;XIREC;1235.0;2
79700;;SUBMISSION;VEV_5300;XIREC;51.0;10
79700;;SUBMISSION;VEV_5300;XIREC;50.0;10
79800;;;VELVETFRUIT_EXTRACT;XIREC;5247.0;6
79800;;;VEV_4000;XIREC;1260.0;1
79900;;SUBMISSION;VEV_5300;XIREC;51.0;7
79900;;SUBMISSION;VEV_5300;XIREC;50.0;12
79900;;;VEV_4000;XIREC;1261.0;2
80500;;SUBMISSION;VEV_5300;XIREC;51.0;9
80500;;SUBMISSION;VEV_5300;XIREC;50.0;11
80600;;SUBMISSION;VEV_5300;XIREC;51.0;20
80700;;SUBMISSION;VEV_5300;XIREC;51.0;20
80800;;SUBMISSION;VEV_5300;XIREC;51.0;20
80900;;SUBMISSION;VEV_5300;XIREC;51.0;20
81000;;SUBMISSION;VEV_5300;XIREC;51.0;20
81100;;SUBMISSION;VEV_5300;XIREC;52.0;20
81200;;SUBMISSION;VEV_5300;XIREC;52.0;16
81300;;SUBMISSION;VEV_5300;XIREC;52.0;20
81400;;SUBMISSION;VEV_5300;XIREC;52.0;20
81500;;SUBMISSION;VEV_5300;XIREC;53.0;10
81500;;SUBMISSION;VEV_5300;XIREC;52.0;10
81600;;SUBMISSION;VEV_5300;XIREC;53.0;20
81700;;SUBMISSION;VEV_5300;XIREC;52.0;20
81700;;;VEV_4000;XIREC;1264.0;1
81800;;SUBMISSION;VEV_5300;XIREC;52.0;5
82200;SUBMISSION;;HYDROGEL_PACK;XIREC;9967.0;11
82200;SUBMISSION;;HYDROGEL_PACK;XIREC;9969.0;24
82600;SUBMISSION;;HYDROGEL_PACK;XIREC;9969.0;10
82600;SUBMISSION;;HYDROGEL_PACK;XIREC;9971.0;25
82700;SUBMISSION;;HYDROGEL_PACK;XIREC;9969.0;12
82700;SUBMISSION;;HYDROGEL_PACK;XIREC;9972.0;27
82800;SUBMISSION;;HYDROGEL_PACK;XIREC;9966.0;13
82800;SUBMISSION;;HYDROGEL_PACK;XIREC;9968.0;21
82900;SUBMISSION;;HYDROGEL_PACK;XIREC;9963.0;15
82900;SUBMISSION;;HYDROGEL_PACK;XIREC;9965.0;21
83000;SUBMISSION;;HYDROGEL_PACK;XIREC;9964.0;12
83000;SUBMISSION;;HYDROGEL_PACK;XIREC;9966.0;9
85300;;;VELVETFRUIT_EXTRACT;XIREC;5245.0;6
85800;;;VELVETFRUIT_EXTRACT;XIREC;5238.0;4
86300;;;VELVETFRUIT_EXTRACT;XIREC;5244.0;7
86800;;;VELVETFRUIT_EXTRACT;XIREC;5245.0;6
87400;;;VEV_5300;XIREC;47.0;3
87400;;;VEV_5400;XIREC;20.0;3
87400;;;VEV_5500;XIREC;7.0;3
87400;;;VEV_6000;XIREC;0.0;3
87400;;;VEV_6500;XIREC;0.0;3
87900;SUBMISSION;;VEV_5300;XIREC;46.0;10
87900;SUBMISSION;;VEV_5300;XIREC;47.0;15
88000;;;VEV_4000;XIREC;1247.0;1
88900;SUBMISSION;;VEV_5300;XIREC;46.0;4
88900;SUBMISSION;;VEV_5300;XIREC;47.0;10
88900;SUBMISSION;;VEV_5300;XIREC;48.0;18
88900;;;VEV_5500;XIREC;7.0;4
88900;;;VEV_6000;XIREC;0.0;4
88900;;;VEV_6500;XIREC;0.0;4
89300;;;VELVETFRUIT_EXTRACT;XIREC;5237.0;5
89400;SUBMISSION;;VEV_5300;XIREC;46.0;24
89500;SUBMISSION;;VEV_5300;XIREC;46.0;18
89600;SUBMISSION;;VEV_5300;XIREC;46.0;24
89800;SUBMISSION;;VEV_5300;XIREC;46.0;27
90000;;;HYDROGEL_PACK;XIREC;9950.0;6
91400;SUBMISSION;;VEV_5300;XIREC;47.0;29
91500;SUBMISSION;;VEV_5300;XIREC;46.0;22
91600;SUBMISSION;;VEV_5300;XIREC;46.0;21
91700;SUBMISSION;;VEV_5300;XIREC;46.0;26
91800;SUBMISSION;;VEV_5300;XIREC;46.0;20
91900;SUBMISSION;;VEV_5300;XIREC;46.0;23
92000;SUBMISSION;;VEV_5300;XIREC;46.0;9
92600;SUBMISSION;;VEV_4000;XIREC;1240.0;10
92600;SUBMISSION;;VEV_4000;XIREC;1243.0;26
92600;;;VELVETFRUIT_EXTRACT;XIREC;5232.0;5
92800;SUBMISSION;;VELVETFRUIT_EXTRACT;XIREC;5232.0;50
92800;SUBMISSION;;VEV_4000;XIREC;1240.0;7
92800;SUBMISSION;;VEV_4000;XIREC;1242.0;25
92800;SUBMISSION;;VEV_4500;XIREC;737.0;6
92800;SUBMISSION;;VEV_4500;XIREC;739.0;16
93200;;;HYDROGEL_PACK;XIREC;9948.0;6
94600;;;HYDROGEL_PACK;XIREC;9931.0;3
94900;;;HYDROGEL_PACK;XIREC;9934.0;4
96800;;;HYDROGEL_PACK;XIREC;9940.0;2
98200;;;VEV_4000;XIREC;1246.0;3
98300;;SUBMISSION;VEV_4000;XIREC;1237.0;4
98300;;SUBMISSION;VEV_4000;XIREC;1227.0;9
98300;;SUBMISSION;VEV_4000;XIREC;1225.0;22
98600;;SUBMISSION;VEV_4000;XIREC;1240.0;4
98600;;SUBMISSION;VEV_4000;XIREC;1230.0;9
98600;;SUBMISSION;VEV_4000;XIREC;1227.0;20
98600;;SUBMISSION;VEV_4500;XIREC;740.0;4
98600;;SUBMISSION;VEV_4500;XIREC;732.0;8
98600;;SUBMISSION;VEV_4500;XIREC;730.0;10
99100;;;VEV_4000;XIREC;1251.0;1
99500;;SUBMISSION;VELVETFRUIT_EXTRACT;XIREC;5240.0;24
99500;;SUBMISSION;VELVETFRUIT_EXTRACT;XIREC;5239.0;26
100000;;;VELVETFRUIT_EXTRACT;XIREC;5240.0;4
101800;;;VELVETFRUIT_EXTRACT;XIREC;5241.0;4
102200;;;HYDROGEL_PACK;XIREC;9946.0;5
102600;;;VELVETFRUIT_EXTRACT;XIREC;5236.0;4
104800;;;VELVETFRUIT_EXTRACT;XIREC;5235.0;6
105100;;;HYDROGEL_PACK;XIREC;9943.0;4
105600;;;VELVETFRUIT_EXTRACT;XIREC;5235.0;12
106100;;;HYDROGEL_PACK;XIREC;9943.0;6
108300;SUBMISSION;;VELVETFRUIT_EXTRACT;XIREC;5231.0;22
108300;SUBMISSION;;VELVETFRUIT_EXTRACT;XIREC;5232.0;28
108300;SUBMISSION;;VEV_4000;XIREC;1239.0;14
108300;SUBMISSION;;VEV_4000;XIREC;1242.0;29
108300;SUBMISSION;;VEV_4500;XIREC;737.0;9
108300;SUBMISSION;;VEV_4500;XIREC;739.0;17
108400;SUBMISSION;;VELVETFRUIT_EXTRACT;XIREC;5231.0;20
108400;SUBMISSION;;VELVETFRUIT_EXTRACT;XIREC;5232.0;30
108400;SUBMISSION;;VEV_4000;XIREC;1239.0;14
108400;SUBMISSION;;VEV_4000;XIREC;1242.0;20
108400;SUBMISSION;;VEV_4500;XIREC;737.0;9
108400;SUBMISSION;;VEV_4500;XIREC;738.0;23
108500;SUBMISSION;;VELVETFRUIT_EXTRACT;XIREC;5231.0;50
108500;SUBMISSION;;VEV_4000;XIREC;1238.0;13
108500;SUBMISSION;;VEV_4000;XIREC;1241.0;27
108500;SUBMISSION;;VEV_4500;XIREC;736.0;7
108500;SUBMISSION;;VEV_4500;XIREC;738.0;20
108600;SUBMISSION;;VELVETFRUIT_EXTRACT;XIREC;5230.0;50
108600;SUBMISSION;;VEV_4000;XIREC;1238.0;8
108600;SUBMISSION;;VEV_4000;XIREC;1240.0;16
108600;SUBMISSION;;VEV_4500;XIREC;735.0;8
108600;SUBMISSION;;VEV_4500;XIREC;737.0;19
108600;SUBMISSION;;VEV_5500;XIREC;7.0;19
108700;SUBMISSION;;VEV_4000;XIREC;1239.0;8
108700;SUBMISSION;;VEV_4000;XIREC;1241.0;16
108700;SUBMISSION;;VEV_4500;XIREC;736.0;10
108700;SUBMISSION;;VEV_4500;XIREC;738.0;19
108800;SUBMISSION;;VEV_4000;XIREC;1238.0;13
108800;SUBMISSION;;VEV_4000;XIREC;1241.0;25
108800;SUBMISSION;;VEV_4500;XIREC;736.0;10
108800;SUBMISSION;;VEV_4500;XIREC;737.0;15
108800;SUBMISSION;;VEV_5500;XIREC;7.0;24
108800;;;HYDROGEL_PACK;XIREC;9949.0;2
108900;SUBMISSION;;VEV_4000;XIREC;1238.0;8
108900;SUBMISSION;;VEV_4000;XIREC;1241.0;16
108900;SUBMISSION;;VEV_4500;XIREC;736.0;6
108900;SUBMISSION;;VEV_4500;XIREC;738.0;12
108900;SUBMISSION;;VEV_5500;XIREC;7.0;5
108900;SUBMISSION;;VEV_5500;XIREC;8.0;17
109000;SUBMISSION;;VEV_4000;XIREC;1237.0;15
109000;SUBMISSION;;VEV_4000;XIREC;1240.0;24
109000;SUBMISSION;;VEV_4500;XIREC;735.0;9
109000;SUBMISSION;;VEV_4500;XIREC;736.0;12
109000;SUBMISSION;;VEV_5500;XIREC;7.0;16
109100;SUBMISSION;;VEV_4000;XIREC;1237.0;12
109100;SUBMISSION;;VEV_4000;XIREC;1240.0;22
109100;SUBMISSION;;VEV_4500;XIREC;735.0;6
109100;SUBMISSION;;VEV_4500;XIREC;736.0;20
109100;SUBMISSION;;VEV_5500;XIREC;7.0;17
109200;SUBMISSION;;VEV_4500;XIREC;734.0;6
109200;SUBMISSION;;VEV_4500;XIREC;736.0;23
109200;SUBMISSION;;VEV_5000;XIREC;238.0;6
109200;SUBMISSION;;VEV_5000;XIREC;239.0;23
109200;SUBMISSION;;VEV_5500;XIREC;7.0;17
109300;SUBMISSION;;VEV_4500;XIREC;735.0;12
109300;SUBMISSION;;VEV_4500;XIREC;736.0;19
109300;SUBMISSION;;VEV_5500;XIREC;7.0;18
109300;;;VEV_4000;XIREC;1216.0;1
109400;SUBMISSION;;VEV_4500;XIREC;735.0;9
109400;SUBMISSION;;VEV_5500;XIREC;7.0;27
109500;SUBMISSION;;VEV_5000;XIREC;238.0;11
109500;SUBMISSION;;VEV_5000;XIREC;239.0;13
109500;SUBMISSION;;VEV_5500;XIREC;7.0;25
109500;;;HYDROGEL_PACK;XIREC;9926.0;2
109600;SUBMISSION;;VEV_5000;XIREC;238.0;12
109600;SUBMISSION;;VEV_5000;XIREC;239.0;20
109600;SUBMISSION;;VEV_5500;XIREC;7.0;23
109700;SUBMISSION;;VEV_5000;XIREC;234.0;4
109700;SUBMISSION;;VEV_5000;XIREC;237.0;27
109700;SUBMISSION;;VEV_5500;XIREC;7.0;17
109700;;;VEV_5300;XIREC;41.0;4
109700;;;VEV_5400;XIREC;17.0;4
109700;;;VEV_5500;XIREC;6.0;4
109700;;;VEV_6000;XIREC;0.0;4
109700;;;VEV_6500;XIREC;0.0;4
109800;SUBMISSION;;VEV_5000;XIREC;237.0;27
109800;SUBMISSION;;VEV_5500;XIREC;7.0;19
109900;SUBMISSION;;VEV_5000;XIREC;236.0;7
109900;SUBMISSION;;VEV_5000;XIREC;237.0;14
109900;SUBMISSION;;VEV_5500;XIREC;7.0;26
110000;SUBMISSION;;VEV_5000;XIREC;236.0;31
110000;SUBMISSION;;VEV_5500;XIREC;7.0;26
110100;SUBMISSION;;VEV_5000;XIREC;236.0;7
110100;SUBMISSION;;VEV_5000;XIREC;237.0;22
110100;SUBMISSION;;VEV_5500;XIREC;7.0;4
110200;SUBMISSION;;VEV_5000;XIREC;237.0;27
110200;;;VELVETFRUIT_EXTRACT;XIREC;5224.0;5
110300;SUBMISSION;;VEV_5000;XIREC;237.0;8
110300;SUBMISSION;;VEV_5000;XIREC;238.0;16
110400;SUBMISSION;;VEV_5000;XIREC;237.0;22
110500;SUBMISSION;;VEV_5000;XIREC;236.0;3
110600;;;VEV_5300;XIREC;41.0;3
110600;;;VEV_5400;XIREC;17.0;3
110600;;;VEV_5500;XIREC;6.0;3
110600;;;VEV_6000;XIREC;0.0;3
110600;;;VEV_6500;XIREC;0.0;3
112900;;;VELVETFRUIT_EXTRACT;XIREC;5224.0;5
113700;SUBMISSION;;VEV_5100;XIREC;149.0;10
113700;SUBMISSION;;VEV_5100;XIREC;150.0;15
113900;SUBMISSION;;VEV_5100;XIREC;149.0;10
113900;SUBMISSION;;VEV_5100;XIREC;150.0;14
114000;SUBMISSION;;VEV_5100;XIREC;149.0;10
114000;SUBMISSION;;VEV_5100;XIREC;150.0;18
115500;SUBMISSION;;VEV_5100;XIREC;148.0;6
115500;SUBMISSION;;VEV_5100;XIREC;149.0;14
115600;SUBMISSION;;VEV_5100;XIREC;149.0;27
115700;SUBMISSION;;VEV_5100;XIREC;148.0;8
115700;SUBMISSION;;VEV_5100;XIREC;149.0;21
115800;SUBMISSION;;VEV_5100;XIREC;148.0;20
115900;SUBMISSION;;VEV_5100;XIREC;147.0;33
116000;SUBMISSION;;VEV_5100;XIREC;147.0;6
116000;SUBMISSION;;VEV_5100;XIREC;148.0;21
116000;;;VEV_4000;XIREC;1206.0;1
116100;SUBMISSION;;VEV_5100;XIREC;148.0;19
116200;SUBMISSION;;VEV_5100;XIREC;148.0;24
116300;SUBMISSION;;VEV_5100;XIREC;148.0;22
116300;;;HYDROGEL_PACK;XIREC;9929.0;5
116400;SUBMISSION;;VEV_5100;XIREC;148.0;2
117700;;;VELVETFRUIT_EXTRACT;XIREC;5223.0;8
120900;;;VELVETFRUIT_EXTRACT;XIREC;5219.0;5
121500;;;VEV_4000;XIREC;1233.0;2
122600;;;VEV_4000;XIREC;1242.0;2
123200;;;VELVETFRUIT_EXTRACT;XIREC;5230.0;5
125000;;;HYDROGEL_PACK;XIREC;9972.0;4
125100;;SUBMISSION;VEV_5100;XIREC;157.0;7
125100;;SUBMISSION;VEV_5100;XIREC;156.0;16
125200;;SUBMISSION;VEV_5100;XIREC;157.0;31
125400;;SUBMISSION;VEV_5100;XIREC;156.0;36
125600;;SUBMISSION;VEV_5100;XIREC;157.0;7
125600;;SUBMISSION;VEV_5100;XIREC;156.0;16
125700;;SUBMISSION;VEV_5100;XIREC;158.0;12
125700;;SUBMISSION;VEV_5100;XIREC;157.0;14
125700;;;VEV_5300;XIREC;45.0;4
125700;;;VEV_5500;XIREC;7.0;4
125700;;;VEV_6000;XIREC;0.0;4
125700;;;VEV_6500;XIREC;0.0;4
125800;;SUBMISSION;VEV_5100;XIREC;158.0;7
125800;;SUBMISSION;VEV_5100;XIREC;157.0;12
125900;;SUBMISSION;VEV_5100;XIREC;159.0;6
125900;;SUBMISSION;VEV_5100;XIREC;158.0;15
126000;;SUBMISSION;VEV_5100;XIREC;159.0;21
126100;;SUBMISSION;VEV_5100;XIREC;159.0;26
126200;;SUBMISSION;VEV_5100;XIREC;160.0;12
126200;;SUBMISSION;VEV_5100;XIREC;159.0;21
126300;;SUBMISSION;VEV_5100;XIREC;160.0;29
126400;;SUBMISSION;VEV_5100;XIREC;160.0;8
126400;;SUBMISSION;VEV_5100;XIREC;159.0;4
126500;;SUBMISSION;VEV_5000;XIREC;245.0;12
126500;;SUBMISSION;VEV_5000;XIREC;244.0;17
127300;;SUBMISSION;VEV_5000;XIREC;245.0;10
127300;;SUBMISSION;VEV_5000;XIREC;244.0;14
127400;;SUBMISSION;VEV_5000;XIREC;245.0;10
127400;;SUBMISSION;VEV_5000;XIREC;244.0;23
127700;;;VELVETFRUIT_EXTRACT;XIREC;5241.0;8
127900;;SUBMISSION;VEV_5000;XIREC;245.0;8
127900;;SUBMISSION;VEV_5000;XIREC;244.0;18
128000;;SUBMISSION;VEV_5000;XIREC;245.0;7
128000;;SUBMISSION;VEV_5000;XIREC;244.0;24
128100;;SUBMISSION;VEV_5000;XIREC;246.0;7
128100;;SUBMISSION;VEV_5000;XIREC;245.0;12
128200;;SUBMISSION;VEV_5000;XIREC;246.0;6
128200;;SUBMISSION;VEV_5000;XIREC;245.0;14
128300;;SUBMISSION;VEV_4500;XIREC;734.0;11
128300;;SUBMISSION;VEV_4500;XIREC;732.0;19
128300;;SUBMISSION;VEV_5000;XIREC;246.0;11
128300;;SUBMISSION;VEV_5000;XIREC;245.0;19
128400;;SUBMISSION;VELVETFRUIT_EXTRACT;XIREC;5240.0;20
128400;;SUBMISSION;VELVETFRUIT_EXTRACT;XIREC;5239.0;30
128400;;SUBMISSION;VEV_4000;XIREC;1232.0;8
128400;;SUBMISSION;VEV_4000;XIREC;1229.0;30
128400;;SUBMISSION;VEV_4500;XIREC;734.0;7
128400;;SUBMISSION;VEV_4500;XIREC;733.0;19
128400;;SUBMISSION;VEV_5000;XIREC;247.0;7
128400;;SUBMISSION;VEV_5000;XIREC;246.0;19
128500;;SUBMISSION;VEV_5000;XIREC;246.0;12
128500;;SUBMISSION;VEV_5000;XIREC;245.0;21
128500;;;HYDROGEL_PACK;XIREC;9955.0;5
128600;;SUBMISSION;VEV_4500;XIREC;734.0;10
128600;;SUBMISSION;VEV_4500;XIREC;732.0;19
128600;;SUBMISSION;VEV_5000;XIREC;246.0;29
128700;;SUBMISSION;VELVETFRUIT_EXTRACT;XIREC;5240.0;17
128700;;SUBMISSION;VELVETFRUIT_EXTRACT;XIREC;5239.0;33
128700;;SUBMISSION;VEV_4000;XIREC;1232.0;15
128700;;SUBMISSION;VEV_4000;XIREC;1229.0;23
128700;;SUBMISSION;VEV_4500;XIREC;734.0;6
128700;;SUBMISSION;VEV_4500;XIREC;732.0;15
128800;;SUBMISSION;VELVETFRUIT_EXTRACT;XIREC;5240.0;22
128800;;SUBMISSION;VELVETFRUIT_EXTRACT;XIREC;5239.0;28
128800;;SUBMISSION;VEV_4000;XIREC;1232.0;13
128800;;SUBMISSION;VEV_4000;XIREC;1230.0;26
128800;;SUBMISSION;VEV_4500;XIREC;735.0;7
128800;;SUBMISSION;VEV_4500;XIREC;733.0;19
128900;;SUBMISSION;VELVETFRUIT_EXTRACT;XIREC;5241.0;17
128900;;SUBMISSION;VELVETFRUIT_EXTRACT;XIREC;5240.0;33
128900;;SUBMISSION;VEV_4000;XIREC;1233.0;7
128900;;SUBMISSION;VEV_4000;XIREC;1230.0;29
128900;;SUBMISSION;VEV_4500;XIREC;735.0;10
128900;;SUBMISSION;VEV_4500;XIREC;733.0;23
128900;;SUBMISSION;VEV_5500;XIREC;8.0;20
129000;;SUBMISSION;VEV_4000;XIREC;1233.0;15
129000;;SUBMISSION;VEV_4000;XIREC;1230.0;26
129000;;SUBMISSION;VEV_4500;XIREC;735.0;9
129000;;SUBMISSION;VEV_4500;XIREC;734.0;14
129000;;SUBMISSION;VEV_5500;XIREC;8.0;20
129100;;SUBMISSION;VEV_4000;XIREC;1232.0;7
129100;;SUBMISSION;VEV_4000;XIREC;1230.0;15
129100;;SUBMISSION;VEV_4500;XIREC;735.0;6
129100;;SUBMISSION;VEV_4500;XIREC;733.0;14
129100;;SUBMISSION;VEV_5500;XIREC;8.0;6
129100;;SUBMISSION;VEV_5500;XIREC;7.0;14
129200;;SUBMISSION;VEV_4000;XIREC;1232.0;11
129200;;SUBMISSION;VEV_4000;XIREC;1230.0;17
129200;;SUBMISSION;VEV_4500;XIREC;735.0;7
129200;;SUBMISSION;VEV_4500;XIREC;733.0;20
129200;;SUBMISSION;VEV_5500;XIREC;8.0;6
129200;;SUBMISSION;VEV_5500;XIREC;7.0;14
130400;;;VEV_4000;XIREC;1250.0;2
130800;;;VEV_4000;XIREC;1228.0;1
132000;;;HYDROGEL_PACK;XIREC;9950.0;3
132100;;SUBMISSION;VEV_4000;XIREC;1233.0;11
132100;;SUBMISSION;VEV_4000;XIREC;1230.0;30
132100;;SUBMISSION;VEV_4500;XIREC;735.0;9
132100;;SUBMISSION;VEV_4500;XIREC;733.0;15
132100;;SUBMISSION;VEV_5500;XIREC;8.0;20
132200;;SUBMISSION;VEV_4000;XIREC;1233.0;9
132200;;SUBMISSION;VEV_4000;XIREC;1231.0;8
132200;;SUBMISSION;VEV_4500;XIREC;736.0;10
132200;;SUBMISSION;VEV_4500;XIREC;734.0;24
132200;;SUBMISSION;VEV_5500;XIREC;8.0;20
132300;;SUBMISSION;VEV_4500;XIREC;737.0;7
132300;;SUBMISSION;VEV_5500;XIREC;8.0;20
132400;;SUBMISSION;VEV_5500;XIREC;8.0;20
132500;;SUBMISSION;VEV_5500;XIREC;8.0;20
132600;;SUBMISSION;VEV_5500;XIREC;8.0;20
132700;;SUBMISSION;VEV_5500;XIREC;8.0;20
132800;;SUBMISSION;VEV_5500;XIREC;8.0;20
132900;;SUBMISSION;VEV_5500;XIREC;8.0;19
132900;;;HYDROGEL_PACK;XIREC;9956.0;2
133000;;SUBMISSION;VEV_5500;XIREC;8.0;18
133100;;SUBMISSION;VEV_5500;XIREC;8.0;20
133300;;SUBMISSION;VEV_5500;XIREC;8.0;3
133600;;;HYDROGEL_PACK;XIREC;9970.0;5
134400;;;VEV_4000;XIREC;1231.0;2
136700;;;VELVETFRUIT_EXTRACT;XIREC;5239.0;3
136800;;;HYDROGEL_PACK;XIREC;9955.0;5
137500;SUBMISSION;;VELVETFRUIT_EXTRACT;XIREC;5232.0;24
137500;SUBMISSION;;VELVETFRUIT_EXTRACT;XIREC;5233.0;26
137500;SUBMISSION;;VEV_4000;XIREC;1240.0;12
137500;SUBMISSION;;VEV_4000;XIREC;1243.0;26
137600;SUBMISSION;;VELVETFRUIT_EXTRACT;XIREC;5231.0;21
137600;SUBMISSION;;VELVETFRUIT_EXTRACT;XIREC;5232.0;29
137600;SUBMISSION;;VEV_4000;XIREC;1239.0;8
137600;SUBMISSION;;VEV_4000;XIREC;1241.0;21
137600;SUBMISSION;;VEV_4500;XIREC;736.0;10
137600;SUBMISSION;;VEV_4500;XIREC;738.0;16
137600;SUBMISSION;;VEV_5500;XIREC;7.0;8
137600;SUBMISSION;;VEV_5500;XIREC;8.0;10
137700;SUBMISSION;;VELVETFRUIT_EXTRACT;XIREC;5231.0;50
137700;SUBMISSION;;VEV_4000;XIREC;1239.0;7
137700;SUBMISSION;;VEV_4000;XIREC;1241.0;20
137700;SUBMISSION;;VEV_4500;XIREC;736.0;10
137700;SUBMISSION;;VEV_4500;XIREC;738.0;18
137700;SUBMISSION;;VEV_5500;XIREC;7.0;6
137700;SUBMISSION;;VEV_5500;XIREC;8.0;19
137800;SUBMISSION;;VELVETFRUIT_EXTRACT;XIREC;5231.0;25
137800;SUBMISSION;;VELVETFRUIT_EXTRACT;XIREC;5232.0;25
137800;SUBMISSION;;VEV_4000;XIREC;1239.0;7
137800;SUBMISSION;;VEV_4000;XIREC;1241.0;28
137800;SUBMISSION;;VEV_4500;XIREC;736.0;8
137800;SUBMISSION;;VEV_4500;XIREC;738.0;18
137900;SUBMISSION;;VEV_4000;XIREC;1239.0;15
137900;SUBMISSION;;VEV_4000;XIREC;1242.0;15
137900;SUBMISSION;;VEV_4500;XIREC;737.0;12
137900;SUBMISSION;;VEV_4500;XIREC;738.0;18
138000;SUBMISSION;;VEV_4000;XIREC;1237.0;7
138000;SUBMISSION;;VEV_4000;XIREC;1240.0;20
138000;SUBMISSION;;VEV_4500;XIREC;735.0;8
138000;SUBMISSION;;VEV_4500;XIREC;737.0;23
138000;SUBMISSION;;VEV_5500;XIREC;7.0;28
138100;SUBMISSION;;VEV_4000;XIREC;1237.0;11
138100;SUBMISSION;;VEV_4000;XIREC;1239.0;24
138100;SUBMISSION;;VEV_4500;XIREC;734.0;10
138100;SUBMISSION;;VEV_4500;XIREC;736.0;12
138100;SUBMISSION;;VEV_5000;XIREC;238.0;10
138100;SUBMISSION;;VEV_5000;XIREC;239.0;12
138100;SUBMISSION;;VEV_5500;XIREC;7.0;27
138200;SUBMISSION;;VEV_4000;XIREC;1236.0;13
138200;SUBMISSION;;VEV_4000;XIREC;1238.0;19
138200;SUBMISSION;;VEV_4500;XIREC;733.0;6
138200;SUBMISSION;;VEV_4500;XIREC;735.0;12
138200;SUBMISSION;;VEV_5000;XIREC;237.0;6
138200;SUBMISSION;;VEV_5000;XIREC;238.0;12
138200;SUBMISSION;;VEV_5500;XIREC;7.0;23
138300;SUBMISSION;;VEV_4000;XIREC;1237.0;8
138300;SUBMISSION;;VEV_4000;XIREC;1239.0;30
138300;SUBMISSION;;VEV_4500;XIREC;734.0;7
138300;SUBMISSION;;VEV_4500;XIREC;736.0;22
138300;SUBMISSION;;VEV_5000;XIREC;238.0;29
138300;SUBMISSION;;VEV_5500;XIREC;7.0;17
138400;SUBMISSION;;VEV_4000;XIREC;1237.0;9
138400;SUBMISSION;;VEV_4500;XIREC;735.0;10
138400;SUBMISSION;;VEV_4500;XIREC;737.0;24
138400;SUBMISSION;;VEV_5000;XIREC;238.0;10
138400;SUBMISSION;;VEV_5000;XIREC;239.0;24
138400;SUBMISSION;;VEV_5500;XIREC;7.0;27
138500;SUBMISSION;;VEV_4500;XIREC;735.0;7
138500;SUBMISSION;;VEV_4500;XIREC;737.0;13
138500;SUBMISSION;;VEV_5500;XIREC;7.0;22
138600;SUBMISSION;;VEV_4500;XIREC;736.0;8
138600;SUBMISSION;;VEV_4500;XIREC;738.0;22
138600;SUBMISSION;;VEV_5500;XIREC;7.0;10
138600;SUBMISSION;;VEV_5500;XIREC;8.0;20
138700;SUBMISSION;;VEV_4500;XIREC;737.0;6
138800;SUBMISSION;;VEV_5500;XIREC;7.0;5
138800;SUBMISSION;;VEV_5500;XIREC;8.0;19
138900;SUBMISSION;;VEV_5000;XIREC;238.0;12
138900;SUBMISSION;;VEV_5000;XIREC;239.0;23
138900;SUBMISSION;;VEV_5500;XIREC;7.0;24
139000;SUBMISSION;;VEV_5500;XIREC;7.0;26
139100;SUBMISSION;;VEV_5500;XIREC;7.0;9
139300;SUBMISSION;;VEV_5000;XIREC;238.0;25
139400;SUBMISSION;;VEV_5000;XIREC;238.0;28
139500;SUBMISSION;;VEV_5000;XIREC;237.0;25
139600;SUBMISSION;;VEV_5000;XIREC;238.0;31
139800;SUBMISSION;;VEV_5000;XIREC;238.0;9
139800;SUBMISSION;;VEV_5000;XIREC;239.0;24
139900;SUBMISSION;;VEV_5000;XIREC;238.0;9
139900;SUBMISSION;;VEV_5000;XIREC;239.0;11
140500;;;VEV_4000;XIREC;1239.0;3
140800;;;VELVETFRUIT_EXTRACT;XIREC;5234.0;7
141700;;;HYDROGEL_PACK;XIREC;9939.0;2
141700;;;VELVETFRUIT_EXTRACT;XIREC;5234.0;6
142400;;;VELVETFRUIT_EXTRACT;XIREC;5231.0;5
143600;;;HYDROGEL_PACK;XIREC;9949.0;4
144100;;;VELVETFRUIT_EXTRACT;XIREC;5227.0;7
144500;;;HYDROGEL_PACK;XIREC;9966.0;3
145100;;;VELVETFRUIT_EXTRACT;XIREC;5228.0;5
148100;;;VELVETFRUIT_EXTRACT;XIREC;5223.0;3
148400;;SUBMISSION;HYDROGEL_PACK;XIREC;9977.0;15
148400;;SUBMISSION;HYDROGEL_PACK;XIREC;9975.0;20
148500;;;VEV_4000;XIREC;1236.0;3
148700;;SUBMISSION;HYDROGEL_PACK;XIREC;9977.0;15
148700;;SUBMISSION;HYDROGEL_PACK;XIREC;9975.0;25
148700;;;VELVETFRUIT_EXTRACT;XIREC;5223.0;8
148800;;SUBMISSION;HYDROGEL_PACK;XIREC;9981.0;11
148800;;SUBMISSION;HYDROGEL_PACK;XIREC;9978.0;29
148900;;SUBMISSION;HYDROGEL_PACK;XIREC;9980.0;15
148900;;SUBMISSION;HYDROGEL_PACK;XIREC;9978.0;27
149000;;SUBMISSION;HYDROGEL_PACK;XIREC;9981.0;12
149000;;SUBMISSION;HYDROGEL_PACK;XIREC;9979.0;21
149100;;SUBMISSION;HYDROGEL_PACK;XIREC;9981.0;10
150500;;;VEV_4000;XIREC;1220.0;2
152200;;;VELVETFRUIT_EXTRACT;XIREC;5237.0;3
152400;;;VELVETFRUIT_EXTRACT;XIREC;5231.0;3
153400;;;HYDROGEL_PACK;XIREC;9964.0;4
154700;;SUBMISSION;VEV_5000;XIREC;245.0;12
154700;;SUBMISSION;VEV_5000;XIREC;244.0;13
154800;;SUBMISSION;VEV_5000;XIREC;245.0;7
154800;;SUBMISSION;VEV_5000;XIREC;244.0;18
154900;;SUBMISSION;VEV_5000;XIREC;245.0;10
154900;;SUBMISSION;VEV_5000;XIREC;244.0;13
155000;;SUBMISSION;VEV_5000;XIREC;246.0;12
155000;;SUBMISSION;VEV_5000;XIREC;245.0;12
155100;;SUBMISSION;VEV_5000;XIREC;246.0;9
155100;;SUBMISSION;VEV_5000;XIREC;245.0;13
155200;;SUBMISSION;VEV_5000;XIREC;246.0;6
155200;;SUBMISSION;VEV_5000;XIREC;245.0;16
155200;;;HYDROGEL_PACK;XIREC;9991.0;5
155300;;SUBMISSION;VEV_5000;XIREC;246.0;8
155300;;SUBMISSION;VEV_5000;XIREC;245.0;23
155400;;SUBMISSION;VELVETFRUIT_EXTRACT;XIREC;5240.0;24
155400;;SUBMISSION;VELVETFRUIT_EXTRACT;XIREC;5239.0;26
155400;;SUBMISSION;VEV_4000;XIREC;1232.0;12
155400;;SUBMISSION;VEV_4000;XIREC;1230.0;22
155400;;SUBMISSION;VEV_4500;XIREC;735.0;6
155400;;SUBMISSION;VEV_4500;XIREC;733.0;21
155400;;SUBMISSION;VEV_5000;XIREC;247.0;6
155400;;SUBMISSION;VEV_5000;XIREC;246.0;21
155500;;SUBMISSION;VELVETFRUIT_EXTRACT;XIREC;5240.0;16
155500;;SUBMISSION;VELVETFRUIT_EXTRACT;XIREC;5239.0;34
155500;;SUBMISSION;VEV_4000;XIREC;1232.0;10
155500;;SUBMISSION;VEV_4000;XIREC;1230.0;20
155500;;SUBMISSION;VEV_4500;XIREC;735.0;7
155500;;SUBMISSION;VEV_4500;XIREC;733.0;20
155500;;SUBMISSION;VEV_5000;XIREC;247.0;7
155500;;SUBMISSION;VEV_5000;XIREC;246.0;20
155600;;SUBMISSION;VELVETFRUIT_EXTRACT;XIREC;5240.0;19
155600;;SUBMISSION;VELVETFRUIT_EXTRACT;XIREC;5239.0;31
155600;;SUBMISSION;VEV_4000;XIREC;1232.0;14
155600;;SUBMISSION;VEV_4000;XIREC;1230.0;19
155600;;SUBMISSION;VEV_4500;XIREC;735.0;11
155600;;SUBMISSION;VEV_4500;XIREC;733.0;20
155600;;SUBMISSION;VEV_5000;XIREC;247.0;11
155600;;SUBMISSION;VEV_5000;XIREC;246.0;20
155600;;;VEV_4000;XIREC;1253.0;2
155700;;SUBMISSION;VELVETFRUIT_EXTRACT;XIREC;5240.0;16
155700;;SUBMISSION;VELVETFRUIT_EXTRACT;XIREC;5239.0;34
155700;;SUBMISSION;VEV_4000;XIREC;1232.0;12
155700;;SUBMISSION;VEV_4000;XIREC;1230.0;15
155700;;SUBMISSION;VEV_4500;XIREC;735.0;9
155700;;SUBMISSION;VEV_4500;XIREC;733.0;17
155700;;SUBMISSION;VEV_5000;XIREC;247.0;9
155700;;SUBMISSION;VEV_5000;XIREC;246.0;17
155800;;SUBMISSION;VEV_4500;XIREC;734.0;11
155800;;SUBMISSION;VEV_4500;XIREC;732.0;20
155800;;SUBMISSION;VEV_5000;XIREC;246.0;11
155800;;SUBMISSION;VEV_5000;XIREC;245.0;6
156500;;SUBMISSION;VEV_4000;XIREC;1232.0;9
156500;;SUBMISSION;VEV_4000;XIREC;1229.0;18
156500;;SUBMISSION;VEV_4500;XIREC;734.0;12
156500;;SUBMISSION;VEV_4500;XIREC;732.0;19
156600;;SUBMISSION;VEV_4500;XIREC;734.0;12
156600;;SUBMISSION;VEV_4500;XIREC;732.0;23
156600;;;VELVETFRUIT_EXTRACT;XIREC;5244.0;4
156700;;SUBMISSION;VEV_4000;XIREC;1232.0;9
156700;;SUBMISSION;VEV_4000;XIREC;1229.0;15
156700;;SUBMISSION;VEV_4500;XIREC;734.0;10
156700;;SUBMISSION;VEV_4500;XIREC;732.0;17
156800;;SUBMISSION;VEV_4000;XIREC;1232.0;15
156800;;SUBMISSION;VEV_4000;XIREC;1229.0;20
156800;;SUBMISSION;VEV_4500;XIREC;734.0;11
156800;;SUBMISSION;VEV_4500;XIREC;732.0;23
156900;;SUBMISSION;VEV_4000;XIREC;1232.0;14
156900;;SUBMISSION;VEV_4000;XIREC;1230.0;23
156900;;SUBMISSION;VEV_4500;XIREC;735.0;10
156900;;SUBMISSION;VEV_4500;XIREC;733.0;15
157000;;SUBMISSION;VEV_4000;XIREC;1233.0;7
157000;;SUBMISSION;VEV_4000;XIREC;1230.0;16
157000;;SUBMISSION;VEV_4500;XIREC;735.0;6
157100;;SUBMISSION;VEV_4000;XIREC;1232.0;8
157100;;SUBMISSION;VEV_4000;XIREC;1229.0;22
157400;;;VEV_5300;XIREC;47.0;2
157400;;;VEV_5500;XIREC;7.0;2
157400;;;VEV_6000;XIREC;0.0;2
157400;;;VEV_6500;XIREC;0.0;2
157700;;SUBMISSION;VEV_5500;XIREC;8.0;20
157800;;SUBMISSION;VEV_5500;XIREC;8.0;20
157900;;SUBMISSION;VEV_5500;XIREC;8.0;20
158000;;SUBMISSION;VEV_5500;XIREC;8.0;20
158100;;SUBMISSION;VEV_5500;XIREC;8.0;20
158100;;;HYDROGEL_PACK;XIREC;9974.0;5
158200;;SUBMISSION;VEV_5500;XIREC;8.0;20
158400;;SUBMISSION;VEV_5500;XIREC;8.0;19
158500;;SUBMISSION;VEV_5500;XIREC;8.0;18
158600;;SUBMISSION;VEV_5500;XIREC;8.0;20
158700;;SUBMISSION;VEV_5500;XIREC;8.0;20
158800;;SUBMISSION;VEV_5500;XIREC;8.0;20
158900;;SUBMISSION;VEV_5500;XIREC;8.0;20
159000;;SUBMISSION;VEV_5500;XIREC;8.0;20
159000;;;VELVETFRUIT_EXTRACT;XIREC;5249.0;6
159100;;SUBMISSION;VEV_5500;XIREC;8.0;20
159200;;SUBMISSION;VEV_5500;XIREC;8.0;20
159300;;SUBMISSION;VEV_5500;XIREC;8.0;3
159300;;;HYDROGEL_PACK;XIREC;9969.0;2
160800;;;VEV_5500;XIREC;8.0;4
160800;;;VEV_6000;XIREC;0.0;4
160800;;;VEV_6500;XIREC;0.0;4
162500;;;VEV_4000;XIREC;1242.0;1
162600;;SUBMISSION;VEV_5300;XIREC;51.0;20
163200;;SUBMISSION;VEV_5300;XIREC;51.0;20
163300;;SUBMISSION;VEV_5300;XIREC;51.0;19
163300;;;HYDROGEL_PACK;XIREC;9977.0;3
163400;;SUBMISSION;VEV_5300;XIREC;52.0;20
163500;;SUBMISSION;VEV_5300;XIREC;51.0;18
163600;;SUBMISSION;VEV_5300;XIREC;51.0;20
163700;;SUBMISSION;VEV_5300;XIREC;51.0;8
163700;;SUBMISSION;VEV_5300;XIREC;50.0;12
164600;;;HYDROGEL_PACK;XIREC;9962.0;3
166000;;;VEV_4000;XIREC;1239.0;2
166400;;SUBMISSION;VEV_5300;XIREC;51.0;6
166400;;SUBMISSION;VEV_5300;XIREC;50.0;14
167700;;SUBMISSION;VEV_5300;XIREC;51.0;20
167800;;SUBMISSION;VEV_5300;XIREC;51.0;20
167900;;SUBMISSION;VEV_5300;XIREC;51.0;5
167900;;SUBMISSION;VEV_5300;XIREC;50.0;10
168000;;SUBMISSION;VEV_5300;XIREC;51.0;5
168000;;SUBMISSION;VEV_5300;XIREC;50.0;15
168900;;SUBMISSION;VEV_5300;XIREC;51.0;6
168900;;SUBMISSION;VEV_5300;XIREC;50.0;14
169000;SUBMISSION;;HYDROGEL_PACK;XIREC;9969.0;14
169000;SUBMISSION;;HYDROGEL_PACK;XIREC;9971.0;27
169000;;;HYDROGEL_PACK;XIREC;9953.0;3
169100;SUBMISSION;;HYDROGEL_PACK;XIREC;9967.0;15
169100;SUBMISSION;;HYDROGEL_PACK;XIREC;9969.0;29
169200;SUBMISSION;;HYDROGEL_PACK;XIREC;9969.0;12
169200;SUBMISSION;;HYDROGEL_PACK;XIREC;9972.0;29
169300;;SUBMISSION;VEV_5300;XIREC;51.0;6
169300;;SUBMISSION;VEV_5300;XIREC;50.0;14
169400;;;VELVETFRUIT_EXTRACT;XIREC;5253.0;6
169500;;SUBMISSION;VEV_5300;XIREC;51.0;20
169600;;SUBMISSION;VEV_5300;XIREC;51.0;8
169900;;;VEV_5400;XIREC;22.0;5
169900;;;VEV_6000;XIREC;0.0;5
169900;;;VEV_6500;XIREC;0.0;5
171500;;;HYDROGEL_PACK;XIREC;9982.0;5
172800;;;VELVETFRUIT_EXTRACT;XIREC;5252.0;3
173200;;;VELVETFRUIT_EXTRACT;XIREC;5253.0;5
173700;;;VEV_5500;XIREC;8.0;2
173700;;;VEV_6000;XIREC;0.0;2
173700;;;VEV_6500;XIREC;0.0;2
173900;;;VELVETFRUIT_EXTRACT;XIREC;5245.0;5
175300;;;HYDROGEL_PACK;XIREC;9969.0;6
176000;;;VEV_5400;XIREC;19.0;3
176000;;;VEV_5500;XIREC;7.0;3
176000;;;VEV_6000;XIREC;0.0;3
176000;;;VEV_6500;XIREC;0.0;3
177200;;;VEV_5400;XIREC;19.0;2
177200;;;VEV_6000;XIREC;0.0;2
177200;;;VEV_6500;XIREC;0.0;2
178100;;;HYDROGEL_PACK;XIREC;9958.0;2
178200;SUBMISSION;;HYDROGEL_PACK;XIREC;9964.0;7
178200;SUBMISSION;;HYDROGEL_PACK;XIREC;9972.0;12
178200;SUBMISSION;;HYDROGEL_PACK;XIREC;9975.0;21
178200;SUBMISSION;;VEV_5300;XIREC;47.0;23
178300;SUBMISSION;;VEV_5300;XIREC;47.0;25
178300;;;VELVETFRUIT_EXTRACT;XIREC;5239.0;6
178800;;;VELVETFRUIT_EXTRACT;XIREC;5237.0;5
179500;;;VELVETFRUIT_EXTRACT;XIREC;5236.0;3
180700;SUBMISSION;;VEV_5300;XIREC;46.0;22
180800;SUBMISSION;;VEV_5300;XIREC;46.0;10
180800;SUBMISSION;;VEV_5300;XIREC;47.0;14
180900;SUBMISSION;;VEV_5300;XIREC;46.0;7
180900;SUBMISSION;;VEV_5300;XIREC;47.0;16
181000;SUBMISSION;;VEV_5300;XIREC;47.0;25
181100;SUBMISSION;;VEV_5300;XIREC;47.0;21
181700;;;VEV_5300;XIREC;45.0;4
181700;;;VEV_5400;XIREC;18.0;4
181700;;;VEV_5500;XIREC;7.0;4
181700;;;VEV_6000;XIREC;0.0;4
181700;;;VEV_6500;XIREC;0.0;4
181900;;;HYDROGEL_PACK;XIREC;9980.0;3
182400;;;HYDROGEL_PACK;XIREC;9977.0;5
183300;;;HYDROGEL_PACK;XIREC;9973.0;4
184700;SUBMISSION;;HYDROGEL_PACK;XIREC;9968.0;10
184700;SUBMISSION;;HYDROGEL_PACK;XIREC;9971.0;21
184800;SUBMISSION;;HYDROGEL_PACK;XIREC;9966.0;3
184900;;;VEV_5300;XIREC;45.0;2
184900;;;VEV_5400;XIREC;18.0;2
184900;;;VEV_5500;XIREC;7.0;2
184900;;;VEV_6000;XIREC;0.0;2
184900;;;VEV_6500;XIREC;0.0;2
185000;SUBMISSION;;VEV_5300;XIREC;46.0;19
185100;SUBMISSION;;VEV_5300;XIREC;46.0;21
185800;;;HYDROGEL_PACK;XIREC;9961.0;6
186600;;;VEV_5300;XIREC;46.0;3
186600;;;VEV_5500;XIREC;7.0;3
186600;;;VEV_6000;XIREC;0.0;3
186600;;;VEV_6500;XIREC;0.0;3
186800;SUBMISSION;;VEV_5300;XIREC;46.0;17
186900;SUBMISSION;;VEV_5300;XIREC;46.0;17
187100;SUBMISSION;;VEV_5300;XIREC;47.0;25
187600;SUBMISSION;;VEV_5300;XIREC;47.0;30
187700;SUBMISSION;;VEV_5300;XIREC;46.0;8
190100;;;VEV_5300;XIREC;45.0;4
190100;;;VEV_5400;XIREC;18.0;4
190100;;;VEV_5500;XIREC;7.0;4
190100;;;VEV_6000;XIREC;0.0;4
190100;;;VEV_6500;XIREC;0.0;4
190500;;;VEV_4000;XIREC;1224.0;2
190600;;;HYDROGEL_PACK;XIREC;9943.0;6
191400;SUBMISSION;;VEV_5500;XIREC;7.0;8
191400;SUBMISSION;;VEV_5500;XIREC;8.0;13
191500;SUBMISSION;;VELVETFRUIT_EXTRACT;XIREC;5232.0;50
191500;SUBMISSION;;VEV_4000;XIREC;1240.0;15
191500;SUBMISSION;;VEV_4000;XIREC;1242.0;18
191500;SUBMISSION;;VEV_4500;XIREC;737.0;8
191500;SUBMISSION;;VEV_4500;XIREC;739.0;21
191500;SUBMISSION;;VEV_5500;XIREC;7.0;25
191600;SUBMISSION;;VEV_5500;XIREC;7.0;7
191600;SUBMISSION;;VEV_5500;XIREC;8.0;14
191700;SUBMISSION;;VEV_5500;XIREC;7.0;5
191700;SUBMISSION;;VEV_5500;XIREC;8.0;17
193000;SUBMISSION;;VEV_4000;XIREC;1230.0;2
193000;SUBMISSION;;VEV_4000;XIREC;1241.0;13
193000;SUBMISSION;;VEV_4000;XIREC;1244.0;18
193000;SUBMISSION;;VEV_4500;XIREC;730.0;2
193000;SUBMISSION;;VEV_4500;XIREC;739.0;6
193000;SUBMISSION;;VEV_4500;XIREC;740.0;12
193000;;;VEV_5300;XIREC;43.0;2
193000;;;VEV_5400;XIREC;17.0;2
193000;;;VEV_5500;XIREC;6.0;2
193000;;;VEV_6000;XIREC;0.0;2
193000;;;VEV_6500;XIREC;0.0;2
193100;SUBMISSION;;VEV_5500;XIREC;7.0;9
193100;SUBMISSION;;VEV_5500;XIREC;8.0;13
193300;SUBMISSION;;VEV_5500;XIREC;7.0;22
193400;SUBMISSION;;VEV_5500;XIREC;7.0;21
193500;SUBMISSION;;VELVETFRUIT_EXTRACT;XIREC;5231.0;50
193500;SUBMISSION;;VEV_4000;XIREC;1238.0;11
193500;SUBMISSION;;VEV_4000;XIREC;1241.0;15
193500;SUBMISSION;;VEV_4500;XIREC;736.0;10
193500;SUBMISSION;;VEV_4500;XIREC;738.0;13
193500;SUBMISSION;;VEV_5500;XIREC;7.0;28
193600;SUBMISSION;;VELVETFRUIT_EXTRACT;XIREC;5231.0;50
193600;SUBMISSION;;VEV_4000;XIREC;1238.0;8
193600;SUBMISSION;;VEV_4000;XIREC;1241.0;25
193600;SUBMISSION;;VEV_4500;XIREC;736.0;11
193600;SUBMISSION;;VEV_4500;XIREC;738.0;20
193600;SUBMISSION;;VEV_5500;XIREC;7.0;25
193700;SUBMISSION;;VELVETFRUIT_EXTRACT;XIREC;5231.0;17
193700;SUBMISSION;;VELVETFRUIT_EXTRACT;XIREC;5232.0;33
193700;SUBMISSION;;VEV_4000;XIREC;1239.0;11
193700;SUBMISSION;;VEV_4000;XIREC;1242.0;21
193700;SUBMISSION;;VEV_4500;XIREC;737.0;8
193700;SUBMISSION;;VEV_4500;XIREC;738.0;12
193700;SUBMISSION;;VEV_5500;XIREC;7.0;29
193800;SUBMISSION;;VEV_4000;XIREC;1240.0;12
193800;SUBMISSION;;VEV_4000;XIREC;1242.0;24
193800;SUBMISSION;;VEV_4500;XIREC;737.0;10
193800;SUBMISSION;;VEV_4500;XIREC;739.0;13
193800;SUBMISSION;;VEV_5500;XIREC;7.0;28
193900;SUBMISSION;;VEV_5500;XIREC;7.0;16
194000;SUBMISSION;;VEV_4000;XIREC;1239.0;8
194000;SUBMISSION;;VEV_4000;XIREC;1242.0;24
194000;SUBMISSION;;VEV_4500;XIREC;737.0;6
194000;SUBMISSION;;VEV_4500;XIREC;738.0;14
194000;SUBMISSION;;VEV_5500;XIREC;7.0;20
194100;SUBMISSION;;VEV_4000;XIREC;1239.0;7
194100;SUBMISSION;;VEV_4000;XIREC;1241.0;16
194100;SUBMISSION;;VEV_4500;XIREC;736.0;9
194100;SUBMISSION;;VEV_4500;XIREC;738.0;14
194200;SUBMISSION;;VEV_4000;XIREC;1238.0;8
194200;SUBMISSION;;VEV_4000;XIREC;1241.0;17
194200;SUBMISSION;;VEV_4500;XIREC;736.0;9
194200;SUBMISSION;;VEV_4500;XIREC;738.0;13
194300;SUBMISSION;;VEV_4000;XIREC;1239.0;13
194300;SUBMISSION;;VEV_4000;XIREC;1241.0;14
194300;SUBMISSION;;VEV_4500;XIREC;736.0;7
194300;SUBMISSION;;VEV_4500;XIREC;738.0;22
194400;SUBMISSION;;VEV_4500;XIREC;736.0;10
194400;SUBMISSION;;VEV_4500;XIREC;738.0;22
194500;SUBMISSION;;VEV_4500;XIREC;737.0;11
194500;SUBMISSION;;VEV_4500;XIREC;739.0;17
195800;;;VELVETFRUIT_EXTRACT;XIREC;5234.0;8
196500;;;VELVETFRUIT_EXTRACT;XIREC;5227.0;7
196600;;;HYDROGEL_PACK;XIREC;9953.0;3
196900;SUBMISSION;;VEV_5000;XIREC;238.0;12
196900;SUBMISSION;;VEV_5000;XIREC;239.0;14
197000;SUBMISSION;;VEV_5000;XIREC;238.0;8
197000;SUBMISSION;;VEV_5000;XIREC;239.0;20
197000;;;HYDROGEL_PACK;XIREC;9967.0;6
197200;SUBMISSION;;VEV_5000;XIREC;237.0;10
197200;SUBMISSION;;VEV_5000;XIREC;238.0;21
197300;SUBMISSION;;VEV_5000;XIREC;237.0;12
197300;SUBMISSION;;VEV_5000;XIREC;238.0;19
197400;SUBMISSION;;VEV_5000;XIREC;237.0;31
197500;SUBMISSION;;VEV_5000;XIREC;237.0;27
197600;SUBMISSION;;VEV_5000;XIREC;237.0;10
197600;SUBMISSION;;VEV_5000;XIREC;238.0;22
198200;SUBMISSION;;VEV_5000;XIREC;236.0;5
198200;SUBMISSION;;VEV_5000;XIREC;240.0;20
198200;;;VEV_5300;XIREC;42.0;5
198200;;;VEV_5400;XIREC;16.0;5
198200;;;VEV_5500;XIREC;6.0;5
198200;;;VEV_6000;XIREC;0.0;5
198200;;;VEV_6500;XIREC;0.0;5
198500;SUBMISSION;;VEV_5000;XIREC;238.0;32
198600;SUBMISSION;;VEV_5000;XIREC;238.0;6
198600;SUBMISSION;;VEV_5000;XIREC;239.0;20
198700;SUBMISSION;;VEV_5000;XIREC;238.0;11
199300;;;VELVETFRUIT_EXTRACT;XIREC;5233.0;7
199700;;;VELVETFRUIT_EXTRACT;XIREC;5227.0;4
200700;;;VELVETFRUIT_EXTRACT;XIREC;5235.0;7
201900;;;VELVETFRUIT_EXTRACT;XIREC;5230.0;4
202500;;;VELVETFRUIT_EXTRACT;XIREC;5233.0;6
203600;;;VELVETFRUIT_EXTRACT;XIREC;5229.0;10
203900;;;HYDROGEL_PACK;XIREC;9978.0;6
206200;;;HYDROGEL_PACK;XIREC;9983.0;5
206700;;;HYDROGEL_PACK;XIREC;9962.0;5
207200;;;HYDROGEL_PACK;XIREC;9962.0;4
207600;;;HYDROGEL_PACK;XIREC;9980.0;6
208700;;SUBMISSION;HYDROGEL_PACK;XIREC;9978.0;10
208700;;SUBMISSION;HYDROGEL_PACK;XIREC;9975.0;24
208800;;SUBMISSION;HYDROGEL_PACK;XIREC;9979.0;13
208800;;SUBMISSION;HYDROGEL_PACK;XIREC;9977.0;26
209000;;;HYDROGEL_PACK;XIREC;9989.0;5
209200;;SUBMISSION;HYDROGEL_PACK;XIREC;9977.0;11
209200;;SUBMISSION;HYDROGEL_PACK;XIREC;9975.0;24
209300;;SUBMISSION;HYDROGEL_PACK;XIREC;9978.0;12
209300;;SUBMISSION;HYDROGEL_PACK;XIREC;9976.0;30
209400;;SUBMISSION;HYDROGEL_PACK;XIREC;9982.0;15
209400;;SUBMISSION;HYDROGEL_PACK;XIREC;9979.0;30
209400;;;VELVETFRUIT_EXTRACT;XIREC;5231.0;5
209500;;SUBMISSION;HYDROGEL_PACK;XIREC;9977.0;5
210700;;;VELVETFRUIT_EXTRACT;XIREC;5238.0;6
212100;;;VEV_4000;XIREC;1234.0;2
212500;SUBMISSION;;VEV_5100;XIREC;149.0;9
212500;SUBMISSION;;VEV_5100;XIREC;150.0;12
212900;SUBMISSION;;VEV_5100;XIREC;148.0;2
212900;SUBMISSION;;VEV_5100;XIREC;151.0;24
212900;;;VEV_5400;XIREC;15.0;2
212900;;;VEV_5500;XIREC;6.0;2
212900;;;VEV_6000;XIREC;0.0;2
212900;;;VEV_6500;XIREC;0.0;2
213000;SUBMISSION;;VEV_5100;XIREC;149.0;6
213000;SUBMISSION;;VEV_5100;XIREC;150.0;20
213000;;;VEV_4000;XIREC;1209.0;1
213100;;;VELVETFRUIT_EXTRACT;XIREC;5224.0;6
213600;;;VELVETFRUIT_EXTRACT;XIREC;5221.0;13
214700;SUBMISSION;;VEV_5100;XIREC;149.0;12
214700;SUBMISSION;;VEV_5100;XIREC;150.0;19
214800;SUBMISSION;;VEV_5100;XIREC;149.0;20
214900;SUBMISSION;;VEV_5100;XIREC;149.0;9
214900;SUBMISSION;;VEV_5100;XIREC;150.0;16
215000;SUBMISSION;;VEV_5100;XIREC;149.0;33
215700;;;VEV_4000;XIREC;1233.0;3
216000;;;VELVETFRUIT_EXTRACT;XIREC;5222.0;3
216100;;;VELVETFRUIT_EXTRACT;XIREC;5226.0;4
216600;;;VELVETFRUIT_EXTRACT;XIREC;5222.0;7
217200;;;VELVETFRUIT_EXTRACT;XIREC;5227.0;4
218800;;;HYDROGEL_PACK;XIREC;9986.0;4
219600;;;VEV_4000;XIREC;1216.0;2
220100;;;VEV_5200;XIREC;84.0;5
220100;;;VEV_5400;XIREC;16.0;5
220100;;;VEV_5500;XIREC;6.0;5
220100;;;VEV_6000;XIREC;0.0;5
220100;;;VEV_6500;XIREC;0.0;5
221500;;;HYDROGEL_PACK;XIREC;9986.0;3
222700;;;HYDROGEL_PACK;XIREC;10002.0;6
222700;;;VEV_4000;XIREC;1217.0;1
225900;;;VELVETFRUIT_EXTRACT;XIREC;5235.0;5
227000;;;VEV_4000;XIREC;1223.0;3
227100;;SUBMISSION;VEV_5100;XIREC;156.0;25
227300;;;VELVETFRUIT_EXTRACT;XIREC;5231.0;13
227400;;SUBMISSION;VEV_5100;XIREC;156.0;29
227500;;SUBMISSION;VEV_5100;XIREC;157.0;32
227600;;SUBMISSION;VEV_5100;XIREC;158.0;7
227600;;SUBMISSION;VEV_5100;XIREC;157.0;13
227700;;SUBMISSION;VEV_5100;XIREC;158.0;6
227700;;SUBMISSION;VEV_5100;XIREC;157.0;13
227800;;SUBMISSION;VEV_5100;XIREC;159.0;12
227800;;SUBMISSION;VEV_5100;XIREC;158.0;18
227800;;;VELVETFRUIT_EXTRACT;XIREC;5239.0;6
227900;;SUBMISSION;VEV_5100;XIREC;159.0;25
228000;;SUBMISSION;VEV_5100;XIREC;158.0;2
229700;;;VELVETFRUIT_EXTRACT;XIREC;5237.0;7
230000;;;VEV_5400;XIREC;17.0;5
230000;;;VEV_5500;XIREC;7.0;5
230000;;;VEV_6000;XIREC;0.0;5
230000;;;VEV_6500;XIREC;0.0;5
231000;;;VELVETFRUIT_EXTRACT;XIREC;5235.0;8
231000;;;VEV_5400;XIREC;17.0;3
231000;;;VEV_5500;XIREC;7.0;3
231000;;;VEV_6000;XIREC;0.0;3
231000;;;VEV_6500;XIREC;0.0;3
231900;;;VEV_4000;XIREC;1227.0;2
232700;;;VELVETFRUIT_EXTRACT;XIREC;5234.0;3
233500;;SUBMISSION;VEV_5000;XIREC;245.0;12
233500;;SUBMISSION;VEV_5000;XIREC;244.0;21
233700;;SUBMISSION;VEV_5000;XIREC;246.0;8
233700;;SUBMISSION;VEV_5000;XIREC;245.0;12
233800;;SUBMISSION;VEV_5000;XIREC;246.0;10
233800;;SUBMISSION;VEV_5000;XIREC;245.0;24
233900;;SUBMISSION;VELVETFRUIT_EXTRACT;XIREC;5240.0;24
233900;;SUBMISSION;VELVETFRUIT_EXTRACT;XIREC;5239.0;26
233900;;SUBMISSION;VEV_4000;XIREC;1232.0;11
233900;;SUBMISSION;VEV_4000;XIREC;1230.0;22
233900;;SUBMISSION;VEV_4500;XIREC;735.0;7
233900;;SUBMISSION;VEV_4500;XIREC;733.0;12
233900;;SUBMISSION;VEV_5000;XIREC;247.0;7
233900;;SUBMISSION;VEV_5000;XIREC;246.0;12
234000;;SUBMISSION;VELVETFRUIT_EXTRACT;XIREC;5241.0;15
234000;;SUBMISSION;VELVETFRUIT_EXTRACT;XIREC;5240.0;35
234000;;SUBMISSION;VEV_4000;XIREC;1233.0;13
234000;;SUBMISSION;VEV_4000;XIREC;1230.0;17
234000;;SUBMISSION;VEV_4500;XIREC;735.0;8
234000;;SUBMISSION;VEV_4500;XIREC;734.0;23
234000;;SUBMISSION;VEV_5000;XIREC;248.0;8
234000;;SUBMISSION;VEV_5000;XIREC;247.0;23
234100;;SUBMISSION;VELVETFRUIT_EXTRACT;XIREC;5240.0;50
234100;;SUBMISSION;VEV_4000;XIREC;1233.0;13
234100;;SUBMISSION;VEV_4000;XIREC;1230.0;29
234100;;SUBMISSION;VEV_4500;XIREC;735.0;8
234100;;SUBMISSION;VEV_4500;XIREC;733.0;23
234100;;SUBMISSION;VEV_5000;XIREC;247.0;31
234200;;SUBMISSION;VELVETFRUIT_EXTRACT;XIREC;5242.0;16
234200;;SUBMISSION;VELVETFRUIT_EXTRACT;XIREC;5241.0;34
234200;;SUBMISSION;VEV_4000;XIREC;1234.0;14
234200;;SUBMISSION;VEV_4000;XIREC;1231.0;28
234200;;SUBMISSION;VEV_4500;XIREC;736.0;6
234200;;SUBMISSION;VEV_4500;XIREC;734.0;19
234200;;SUBMISSION;VEV_5000;XIREC;248.0;25
234200;;;HYDROGEL_PACK;XIREC;9976.0;6
234300;;SUBMISSION;VEV_4000;XIREC;1234.0;11
234300;;SUBMISSION;VEV_4000;XIREC;1231.0;15
234300;;SUBMISSION;VEV_4500;XIREC;736.0;11
234300;;SUBMISSION;VEV_4500;XIREC;734.0;14
234300;;SUBMISSION;VEV_5000;XIREC;248.0;25
234400;;SUBMISSION;VEV_4000;XIREC;1232.0;15
234400;;SUBMISSION;VEV_4000;XIREC;1230.0;26
234400;;SUBMISSION;VEV_4500;XIREC;735.0;9
234400;;SUBMISSION;VEV_4500;XIREC;733.0;20
234400;;SUBMISSION;VEV_5000;XIREC;247.0;9
234400;;SUBMISSION;VEV_5000;XIREC;246.0;20
234500;;SUBMISSION;VEV_5000;XIREC;245.0;6
234500;;SUBMISSION;VEV_5000;XIREC;244.0;15
234600;;SUBMISSION;VEV_5000;XIREC;245.0;11
234600;;SUBMISSION;VEV_5000;XIREC;244.0;17
234700;;SUBMISSION;VEV_5000;XIREC;246.0;4
235100;;;VEV_5300;XIREC;46.0;3
235100;;;VEV_5400;XIREC;18.0;3
235100;;;VEV_5500;XIREC;7.0;3
235100;;;VEV_6000;XIREC;0.0;3
235100;;;VEV_6500;XIREC;0.0;3
235200;;SUBMISSION;VEV_4000;XIREC;1238.0;3
235200;;SUBMISSION;VEV_4000;XIREC;1228.0;9
235200;;SUBMISSION;VEV_4000;XIREC;1225.0;28
235200;;SUBMISSION;VEV_4500;XIREC;738.0;3
235200;;SUBMISSION;VEV_4500;XIREC;730.0;12
235200;;SUBMISSION;VEV_4500;XIREC;729.0;24
235900;;;VELVETFRUIT_EXTRACT;XIREC;5231.0;8
237000;SUBMISSION;;VELVETFRUIT_EXTRACT;XIREC;5232.0;50
237000;SUBMISSION;;VEV_4000;XIREC;1240.0;9
237000;SUBMISSION;;VEV_4000;XIREC;1242.0;17
237000;SUBMISSION;;VEV_4500;XIREC;737.0;11
237000;SUBMISSION;;VEV_4500;XIREC;739.0;15
237100;SUBMISSION;;VELVETFRUIT_EXTRACT;XIREC;5231.0;50
237100;SUBMISSION;;VEV_4000;XIREC;1238.0;10
237100;SUBMISSION;;VEV_4000;XIREC;1241.0;24
237100;SUBMISSION;;VEV_4500;XIREC;736.0;10
237100;SUBMISSION;;VEV_4500;XIREC;738.0;17
237200;SUBMISSION;;VELVETFRUIT_EXTRACT;XIREC;5230.0;17
237200;SUBMISSION;;VELVETFRUIT_EXTRACT;XIREC;5231.0;33
237200;SUBMISSION;;VEV_4000;XIREC;1238.0;15
237200;SUBMISSION;;VEV_4000;XIREC;1240.0;24
237200;SUBMISSION;;VEV_4500;XIREC;735.0;8
237200;SUBMISSION;;VEV_4500;XIREC;737.0;15
237300;SUBMISSION;;VELVETFRUIT_EXTRACT;XIREC;5230.0;15
237300;SUBMISSION;;VELVETFRUIT_EXTRACT;XIREC;5231.0;31
237300;SUBMISSION;;VEV_4000;XIREC;1238.0;7
237300;SUBMISSION;;VEV_4000;XIREC;1240.0;16
237300;SUBMISSION;;VEV_4500;XIREC;735.0;6
237300;SUBMISSION;;VEV_4500;XIREC;737.0;21
237400;SUBMISSION;;VELVETFRUIT_EXTRACT;XIREC;5230.0;4
237400;SUBMISSION;;VEV_4000;XIREC;1238.0;15
237400;SUBMISSION;;VEV_4000;XIREC;1241.0;24
237400;SUBMISSION;;VEV_4500;XIREC;736.0;12
237400;SUBMISSION;;VEV_4500;XIREC;737.0;20
237500;SUBMISSION;;VEV_4000;XIREC;1238.0;14
237500;SUBMISSION;;VEV_4000;XIREC;1241.0;25
237500;SUBMISSION;;VEV_4500;XIREC;736.0;11
237500;SUBMISSION;;VEV_4500;XIREC;738.0;14
237600;SUBMISSION;;VEV_4000;XIREC;1240.0;8
237600;SUBMISSION;;VEV_4000;XIREC;1243.0;26
237700;SUBMISSION;;VEV_4000;XIREC;1240.0;12
237700;SUBMISSION;;VEV_4000;XIREC;1242.0;8
237700;SUBMISSION;;VEV_4500;XIREC;737.0;11
237700;SUBMISSION;;VEV_4500;XIREC;739.0;20
237800;;;VEV_4000;XIREC;1241.0;3
237900;SUBMISSION;;VEV_4500;XIREC;737.0;8
238700;;;VELVETFRUIT_EXTRACT;XIREC;5233.0;6
239200;;;VELVETFRUIT_EXTRACT;XIREC;5229.0;5
240700;;;HYDROGEL_PACK;XIREC;9963.0;4
242100;;;VELVETFRUIT_EXTRACT;XIREC;5237.0;3
243200;;;VEV_4000;XIREC;1249.0;3
243300;;;HYDROGEL_PACK;XIREC;9977.0;2
244000;;;VEV_4000;XIREC;1230.0;3
244300;;SUBMISSION;VELVETFRUIT_EXTRACT;XIREC;5241.0;23
244300;;SUBMISSION;VELVETFRUIT_EXTRACT;XIREC;5240.0;27
244300;;SUBMISSION;VEV_4000;XIREC;1233.0;13
244300;;SUBMISSION;VEV_4000;XIREC;1230.0;21
244300;;SUBMISSION;VEV_4500;XIREC;735.0;9
244300;;SUBMISSION;VEV_4500;XIREC;733.0;12
244400;;SUBMISSION;VELVETFRUIT_EXTRACT;XIREC;5241.0;50
244400;;SUBMISSION;VEV_4000;XIREC;1233.0;13
244400;;SUBMISSION;VEV_4000;XIREC;1231.0;24
244400;;SUBMISSION;VEV_4500;XIREC;736.0;6
244400;;SUBMISSION;VEV_4500;XIREC;734.0;14
244500;;SUBMISSION;VELVETFRUIT_EXTRACT;XIREC;5242.0;50
244500;;SUBMISSION;VEV_4000;XIREC;1234.0;15
244500;;SUBMISSION;VEV_4000;XIREC;1232.0;21
244500;;SUBMISSION;VEV_4500;XIREC;737.0;7
244500;;SUBMISSION;VEV_4500;XIREC;735.0;14
244500;;SUBMISSION;VEV_5500;XIREC;8.0;10
244500;;SUBMISSION;VEV_5500;XIREC;7.0;10
244600;;SUBMISSION;VELVETFRUIT_EXTRACT;XIREC;5242.0;48
244600;;SUBMISSION;VEV_4000;XIREC;1235.0;8
244600;;SUBMISSION;VEV_4000;XIREC;1232.0;23
244600;;SUBMISSION;VEV_4500;XIREC;737.0;9
244600;;SUBMISSION;VEV_4500;XIREC;735.0;15
244600;;SUBMISSION;VEV_5500;XIREC;8.0;9
244600;;SUBMISSION;VEV_5500;XIREC;7.0;11
244700;;SUBMISSION;VELVETFRUIT_EXTRACT;XIREC;5242.0;2
244700;;SUBMISSION;VEV_4000;XIREC;1234.0;11
244700;;SUBMISSION;VEV_4000;XIREC;1231.0;29
244700;;SUBMISSION;VEV_4500;XIREC;736.0;6
244700;;SUBMISSION;VEV_4500;XIREC;734.0;22
244800;;SUBMISSION;VEV_4000;XIREC;1235.0;13
244800;;SUBMISSION;VEV_4000;XIREC;1232.0;29
244800;;SUBMISSION;VEV_4500;XIREC;737.0;11
244800;;SUBMISSION;VEV_4500;XIREC;736.0;18
244800;;SUBMISSION;VEV_5500;XIREC;8.0;16
244900;;SUBMISSION;VEV_4000;XIREC;1236.0;11
244900;;SUBMISSION;VEV_4000;XIREC;1234.0;24
244900;;SUBMISSION;VEV_4500;XIREC;739.0;8
244900;;SUBMISSION;VEV_4500;XIREC;737.0;18
244900;;SUBMISSION;VEV_5500;XIREC;8.0;20
245000;;SUBMISSION;VEV_4000;XIREC;1235.0;15
245000;;SUBMISSION;VEV_4000;XIREC;1233.0;20
245000;;SUBMISSION;VEV_4500;XIREC;738.0;12
245000;;SUBMISSION;VEV_4500;XIREC;736.0;24
245000;;SUBMISSION;VEV_5500;XIREC;8.0;20
245100;;SUBMISSION;VEV_4000;XIREC;1235.0;10
245100;;SUBMISSION;VEV_4500;XIREC;737.0;12
245100;;SUBMISSION;VEV_4500;XIREC;735.0;16
245100;;SUBMISSION;VEV_5500;XIREC;8.0;20
245200;;SUBMISSION;VEV_4500;XIREC;737.0;6
245200;;SUBMISSION;VEV_4500;XIREC;736.0;19
245200;;SUBMISSION;VEV_5500;XIREC;8.0;16
245300;;SUBMISSION;VEV_4500;XIREC;738.0;10
245300;;SUBMISSION;VEV_4500;XIREC;736.0;15
245300;;SUBMISSION;VEV_5500;XIREC;8.0;18
245400;;SUBMISSION;VEV_4500;XIREC;736.0;7
245400;;SUBMISSION;VEV_4500;XIREC;734.0;10
245600;;SUBMISSION;VEV_5500;XIREC;8.0;20
245700;;SUBMISSION;VEV_5500;XIREC;8.0;8
245700;;SUBMISSION;VEV_5500;XIREC;7.0;12
245900;;SUBMISSION;VEV_5500;XIREC;8.0;18
246000;;SUBMISSION;VEV_5500;XIREC;8.0;20
246000;;;VEV_4000;XIREC;1235.0;3
246100;;SUBMISSION;VEV_5500;XIREC;8.0;20
246200;;SUBMISSION;VEV_5500;XIREC;8.0;20
246500;;SUBMISSION;VEV_5500;XIREC;8.0;18
246600;;SUBMISSION;VEV_5500;XIREC;8.0;14
247100;;;HYDROGEL_PACK;XIREC;9971.0;5
247200;;;VEV_4000;XIREC;1233.0;3
247500;SUBMISSION;;HYDROGEL_PACK;XIREC;9968.0;10
247500;SUBMISSION;;HYDROGEL_PACK;XIREC;9970.0;27
247600;SUBMISSION;;HYDROGEL_PACK;XIREC;9967.0;14
247600;SUBMISSION;;HYDROGEL_PACK;XIREC;9970.0;23
247700;SUBMISSION;;HYDROGEL_PACK;XIREC;9966.0;12
247700;SUBMISSION;;HYDROGEL_PACK;XIREC;9968.0;30
247800;SUBMISSION;;HYDROGEL_PACK;XIREC;9968.0;15
247800;SUBMISSION;;HYDROGEL_PACK;XIREC;9970.0;21
247800;;;HYDROGEL_PACK;XIREC;9952.0;4
247900;SUBMISSION;;HYDROGEL_PACK;XIREC;9968.0;14
247900;SUBMISSION;;HYDROGEL_PACK;XIREC;9970.0;25
248000;SUBMISSION;;HYDROGEL_PACK;XIREC;9968.0;9
248500;;;VELVETFRUIT_EXTRACT;XIREC;5241.0;8
248700;;;HYDROGEL_PACK;XIREC;9966.0;3
250200;;;VELVETFRUIT_EXTRACT;XIREC;5244.0;7
251800;;;VELVETFRUIT_EXTRACT;XIREC;5249.0;4
253100;;;VEV_4000;XIREC;1238.0;2
256100;;;HYDROGEL_PACK;XIREC;9969.0;5
256100;;;VELVETFRUIT_EXTRACT;XIREC;5243.0;4
256500;;;VEV_5500;XIREC;7.0;4
256500;;;VEV_6000;XIREC;0.0;4
256500;;;VEV_6500;XIREC;0.0;4
257100;;;VELVETFRUIT_EXTRACT;XIREC;5245.0;7
257800;;;VEV_5500;XIREC;7.0;4
257800;;;VEV_6000;XIREC;0.0;4
257800;;;VEV_6500;XIREC;0.0;4
258000;;SUBMISSION;HYDROGEL_PACK;XIREC;9979.0;12
258000;;SUBMISSION;HYDROGEL_PACK;XIREC;9976.0;23
258100;;SUBMISSION;HYDROGEL_PACK;XIREC;9978.0;13
258100;;SUBMISSION;HYDROGEL_PACK;XIREC;9975.0;30
258200;;SUBMISSION;HYDROGEL_PACK;XIREC;9977.0;10
258200;;SUBMISSION;HYDROGEL_PACK;XIREC;9974.0;27
258300;;SUBMISSION;HYDROGEL_PACK;XIREC;9977.0;10
258300;;SUBMISSION;HYDROGEL_PACK;XIREC;9974.0;24
258400;;SUBMISSION;HYDROGEL_PACK;XIREC;9978.0;15
258400;;SUBMISSION;HYDROGEL_PACK;XIREC;9976.0;22
258500;;SUBMISSION;HYDROGEL_PACK;XIREC;9981.0;14
260100;;;HYDROGEL_PACK;XIREC;9999.0;2
260200;;;VELVETFRUIT_EXTRACT;XIREC;5235.0;3
261500;;;HYDROGEL_PACK;XIREC;10009.0;5
262300;;;VEV_4000;XIREC;1234.0;3
263400;;;VEV_5300;XIREC;47.0;2
263400;;;VEV_5400;XIREC;18.0;2
263400;;;VEV_5500;XIREC;7.0;2
263400;;;VEV_6000;XIREC;0.0;2
263400;;;VEV_6500;XIREC;0.0;2
263700;;;HYDROGEL_PACK;XIREC;9989.0;3
265200;;;VELVETFRUIT_EXTRACT;XIREC;5241.0;8
265500;;;VELVETFRUIT_EXTRACT;XIREC;5241.0;6
265900;;;VELVETFRUIT_EXTRACT;XIREC;5242.0;8
266000;;;VELVETFRUIT_EXTRACT;XIREC;5241.0;8
266500;;;VEV_4000;XIREC;1257.0;2
266800;;;HYDROGEL_PACK;XIREC;9993.0;6
267500;;;VELVETFRUIT_EXTRACT;XIREC;5238.0;8
270900;;;VELVETFRUIT_EXTRACT;XIREC;5242.0;8
271900;;;VEV_4000;XIREC;1253.0;2
273500;;;HYDROGEL_PACK;XIREC;9995.0;4
273500;;;VEV_4000;XIREC;1237.0;3
273700;;;VELVETFRUIT_EXTRACT;XIREC;5251.0;3
275700;;;VEV_4000;XIREC;1259.0;3
277200;;;VELVETFRUIT_EXTRACT;XIREC;5254.0;6
277200;;;VEV_5400;XIREC;20.0;3
277200;;;VEV_5500;XIREC;8.0;3
277200;;;VEV_6000;XIREC;0.0;3
277200;;;VEV_6500;XIREC;0.0;3
278200;;;HYDROGEL_PACK;XIREC;9997.0;5
278600;;;HYDROGEL_PACK;XIREC;9991.0;4
280000;;;HYDROGEL_PACK;XIREC;9991.0;3
280600;;;VELVETFRUIT_EXTRACT;XIREC;5238.0;8
281300;;;VELVETFRUIT_EXTRACT;XIREC;5242.0;8
281500;;;HYDROGEL_PACK;XIREC;9973.0;5
281700;;;VEV_4000;XIREC;1232.0;3
282600;;;VELVETFRUIT_EXTRACT;XIREC;5243.0;7
283800;;;HYDROGEL_PACK;XIREC;9990.0;2
284700;;;HYDROGEL_PACK;XIREC;9979.0;2
286800;;;VELVETFRUIT_EXTRACT;XIREC;5232.0;6
286800;;;VEV_4000;XIREC;1245.0;3
287600;;;HYDROGEL_PACK;XIREC;9980.0;6
287700;;;HYDROGEL_PACK;XIREC;9984.0;3
289500;;;VELVETFRUIT_EXTRACT;XIREC;5250.0;7
290600;;;HYDROGEL_PACK;XIREC;9981.0;2
290700;;;VEV_5500;XIREC;8.0;5
290700;;;VEV_6000;XIREC;0.0;5
290700;;;VEV_6500;XIREC;0.0;5
290800;;;HYDROGEL_PACK;XIREC;9998.0;5
291200;;;VELVETFRUIT_EXTRACT;XIREC;5237.0;7
292400;;;VELVETFRUIT_EXTRACT;XIREC;5245.0;6
292800;;;VEV_5400;XIREC;19.0;3
292800;;;VEV_5500;XIREC;8.0;3
292800;;;VEV_6000;XIREC;0.0;3
292800;;;VEV_6500;XIREC;0.0;3
293200;;;VELVETFRUIT_EXTRACT;XIREC;5242.0;7
294900;;;HYDROGEL_PACK;XIREC;10006.0;6
296600;;;VEV_4000;XIREC;1239.0;3
297300;;;VELVETFRUIT_EXTRACT;XIREC;5245.0;3
297600;;;VELVETFRUIT_EXTRACT;XIREC;5245.0;8
297800;;;VELVETFRUIT_EXTRACT;XIREC;5251.0;5
298600;;SUBMISSION;VEV_5300;XIREC;51.0;7
298600;;SUBMISSION;VEV_5300;XIREC;50.0;13
298700;;SUBMISSION;VEV_5300;XIREC;51.0;20
298700;;;HYDROGEL_PACK;XIREC;10003.0;4
298800;;SUBMISSION;VEV_5300;XIREC;51.0;20
298900;;SUBMISSION;VEV_5300;XIREC;52.0;20
299000;;SUBMISSION;VEV_5300;XIREC;52.0;20
299100;;SUBMISSION;VEV_5300;XIREC;51.0;20
299200;;SUBMISSION;VEV_5300;XIREC;52.0;19
299300;;SUBMISSION;VEV_5300;XIREC;52.0;20
299400;;SUBMISSION;VEV_5300;XIREC;52.0;20
299500;;SUBMISSION;VEV_5300;XIREC;52.0;20
299600;;SUBMISSION;VEV_5300;XIREC;52.0;20
299700;;SUBMISSION;VEV_5300;XIREC;52.0;20
299800;;SUBMISSION;VEV_5300;XIREC;51.0;20
299900;;SUBMISSION;VEV_5300;XIREC;52.0;18
300000;;SUBMISSION;VEV_5300;XIREC;52.0;19
300100;;SUBMISSION;VEV_5300;XIREC;52.0;4
301900;;SUBMISSION;VEV_5200;XIREC;103.0;7
301900;;SUBMISSION;VEV_5200;XIREC;102.0;13
302000;;SUBMISSION;VEV_5200;XIREC;103.0;22
302100;;SUBMISSION;VEV_5100;XIREC;177.0;11
302100;;SUBMISSION;VEV_5100;XIREC;176.0;24
302100;;SUBMISSION;VEV_5200;XIREC;104.0;30
302200;;SUBMISSION;VEV_5100;XIREC;176.0;22
302200;;SUBMISSION;VEV_5200;XIREC;104.0;8
302200;;SUBMISSION;VEV_5200;XIREC;103.0;14
302300;;SUBMISSION;VEV_5100;XIREC;176.0;22
302300;;SUBMISSION;VEV_5200;XIREC;104.0;10
302300;;SUBMISSION;VEV_5200;XIREC;103.0;12
302400;;SUBMISSION;VEV_5200;XIREC;102.0;23
302500;;SUBMISSION;VEV_5200;XIREC;103.0;30
302600;;SUBMISSION;VEV_5200;XIREC;103.0;25
302700;;SUBMISSION;VEV_5100;XIREC;176.0;32
302700;;SUBMISSION;VEV_5200;XIREC;103.0;30
302800;;SUBMISSION;VEV_5100;XIREC;176.0;25
302800;;SUBMISSION;VEV_5200;XIREC;104.0;7
302800;;SUBMISSION;VEV_5200;XIREC;103.0;18
302900;;SUBMISSION;VEV_5100;XIREC;176.0;19
302900;;SUBMISSION;VEV_5200;XIREC;103.0;19
303000;;SUBMISSION;VEV_5100;XIREC;176.0;27
303000;;SUBMISSION;VEV_5200;XIREC;103.0;27
303100;;SUBMISSION;VEV_5200;XIREC;103.0;5
303300;;SUBMISSION;VEV_5100;XIREC;176.0;30
304100;;;VEV_4000;XIREC;1244.0;1
304700;;;VELVETFRUIT_EXTRACT;XIREC;5255.0;4
305700;;;VELVETFRUIT_EXTRACT;XIREC;5252.0;8
305800;;;HYDROGEL_PACK;XIREC;10020.0;2
310000;;;VELVETFRUIT_EXTRACT;XIREC;5253.0;3
310200;;;HYDROGEL_PACK;XIREC;10016.0;2
311200;;SUBMISSION;VEV_5100;XIREC;176.0;18
311300;;SUBMISSION;VEV_5100;XIREC;176.0;30
311500;;;HYDROGEL_PACK;XIREC;10027.0;5
313000;;SUBMISSION;VEV_5100;XIREC;177.0;10
313000;;SUBMISSION;VEV_5100;XIREC;176.0;13
313000;;;VEV_4000;XIREC;1248.0;2
313100;;SUBMISSION;VEV_5100;XIREC;177.0;17
313400;;;HYDROGEL_PACK;XIREC;10023.0;5
313700;;SUBMISSION;VEV_5000;XIREC;265.0;27
313800;;SUBMISSION;VEV_5000;XIREC;265.0;24
316700;;;VEV_5400;XIREC;22.0;5
316700;;;VEV_5500;XIREC;9.0;5
316700;;;VEV_6000;XIREC;0.0;5
316700;;;VEV_6500;XIREC;0.0;5
316800;;SUBMISSION;VEV_5000;XIREC;266.0;6
316800;;SUBMISSION;VEV_5000;XIREC;265.0;23
316900;;SUBMISSION;VELVETFRUIT_EXTRACT;XIREC;5262.0;17
316900;;SUBMISSION;VELVETFRUIT_EXTRACT;XIREC;5261.0;33
316900;;SUBMISSION;VEV_4000;XIREC;1254.0;15
316900;;SUBMISSION;VEV_4000;XIREC;1251.0;27
316900;;SUBMISSION;VEV_4500;XIREC;756.0;6
316900;;SUBMISSION;VEV_4500;XIREC;754.0;24
316900;;SUBMISSION;VEV_5000;XIREC;267.0;6
316900;;SUBMISSION;VEV_5000;XIREC;266.0;24
317000;;SUBMISSION;VELVETFRUIT_EXTRACT;XIREC;5262.0;16
317000;;SUBMISSION;VELVETFRUIT_EXTRACT;XIREC;5261.0;31
317000;;SUBMISSION;VEV_4000;XIREC;1254.0;14
317000;;SUBMISSION;VEV_4000;XIREC;1251.0;29
317000;;SUBMISSION;VEV_4500;XIREC;756.0;6
317000;;SUBMISSION;VEV_4500;XIREC;755.0;15
317000;;SUBMISSION;VEV_5000;XIREC;267.0;6
317000;;SUBMISSION;VEV_5000;XIREC;266.0;15
317100;;SUBMISSION;VELVETFRUIT_EXTRACT;XIREC;5262.0;50
317100;;SUBMISSION;VEV_4000;XIREC;1254.0;13
317100;;SUBMISSION;VEV_4000;XIREC;1252.0;16
317100;;SUBMISSION;VEV_4500;XIREC;757.0;7
317100;;SUBMISSION;VEV_4500;XIREC;755.0;15
317100;;SUBMISSION;VEV_5000;XIREC;267.0;7
317100;;SUBMISSION;VEV_5000;XIREC;266.0;15
317200;;SUBMISSION;VEV_4000;XIREC;1254.0;15
317200;;SUBMISSION;VEV_4000;XIREC;1252.0;27
317200;;SUBMISSION;VEV_4500;XIREC;757.0;6
317200;;SUBMISSION;VEV_4500;XIREC;755.0;15
317200;;SUBMISSION;VEV_5000;XIREC;267.0;21
317300;;SUBMISSION;VELVETFRUIT_EXTRACT;XIREC;5262.0;50
317300;;SUBMISSION;VEV_4000;XIREC;1254.0;12
317300;;SUBMISSION;VEV_4000;XIREC;1252.0;21
317300;;SUBMISSION;VEV_4500;XIREC;757.0;6
317300;;SUBMISSION;VEV_4500;XIREC;755.0;19
317300;;SUBMISSION;VEV_5000;XIREC;267.0;6
317300;;SUBMISSION;VEV_5000;XIREC;266.0;19
317400;;SUBMISSION;VELVETFRUIT_EXTRACT;XIREC;5262.0;3
317400;;SUBMISSION;VEV_4000;XIREC;1254.0;13
317400;;SUBMISSION;VEV_4000;XIREC;1252.0;17
317400;;SUBMISSION;VEV_4500;XIREC;757.0;10
317400;;SUBMISSION;VEV_4500;XIREC;755.0;13
317400;;SUBMISSION;VEV_5000;XIREC;267.0;10
317400;;SUBMISSION;VEV_5000;XIREC;266.0;13
317500;;SUBMISSION;VEV_4000;XIREC;1255.0;12
317500;;SUBMISSION;VEV_4000;XIREC;1252.0;21
317500;;SUBMISSION;VEV_4500;XIREC;757.0;7
317500;;SUBMISSION;VEV_4500;XIREC;755.0;12
317500;;SUBMISSION;VEV_5000;XIREC;268.0;7
317500;;SUBMISSION;VEV_5000;XIREC;267.0;12
317600;;;VEV_5400;XIREC;22.0;2
317600;;;VEV_5500;XIREC;9.0;2
317600;;;VEV_6000;XIREC;0.0;2
317600;;;VEV_6500;XIREC;0.0;2
317700;;SUBMISSION;VEV_5000;XIREC;266.0;7
317700;;SUBMISSION;VEV_5000;XIREC;265.0;18
317800;;SUBMISSION;VEV_5000;XIREC;266.0;9
317800;;SUBMISSION;VEV_5000;XIREC;265.0;15
317900;;SUBMISSION;VEV_4000;XIREC;1254.0;7
317900;;SUBMISSION;VEV_4000;XIREC;1251.0;20
317900;;SUBMISSION;VEV_4500;XIREC;756.0;9
317900;;SUBMISSION;VEV_4500;XIREC;754.0;18
317900;;SUBMISSION;VEV_5000;XIREC;267.0;9
317900;;SUBMISSION;VEV_5000;XIREC;266.0;1
318100;;SUBMISSION;VEV_4000;XIREC;1254.0;9
318100;;SUBMISSION;VEV_4000;XIREC;1251.0;12
318100;;SUBMISSION;VEV_4500;XIREC;756.0;9
318100;;SUBMISSION;VEV_4500;XIREC;754.0;19
318400;;SUBMISSION;VEV_4500;XIREC;757.0;6
318400;;SUBMISSION;VEV_4500;XIREC;755.0;14
318500;;SUBMISSION;VEV_4500;XIREC;757.0;7
318500;;SUBMISSION;VEV_4500;XIREC;755.0;16
318600;;SUBMISSION;VEV_4500;XIREC;759.0;8
318600;;SUBMISSION;VEV_4500;XIREC;757.0;17
318700;;SUBMISSION;VEV_4500;XIREC;759.0;11
318700;;SUBMISSION;VEV_4500;XIREC;757.0;5
318700;;;HYDROGEL_PACK;XIREC;10014.0;6
320300;;;VEV_4000;XIREC;1253.0;2
320700;;;VEV_4000;XIREC;1273.0;3
320900;;;HYDROGEL_PACK;XIREC;10034.0;4
321200;;;HYDROGEL_PACK;XIREC;10009.0;4
321200;;;VELVETFRUIT_EXTRACT;XIREC;5257.0;10
322800;;;VEV_4000;XIREC;1250.0;1
323400;;;VELVETFRUIT_EXTRACT;XIREC;5258.0;12
323500;;;VEV_4000;XIREC;1247.0;3
323800;;SUBMISSION;HYDROGEL_PACK;XIREC;10021.0;13
323800;;SUBMISSION;HYDROGEL_PACK;XIREC;10018.0;22
323900;;SUBMISSION;HYDROGEL_PACK;XIREC;10022.0;10
323900;;SUBMISSION;HYDROGEL_PACK;XIREC;10019.0;26
323900;;;VELVETFRUIT_EXTRACT;XIREC;5258.0;7
324000;;SUBMISSION;HYDROGEL_PACK;XIREC;10022.0;11
324000;;SUBMISSION;HYDROGEL_PACK;XIREC;10020.0;26
324100;;SUBMISSION;HYDROGEL_PACK;XIREC;10022.0;13
324100;;SUBMISSION;HYDROGEL_PACK;XIREC;10020.0;30
324200;;SUBMISSION;HYDROGEL_PACK;XIREC;10023.0;13
324200;;SUBMISSION;HYDROGEL_PACK;XIREC;10020.0;27
324300;;SUBMISSION;HYDROGEL_PACK;XIREC;10023.0;9
327600;;;VELVETFRUIT_EXTRACT;XIREC;5269.0;3
328800;;;VEV_4000;XIREC;1256.0;3
329500;;;VELVETFRUIT_EXTRACT;XIREC;5266.0;10
329700;;;VELVETFRUIT_EXTRACT;XIREC;5265.0;3
330900;;;HYDROGEL_PACK;XIREC;10040.0;3
331400;;;HYDROGEL_PACK;XIREC;10025.0;2
332300;;;VEV_5300;XIREC;58.0;4
332300;;;VEV_5500;XIREC;10.0;4
332300;;;VEV_6000;XIREC;0.0;4
332300;;;VEV_6500;XIREC;0.0;4
332700;;;HYDROGEL_PACK;XIREC;10030.0;6
335000;;;HYDROGEL_PACK;XIREC;10047.0;5
335300;;;HYDROGEL_PACK;XIREC;10048.0;4
335400;;;HYDROGEL_PACK;XIREC;10048.0;4
335400;;;VELVETFRUIT_EXTRACT;XIREC;5266.0;8
336800;;;HYDROGEL_PACK;XIREC;10034.0;5
338000;;;VELVETFRUIT_EXTRACT;XIREC;5262.0;3
340000;;;HYDROGEL_PACK;XIREC;10028.0;6
343000;SUBMISSION;;VELVETFRUIT_EXTRACT;XIREC;5255.0;50
343000;SUBMISSION;;VEV_4500;XIREC;760.0;11
343000;SUBMISSION;;VEV_4500;XIREC;762.0;19
343100;SUBMISSION;;VEV_4500;XIREC;760.0;8
343100;SUBMISSION;;VEV_4500;XIREC;762.0;18
343200;SUBMISSION;;VELVETFRUIT_EXTRACT;XIREC;5254.0;19
343200;SUBMISSION;;VELVETFRUIT_EXTRACT;XIREC;5255.0;31
343200;SUBMISSION;;VEV_4000;XIREC;1262.0;14
343200;SUBMISSION;;VEV_4000;XIREC;1265.0;30
343200;SUBMISSION;;VEV_4500;XIREC;760.0;10
343200;SUBMISSION;;VEV_4500;XIREC;762.0;12
344000;SUBMISSION;;VEV_4500;XIREC;760.0;8
344000;SUBMISSION;;VEV_4500;XIREC;762.0;20
344100;SUBMISSION;;VELVETFRUIT_EXTRACT;XIREC;5254.0;24
344100;SUBMISSION;;VELVETFRUIT_EXTRACT;XIREC;5255.0;26
344100;SUBMISSION;;VEV_4000;XIREC;1262.0;8
344100;SUBMISSION;;VEV_4000;XIREC;1265.0;25
344100;SUBMISSION;;VEV_4500;XIREC;760.0;9
344100;SUBMISSION;;VEV_4500;XIREC;762.0;15
344200;SUBMISSION;;VELVETFRUIT_EXTRACT;XIREC;5254.0;21
344200;SUBMISSION;;VELVETFRUIT_EXTRACT;XIREC;5255.0;29
344200;SUBMISSION;;VEV_4000;XIREC;1262.0;11
344200;SUBMISSION;;VEV_4000;XIREC;1265.0;29
344200;SUBMISSION;;VEV_4500;XIREC;760.0;6
344200;SUBMISSION;;VEV_4500;XIREC;761.0;17
344300;SUBMISSION;;VEV_4000;XIREC;1262.0;10
344300;SUBMISSION;;VEV_4000;XIREC;1264.0;22
344300;SUBMISSION;;VEV_4500;XIREC;759.0;8
344300;SUBMISSION;;VEV_4500;XIREC;761.0;18
344400;SUBMISSION;;VEV_4000;XIREC;1261.0;10
344400;SUBMISSION;;VEV_4000;XIREC;1264.0;22
344400;SUBMISSION;;VEV_4500;XIREC;759.0;12
344400;SUBMISSION;;VEV_4500;XIREC;761.0;16
344500;SUBMISSION;;VEV_4000;XIREC;1262.0;13
344500;SUBMISSION;;VEV_4000;XIREC;1265.0;24
344500;SUBMISSION;;VEV_4500;XIREC;760.0;9
344500;SUBMISSION;;VEV_4500;XIREC;762.0;15
344600;SUBMISSION;;VEV_4000;XIREC;1260.0;15
344600;SUBMISSION;;VEV_4000;XIREC;1263.0;21
344600;SUBMISSION;;VEV_4500;XIREC;758.0;7
344600;SUBMISSION;;VEV_4500;XIREC;760.0;19
344600;SUBMISSION;;VEV_5000;XIREC;259.0;7
344600;SUBMISSION;;VEV_5000;XIREC;260.0;19
344700;SUBMISSION;;VEV_4000;XIREC;1262.0;15
344700;SUBMISSION;;VEV_4000;XIREC;1265.0;29
344700;SUBMISSION;;VEV_4500;XIREC;760.0;10
344700;SUBMISSION;;VEV_4500;XIREC;761.0;23
344800;SUBMISSION;;VEV_4000;XIREC;1261.0;2
344800;SUBMISSION;;VEV_4500;XIREC;758.0;9
344800;SUBMISSION;;VEV_4500;XIREC;760.0;1
344800;SUBMISSION;;VEV_5000;XIREC;260.0;33
345000;;;HYDROGEL_PACK;XIREC;10015.0;4
345100;;;VEV_4000;XIREC;1242.0;2
345400;;;VELVETFRUIT_EXTRACT;XIREC;5250.0;8
346300;;;VELVETFRUIT_EXTRACT;XIREC;5262.0;8
346400;;;VELVETFRUIT_EXTRACT;XIREC;5258.0;3
346600;;SUBMISSION;VEV_5000;XIREC;266.0;11
346600;;SUBMISSION;VEV_5000;XIREC;265.0;20
346700;;SUBMISSION;VEV_5000;XIREC;266.0;10
346700;;SUBMISSION;VEV_5000;XIREC;265.0;18
347200;;SUBMISSION;VELVETFRUIT_EXTRACT;XIREC;5263.0;50
347200;;SUBMISSION;VEV_4000;XIREC;1255.0;7
347200;;SUBMISSION;VEV_4000;XIREC;1253.0;20
347200;;SUBMISSION;VEV_4500;XIREC;758.0;12
347200;;SUBMISSION;VEV_4500;XIREC;756.0;20
347300;;SUBMISSION;VELVETFRUIT_EXTRACT;XIREC;5263.0;24
347300;;SUBMISSION;VELVETFRUIT_EXTRACT;XIREC;5262.0;26
347300;;SUBMISSION;VEV_4000;XIREC;1255.0;13
347300;;SUBMISSION;VEV_4000;XIREC;1252.0;15
347300;;SUBMISSION;VEV_4500;XIREC;757.0;9
347300;;SUBMISSION;VEV_4500;XIREC;755.0;14
347400;;;VEV_4000;XIREC;1253.0;1
347700;;SUBMISSION;VELVETFRUIT_EXTRACT;XIREC;5264.0;15
347700;;SUBMISSION;VELVETFRUIT_EXTRACT;XIREC;5263.0;35
347700;;SUBMISSION;VEV_4000;XIREC;1256.0;11
347700;;SUBMISSION;VEV_4000;XIREC;1253.0;23
347700;;SUBMISSION;VEV_4500;XIREC;758.0;8
347700;;SUBMISSION;VEV_4500;XIREC;756.0;22
347800;;SUBMISSION;VELVETFRUIT_EXTRACT;XIREC;5264.0;50
347800;;SUBMISSION;VEV_4000;XIREC;1256.0;8
347800;;SUBMISSION;VEV_4000;XIREC;1254.0;15
347800;;SUBMISSION;VEV_4500;XIREC;759.0;10
347800;;SUBMISSION;VEV_4500;XIREC;757.0;14
347900;;SUBMISSION;VEV_4000;XIREC;1257.0;10
347900;;SUBMISSION;VEV_4000;XIREC;1254.0;23
347900;;SUBMISSION;VEV_4500;XIREC;759.0;6
347900;;SUBMISSION;VEV_4500;XIREC;757.0;20
348000;SUBMISSION;;HYDROGEL_PACK;XIREC;10011.0;11
348000;SUBMISSION;;HYDROGEL_PACK;XIREC;10014.0;25
348000;;SUBMISSION;VEV_4000;XIREC;1256.0;12
348000;;SUBMISSION;VEV_4000;XIREC;1254.0;18
348000;;SUBMISSION;VEV_4500;XIREC;759.0;6
348000;;SUBMISSION;VEV_4500;XIREC;757.0;19
348100;SUBMISSION;;HYDROGEL_PACK;XIREC;10010.0;12
348100;SUBMISSION;;HYDROGEL_PACK;XIREC;10013.0;24
348100;;SUBMISSION;VEV_4000;XIREC;1258.0;12
348100;;SUBMISSION;VEV_4000;XIREC;1255.0;30
348100;;SUBMISSION;VEV_4500;XIREC;760.0;9
348100;;SUBMISSION;VEV_4500;XIREC;758.0;19
348200;SUBMISSION;;HYDROGEL_PACK;XIREC;10010.0;10
348200;SUBMISSION;;HYDROGEL_PACK;XIREC;10012.0;29
348200;;SUBMISSION;VEV_4000;XIREC;1258.0;11
348200;;SUBMISSION;VEV_4000;XIREC;1255.0;28
348200;;SUBMISSION;VEV_4500;XIREC;760.0;6
348200;;SUBMISSION;VEV_4500;XIREC;758.0;16
348300;;SUBMISSION;VEV_4000;XIREC;1258.0;14
348300;;SUBMISSION;VEV_4000;XIREC;1255.0;24
348300;;SUBMISSION;VEV_4500;XIREC;760.0;11
348300;;SUBMISSION;VEV_4500;XIREC;758.0;17
348400;;SUBMISSION;VEV_4000;XIREC;1258.0;6
348400;;SUBMISSION;VEV_4500;XIREC;761.0;12
348400;;SUBMISSION;VEV_4500;XIREC;759.0;21
348500;;SUBMISSION;VEV_4500;XIREC;761.0;11
348500;;SUBMISSION;VEV_4500;XIREC;759.0;18
349000;SUBMISSION;;HYDROGEL_PACK;XIREC;10009.0;14
349000;SUBMISSION;;HYDROGEL_PACK;XIREC;10011.0;24
349100;SUBMISSION;;HYDROGEL_PACK;XIREC;10006.0;10
349100;SUBMISSION;;HYDROGEL_PACK;XIREC;10009.0;30
349200;SUBMISSION;;HYDROGEL_PACK;XIREC;10008.0;11
350700;;;VELVETFRUIT_EXTRACT;XIREC;5276.0;6
351100;;;VELVETFRUIT_EXTRACT;XIREC;5271.0;7
351800;;;VEV_4000;XIREC;1265.0;1
352700;;;VELVETFRUIT_EXTRACT;XIREC;5274.0;7
354000;;;VELVETFRUIT_EXTRACT;XIREC;5270.0;3
354400;;;VELVETFRUIT_EXTRACT;XIREC;5271.0;4
356200;;;VEV_4000;XIREC;1262.0;1
358200;;;HYDROGEL_PACK;XIREC;9994.0;6
359500;;;VELVETFRUIT_EXTRACT;XIREC;5279.0;6
360000;;;VEV_6000;XIREC;0.0;4
360000;;;VEV_6500;XIREC;0.0;4
363700;;;HYDROGEL_PACK;XIREC;10022.0;5
364600;;SUBMISSION;HYDROGEL_PACK;XIREC;10019.0;11
364600;;SUBMISSION;HYDROGEL_PACK;XIREC;10016.0;21
364700;;SUBMISSION;HYDROGEL_PACK;XIREC;10020.0;12
364700;;SUBMISSION;HYDROGEL_PACK;XIREC;10017.0;28
364800;;SUBMISSION;HYDROGEL_PACK;XIREC;10022.0;14
364800;;SUBMISSION;HYDROGEL_PACK;XIREC;10020.0;25
364900;;SUBMISSION;HYDROGEL_PACK;XIREC;10022.0;15
364900;;SUBMISSION;HYDROGEL_PACK;XIREC;10019.0;20
365000;;SUBMISSION;HYDROGEL_PACK;XIREC;10022.0;10
365000;;SUBMISSION;HYDROGEL_PACK;XIREC;10020.0;22
365100;;SUBMISSION;HYDROGEL_PACK;XIREC;10022.0;14
365100;;SUBMISSION;HYDROGEL_PACK;XIREC;10020.0;8
365100;;;VEV_4000;XIREC;1266.0;1
366300;;;VELVETFRUIT_EXTRACT;XIREC;5279.0;7
366900;;;HYDROGEL_PACK;XIREC;10045.0;5
367000;;;HYDROGEL_PACK;XIREC;10042.0;5
369300;;;VEV_4000;XIREC;1263.0;1
369900;;;VELVETFRUIT_EXTRACT;XIREC;5274.0;8
370400;;;HYDROGEL_PACK;XIREC;10047.0;2
370600;;;HYDROGEL_PACK;XIREC;10031.0;4
372300;;;VELVETFRUIT_EXTRACT;XIREC;5279.0;9
373300;;;HYDROGEL_PACK;XIREC;10054.0;2
374900;;;VELVETFRUIT_EXTRACT;XIREC;5287.0;3
374900;;;VEV_4000;XIREC;1295.0;1
376500;;;VELVETFRUIT_EXTRACT;XIREC;5287.0;3
376700;;;VELVETFRUIT_EXTRACT;XIREC;5286.0;8
378100;;;VEV_4000;XIREC;1267.0;3
380100;;;VEV_4000;XIREC;1280.0;1
380500;;;HYDROGEL_PACK;XIREC;10043.0;4
381200;;;VELVETFRUIT_EXTRACT;XIREC;5269.0;7
381400;;;HYDROGEL_PACK;XIREC;10035.0;4
383100;;;HYDROGEL_PACK;XIREC;10033.0;6
386500;;;VELVETFRUIT_EXTRACT;XIREC;5271.0;3
387500;;;VELVETFRUIT_EXTRACT;XIREC;5275.0;7
388000;;;VELVETFRUIT_EXTRACT;XIREC;5275.0;4
389600;;;VELVETFRUIT_EXTRACT;XIREC;5271.0;4
389800;;;HYDROGEL_PACK;XIREC;10018.0;4
390400;;;HYDROGEL_PACK;XIREC;10003.0;6
392600;;;VELVETFRUIT_EXTRACT;XIREC;5266.0;8
394200;;;VELVETFRUIT_EXTRACT;XIREC;5261.0;7
394300;;;VEV_4000;XIREC;1272.0;2
395500;;;VELVETFRUIT_EXTRACT;XIREC;5261.0;3
396900;;;VELVETFRUIT_EXTRACT;XIREC;5263.0;10
397900;;;VELVETFRUIT_EXTRACT;XIREC;5260.0;6
399700;;;VELVETFRUIT_EXTRACT;XIREC;5259.0;6
402000;;;HYDROGEL_PACK;XIREC;10016.0;4
402100;;;VEV_5400;XIREC;21.0;3
402100;;;VEV_5500;XIREC;9.0;3
402100;;;VEV_6000;XIREC;0.0;3
402100;;;VEV_6500;XIREC;0.0;3
402400;SUBMISSION;;HYDROGEL_PACK;XIREC;10010.0;11
402400;SUBMISSION;;HYDROGEL_PACK;XIREC;10012.0;28
402500;SUBMISSION;;HYDROGEL_PACK;XIREC;10010.0;15
402500;SUBMISSION;;HYDROGEL_PACK;XIREC;10012.0;21
402600;SUBMISSION;;HYDROGEL_PACK;XIREC;10009.0;12
402600;SUBMISSION;;HYDROGEL_PACK;XIREC;10012.0;21
402700;SUBMISSION;;HYDROGEL_PACK;XIREC;9998.0;8
402700;SUBMISSION;;HYDROGEL_PACK;XIREC;10007.0;11
402700;SUBMISSION;;HYDROGEL_PACK;XIREC;10009.0;23
402800;SUBMISSION;;HYDROGEL_PACK;XIREC;10008.0;15
402800;SUBMISSION;;HYDROGEL_PACK;XIREC;10010.0;30
402900;SUBMISSION;;HYDROGEL_PACK;XIREC;10011.0;5
404300;;;VELVETFRUIT_EXTRACT;XIREC;5260.0;8
405600;;;HYDROGEL_PACK;XIREC;9999.0;5
405800;;;VELVETFRUIT_EXTRACT;XIREC;5260.0;7
407400;;;VEV_4000;XIREC;1281.0;1
407800;;;VELVETFRUIT_EXTRACT;XIREC;5271.0;9
409600;;;VELVETFRUIT_EXTRACT;XIREC;5269.0;6
410500;;;HYDROGEL_PACK;XIREC;9990.0;3
411400;;;VEV_4000;XIREC;1281.0;1
414600;;;HYDROGEL_PACK;XIREC;9993.0;2
414800;;;VELVETFRUIT_EXTRACT;XIREC;5266.0;5
416400;;;HYDROGEL_PACK;XIREC;9964.0;5
417000;;;HYDROGEL_PACK;XIREC;9978.0;6
417000;;;VELVETFRUIT_EXTRACT;XIREC;5264.0;9
417100;;;HYDROGEL_PACK;XIREC;9977.0;2
417500;;;VEV_4000;XIREC;1274.0;2
417900;SUBMISSION;;HYDROGEL_PACK;XIREC;9968.0;13
417900;SUBMISSION;;HYDROGEL_PACK;XIREC;9970.0;28
418000;SUBMISSION;;HYDROGEL_PACK;XIREC;9967.0;10
418000;SUBMISSION;;HYDROGEL_PACK;XIREC;9970.0;28
418100;SUBMISSION;;HYDROGEL_PACK;XIREC;9964.0;12
418100;SUBMISSION;;HYDROGEL_PACK;XIREC;9967.0;23
418200;SUBMISSION;;HYDROGEL_PACK;XIREC;9963.0;15
418200;SUBMISSION;;HYDROGEL_PACK;XIREC;9965.0;24
418300;SUBMISSION;;HYDROGEL_PACK;XIREC;9963.0;11
418300;SUBMISSION;;HYDROGEL_PACK;XIREC;9965.0;20
418400;SUBMISSION;;HYDROGEL_PACK;XIREC;9966.0;11
418400;SUBMISSION;;HYDROGEL_PACK;XIREC;9968.0;5
419500;;;VELVETFRUIT_EXTRACT;XIREC;5262.0;5
420400;;;VEV_5400;XIREC;21.0;3
420400;;;VEV_5500;XIREC;9.0;3
420400;;;VEV_6000;XIREC;0.0;3
420400;;;VEV_6500;XIREC;0.0;3
421200;;;VELVETFRUIT_EXTRACT;XIREC;5270.0;5
422900;;;HYDROGEL_PACK;XIREC;9977.0;4
423100;;;VELVETFRUIT_EXTRACT;XIREC;5264.0;6
425500;;SUBMISSION;HYDROGEL_PACK;XIREC;9978.0;10
425500;;SUBMISSION;HYDROGEL_PACK;XIREC;9975.0;25
425600;;SUBMISSION;HYDROGEL_PACK;XIREC;9978.0;12
425600;;SUBMISSION;HYDROGEL_PACK;XIREC;9976.0;25
425600;;;HYDROGEL_PACK;XIREC;9994.0;2
425700;;SUBMISSION;HYDROGEL_PACK;XIREC;9978.0;11
425700;;SUBMISSION;HYDROGEL_PACK;XIREC;9976.0;23
425800;;SUBMISSION;HYDROGEL_PACK;XIREC;9977.0;13
425800;;SUBMISSION;HYDROGEL_PACK;XIREC;9975.0;25
425900;;SUBMISSION;HYDROGEL_PACK;XIREC;9979.0;14
425900;;SUBMISSION;HYDROGEL_PACK;XIREC;9977.0;27
426000;;SUBMISSION;HYDROGEL_PACK;XIREC;9979.0;14
426000;;SUBMISSION;HYDROGEL_PACK;XIREC;9977.0;1
428200;;;VELVETFRUIT_EXTRACT;XIREC;5256.0;8
428300;;;HYDROGEL_PACK;XIREC;10001.0;5
429100;SUBMISSION;;VELVETFRUIT_EXTRACT;XIREC;5254.0;20
429100;SUBMISSION;;VELVETFRUIT_EXTRACT;XIREC;5255.0;30
429100;SUBMISSION;;VEV_4000;XIREC;1262.0;12
429100;SUBMISSION;;VEV_4000;XIREC;1265.0;24
429100;SUBMISSION;;VEV_4500;XIREC;760.0;8
429100;SUBMISSION;;VEV_4500;XIREC;761.0;22
429100;;;HYDROGEL_PACK;XIREC;9979.0;3
429200;SUBMISSION;;VELVETFRUIT_EXTRACT;XIREC;5253.0;20
429200;SUBMISSION;;VELVETFRUIT_EXTRACT;XIREC;5254.0;30
429200;SUBMISSION;;VEV_4000;XIREC;1261.0;15
429200;SUBMISSION;;VEV_4000;XIREC;1264.0;18
429200;SUBMISSION;;VEV_4500;XIREC;759.0;7
429200;SUBMISSION;;VEV_4500;XIREC;761.0;13
429300;SUBMISSION;;VELVETFRUIT_EXTRACT;XIREC;5253.0;16
429300;SUBMISSION;;VELVETFRUIT_EXTRACT;XIREC;5254.0;34
429300;SUBMISSION;;VEV_4000;XIREC;1261.0;7
429300;SUBMISSION;;VEV_4000;XIREC;1264.0;16
429300;SUBMISSION;;VEV_4500;XIREC;759.0;9
429300;SUBMISSION;;VEV_4500;XIREC;761.0;24
429400;SUBMISSION;;VELVETFRUIT_EXTRACT;XIREC;5253.0;19
429400;SUBMISSION;;VELVETFRUIT_EXTRACT;XIREC;5254.0;31
429400;SUBMISSION;;VEV_4000;XIREC;1261.0;14
429400;SUBMISSION;;VEV_4000;XIREC;1264.0;30
429400;SUBMISSION;;VEV_4500;XIREC;759.0;6
429400;SUBMISSION;;VEV_4500;XIREC;761.0;21
429500;SUBMISSION;;VEV_4000;XIREC;1261.0;10
429500;SUBMISSION;;VEV_4000;XIREC;1263.0;20
429500;SUBMISSION;;VEV_4500;XIREC;758.0;9
429500;SUBMISSION;;VEV_4500;XIREC;760.0;24
429500;SUBMISSION;;VEV_5000;XIREC;259.0;9
429500;SUBMISSION;;VEV_5000;XIREC;260.0;24
429600;SUBMISSION;;VEV_4000;XIREC;1260.0;14
429600;SUBMISSION;;VEV_4000;XIREC;1262.0;15
429600;SUBMISSION;;VEV_4500;XIREC;757.0;11
429600;SUBMISSION;;VEV_4500;XIREC;759.0;22
429600;SUBMISSION;;VEV_5000;XIREC;259.0;33
429700;SUBMISSION;;VEV_4000;XIREC;1260.0;9
429700;SUBMISSION;;VEV_4000;XIREC;1263.0;15
429700;SUBMISSION;;VEV_4500;XIREC;758.0;9
429700;SUBMISSION;;VEV_4500;XIREC;760.0;24
429700;SUBMISSION;;VEV_5000;XIREC;259.0;9
429700;SUBMISSION;;VEV_5000;XIREC;260.0;24
429700;;;VELVETFRUIT_EXTRACT;XIREC;5249.0;8
429800;SUBMISSION;;VEV_4000;XIREC;1260.0;13
429800;SUBMISSION;;VEV_4000;XIREC;1262.0;18
429800;SUBMISSION;;VEV_4500;XIREC;757.0;9
429800;SUBMISSION;;VEV_4500;XIREC;759.0;21
429800;SUBMISSION;;VEV_5000;XIREC;258.0;9
429800;SUBMISSION;;VEV_5000;XIREC;259.0;21
429900;SUBMISSION;;VEV_4000;XIREC;1260.0;9
429900;SUBMISSION;;VEV_4000;XIREC;1263.0;25
429900;SUBMISSION;;VEV_4500;XIREC;758.0;11
429900;SUBMISSION;;VEV_4500;XIREC;760.0;17
429900;SUBMISSION;;VEV_5000;XIREC;259.0;11
429900;SUBMISSION;;VEV_5000;XIREC;260.0;17
430000;SUBMISSION;;VEV_4000;XIREC;1260.0;13
430000;SUBMISSION;;VEV_4000;XIREC;1262.0;3
430000;SUBMISSION;;VEV_4500;XIREC;757.0;7
430000;SUBMISSION;;VEV_4500;XIREC;759.0;13
430000;SUBMISSION;;VEV_5000;XIREC;259.0;20
430100;SUBMISSION;;VEV_4500;XIREC;759.0;8
430100;SUBMISSION;;VEV_4500;XIREC;761.0;5
430400;SUBMISSION;;VEV_5000;XIREC;259.0;12
430400;SUBMISSION;;VEV_5000;XIREC;260.0;22
430500;SUBMISSION;;VEV_5000;XIREC;259.0;12
430500;SUBMISSION;;VEV_5000;XIREC;260.0;12
430600;SUBMISSION;;VEV_5000;XIREC;259.0;10
430600;SUBMISSION;;VEV_5000;XIREC;260.0;19
430800;SUBMISSION;;VEV_5000;XIREC;259.0;6
430800;SUBMISSION;;VEV_5000;XIREC;260.0;13
430800;;;VELVETFRUIT_EXTRACT;XIREC;5252.0;4
430900;SUBMISSION;;VEV_5000;XIREC;259.0;7
430900;SUBMISSION;;VEV_5000;XIREC;260.0;10
431800;;;VEV_4000;XIREC;1260.0;1
432000;;;VELVETFRUIT_EXTRACT;XIREC;5249.0;8
432500;SUBMISSION;;VEV_5100;XIREC;169.0;6
432500;SUBMISSION;;VEV_5100;XIREC;170.0;22
433100;;;VELVETFRUIT_EXTRACT;XIREC;5246.0;9
433500;;;VELVETFRUIT_EXTRACT;XIREC;5248.0;3
433600;SUBMISSION;;VEV_5100;XIREC;170.0;26
433700;SUBMISSION;;VEV_5100;XIREC;169.0;10
433700;SUBMISSION;;VEV_5100;XIREC;170.0;14
433800;SUBMISSION;;VEV_5100;XIREC;169.0;9
433800;SUBMISSION;;VEV_5100;XIREC;170.0;23
433900;SUBMISSION;;VEV_5100;XIREC;168.0;10
433900;SUBMISSION;;VEV_5100;XIREC;169.0;24
434000;SUBMISSION;;VEV_5100;XIREC;168.0;8
434000;SUBMISSION;;VEV_5100;XIREC;169.0;16
434100;SUBMISSION;;VEV_5100;XIREC;169.0;21
434200;SUBMISSION;;VEV_5100;XIREC;169.0;22
434300;SUBMISSION;;VEV_5100;XIREC;169.0;32
434400;SUBMISSION;;VEV_5100;XIREC;169.0;12
434400;SUBMISSION;;VEV_5100;XIREC;170.0;23
434500;SUBMISSION;;VEV_5100;XIREC;169.0;9
434500;SUBMISSION;;VEV_5100;XIREC;170.0;13
435200;;;HYDROGEL_PACK;XIREC;9978.0;6
436500;;;HYDROGEL_PACK;XIREC;9985.0;3
436600;;;VELVETFRUIT_EXTRACT;XIREC;5249.0;8
437100;;;VELVETFRUIT_EXTRACT;XIREC;5245.0;5
440100;;;VELVETFRUIT_EXTRACT;XIREC;5248.0;4
442300;;;VELVETFRUIT_EXTRACT;XIREC;5244.0;7
443200;SUBMISSION;;HYDROGEL_PACK;XIREC;9969.0;11
443200;SUBMISSION;;HYDROGEL_PACK;XIREC;9971.0;20
443700;SUBMISSION;;HYDROGEL_PACK;XIREC;9967.0;11
443700;SUBMISSION;;HYDROGEL_PACK;XIREC;9970.0;29
443800;SUBMISSION;;HYDROGEL_PACK;XIREC;9968.0;15
443800;SUBMISSION;;HYDROGEL_PACK;XIREC;9971.0;20
443900;SUBMISSION;;HYDROGEL_PACK;XIREC;9966.0;12
443900;SUBMISSION;;HYDROGEL_PACK;XIREC;9969.0;30
443900;;;HYDROGEL_PACK;XIREC;9966.0;5
444000;SUBMISSION;;HYDROGEL_PACK;XIREC;9967.0;15
444000;SUBMISSION;;HYDROGEL_PACK;XIREC;9969.0;27
444100;SUBMISSION;;HYDROGEL_PACK;XIREC;9966.0;10
446300;;;HYDROGEL_PACK;XIREC;9960.0;3
446500;;;VEV_4000;XIREC;1240.0;1
447400;;;HYDROGEL_PACK;XIREC;9944.0;5
447500;;;VEV_4000;XIREC;1261.0;3
447800;;;VEV_4000;XIREC;1240.0;3
447800;;;VEV_5300;XIREC;49.0;5
447800;;;VEV_5400;XIREC;18.0;5
447800;;;VEV_5500;XIREC;7.0;5
447800;;;VEV_6000;XIREC;0.0;5
447800;;;VEV_6500;XIREC;0.0;5
448000;;;HYDROGEL_PACK;XIREC;9951.0;4
448100;;;VEV_4000;XIREC;1240.0;2
448400;;;VELVETFRUIT_EXTRACT;XIREC;5253.0;7
449700;;;VEV_5400;XIREC;17.0;5
449700;;;VEV_5500;XIREC;7.0;5
449700;;;VEV_6000;XIREC;0.0;5
449700;;;VEV_6500;XIREC;0.0;5
450100;;;VELVETFRUIT_EXTRACT;XIREC;5242.0;5
450300;;;VELVETFRUIT_EXTRACT;XIREC;5246.0;7
450400;;;VEV_4000;XIREC;1235.0;3
450500;;;VELVETFRUIT_EXTRACT;XIREC;5243.0;6
451200;SUBMISSION;;VEV_5200;XIREC;96.0;22
451300;SUBMISSION;;VEV_5200;XIREC;96.0;33
451400;SUBMISSION;;VEV_5200;XIREC;95.0;28
451400;SUBMISSION;;VEV_5300;XIREC;47.0;24
451400;SUBMISSION;;VEV_5500;XIREC;7.0;9
451400;SUBMISSION;;VEV_5500;XIREC;8.0;15
451500;SUBMISSION;;VEV_5200;XIREC;94.0;6
451500;SUBMISSION;;VEV_5200;XIREC;95.0;18
451500;SUBMISSION;;VEV_5300;XIREC;46.0;9
451500;SUBMISSION;;VEV_5300;XIREC;47.0;19
451500;SUBMISSION;;VEV_5500;XIREC;7.0;28
451600;SUBMISSION;;VEV_5200;XIREC;94.0;26
451600;SUBMISSION;;VEV_5300;XIREC;46.0;25
451600;SUBMISSION;;VEV_5500;XIREC;7.0;25
451700;SUBMISSION;;VEV_5200;XIREC;95.0;26
451800;SUBMISSION;;VEV_5200;XIREC;95.0;6
451800;SUBMISSION;;VEV_5200;XIREC;96.0;22
451900;SUBMISSION;;VEV_5200;XIREC;96.0;23
452000;SUBMISSION;;VEV_5200;XIREC;96.0;32
452100;SUBMISSION;;VEV_5200;XIREC;96.0;21
452200;SUBMISSION;;VEV_5200;XIREC;95.0;26
452300;SUBMISSION;;VEV_5200;XIREC;95.0;11
452300;SUBMISSION;;VEV_5300;XIREC;47.0;23
452300;SUBMISSION;;VEV_5500;XIREC;7.0;23
452400;SUBMISSION;;VEV_5300;XIREC;47.0;21
452400;SUBMISSION;;VEV_5500;XIREC;7.0;21
452500;SUBMISSION;;VEV_5300;XIREC;46.0;22
452500;SUBMISSION;;VEV_5500;XIREC;7.0;22
452500;;;VELVETFRUIT_EXTRACT;XIREC;5240.0;8
452600;SUBMISSION;;VEV_5300;XIREC;46.0;24
452600;SUBMISSION;;VEV_5500;XIREC;7.0;24
452700;SUBMISSION;;VEV_5300;XIREC;46.0;22
452700;SUBMISSION;;VEV_5500;XIREC;7.0;22
452800;SUBMISSION;;VEV_5300;XIREC;46.0;18
452800;SUBMISSION;;VEV_5500;XIREC;7.0;18
452900;SUBMISSION;;VEV_5300;XIREC;46.0;17
452900;SUBMISSION;;VEV_5500;XIREC;7.0;17
453100;;;VEV_5300;XIREC;45.0;3
453100;;;VEV_5400;XIREC;16.0;3
453100;;;VEV_5500;XIREC;6.0;3
453100;;;VEV_6000;XIREC;0.0;3
453100;;;VEV_6500;XIREC;0.0;3
453200;SUBMISSION;;VEV_5300;XIREC;46.0;24
453200;SUBMISSION;;VEV_5500;XIREC;7.0;24
453300;SUBMISSION;;VEV_5300;XIREC;46.0;9
453300;SUBMISSION;;VEV_5300;XIREC;47.0;19
453300;SUBMISSION;;VEV_5500;XIREC;7.0;28
453400;SUBMISSION;;VEV_5300;XIREC;47.0;24
453400;SUBMISSION;;VEV_5500;XIREC;7.0;9
453400;SUBMISSION;;VEV_5500;XIREC;8.0;15
453900;;;VELVETFRUIT_EXTRACT;XIREC;5237.0;10
454500;;;VELVETFRUIT_EXTRACT;XIREC;5240.0;8
454500;;;VEV_4000;XIREC;1232.0;2
455100;;;HYDROGEL_PACK;XIREC;9962.0;5
455600;;;VELVETFRUIT_EXTRACT;XIREC;5241.0;4
456500;;;VEV_4000;XIREC;1251.0;3
456600;;;VELVETFRUIT_EXTRACT;XIREC;5243.0;8
458100;;;VELVETFRUIT_EXTRACT;XIREC;5237.0;8
459200;;;VEV_4000;XIREC;1229.0;3
460000;;;HYDROGEL_PACK;XIREC;9979.0;6
460100;;;HYDROGEL_PACK;XIREC;9981.0;3
461100;SUBMISSION;;VEV_5400;XIREC;16.0;20
461200;SUBMISSION;;VEV_4000;XIREC;1240.0;15
461200;SUBMISSION;;VEV_4000;XIREC;1243.0;20
461200;SUBMISSION;;VEV_5400;XIREC;16.0;22
461300;SUBMISSION;;VELVETFRUIT_EXTRACT;XIREC;5232.0;16
461300;SUBMISSION;;VELVETFRUIT_EXTRACT;XIREC;5233.0;34
461300;SUBMISSION;;VEV_4000;XIREC;1240.0;12
461300;SUBMISSION;;VEV_4000;XIREC;1243.0;23
461300;SUBMISSION;;VEV_5400;XIREC;16.0;23
461400;SUBMISSION;;VELVETFRUIT_EXTRACT;XIREC;5232.0;50
461400;SUBMISSION;;VEV_4000;XIREC;1239.0;14
461400;SUBMISSION;;VEV_4000;XIREC;1242.0;24
461400;SUBMISSION;;VEV_4500;XIREC;737.0;9
461400;SUBMISSION;;VEV_4500;XIREC;739.0;19
461400;SUBMISSION;;VEV_5400;XIREC;15.0;19
461500;SUBMISSION;;VELVETFRUIT_EXTRACT;XIREC;5228.0;8
461500;SUBMISSION;;VELVETFRUIT_EXTRACT;XIREC;5231.0;24
461500;SUBMISSION;;VELVETFRUIT_EXTRACT;XIREC;5232.0;18
461500;SUBMISSION;;VEV_4000;XIREC;1239.0;13
461500;SUBMISSION;;VEV_4000;XIREC;1241.0;26
461500;SUBMISSION;;VEV_4500;XIREC;736.0;8
461500;SUBMISSION;;VEV_4500;XIREC;738.0;20
461500;SUBMISSION;;VEV_5400;XIREC;15.0;23
461600;SUBMISSION;;VELVETFRUIT_EXTRACT;XIREC;5232.0;50
461600;SUBMISSION;;VEV_4000;XIREC;1240.0;10
461600;SUBMISSION;;VEV_4000;XIREC;1242.0;17
461600;SUBMISSION;;VEV_4500;XIREC;737.0;9
461600;SUBMISSION;;VEV_4500;XIREC;739.0;24
461600;SUBMISSION;;VEV_5400;XIREC;15.0;6
461600;SUBMISSION;;VEV_5400;XIREC;16.0;17
461700;SUBMISSION;;VEV_4000;XIREC;1239.0;11
461700;SUBMISSION;;VEV_4000;XIREC;1241.0;28
461700;SUBMISSION;;VEV_4500;XIREC;736.0;11
461700;SUBMISSION;;VEV_4500;XIREC;738.0;17
461700;SUBMISSION;;VEV_5400;XIREC;15.0;26
461800;SUBMISSION;;VEV_4000;XIREC;1239.0;11
461800;SUBMISSION;;VEV_4000;XIREC;1241.0;18
461800;SUBMISSION;;VEV_4500;XIREC;736.0;10
461800;SUBMISSION;;VEV_4500;XIREC;738.0;14
461800;SUBMISSION;;VEV_5400;XIREC;15.0;29
461900;SUBMISSION;;VEV_4000;XIREC;1238.0;14
461900;SUBMISSION;;VEV_4000;XIREC;1241.0;16
461900;SUBMISSION;;VEV_4500;XIREC;736.0;7
461900;SUBMISSION;;VEV_4500;XIREC;738.0;21
461900;SUBMISSION;;VEV_5400;XIREC;15.0;23
462000;SUBMISSION;;VEV_4000;XIREC;1239.0;13
462000;SUBMISSION;;VEV_4000;XIREC;1242.0;15
462000;SUBMISSION;;VEV_4500;XIREC;737.0;12
462000;SUBMISSION;;VEV_4500;XIREC;738.0;21
462000;SUBMISSION;;VEV_5400;XIREC;15.0;25
462100;SUBMISSION;;VEV_4500;XIREC;736.0;9
462100;SUBMISSION;;VEV_4500;XIREC;738.0;15
462100;SUBMISSION;;VEV_5400;XIREC;15.0;24
462200;SUBMISSION;;VEV_4500;XIREC;737.0;9
462200;SUBMISSION;;VEV_4500;XIREC;738.0;15
462200;SUBMISSION;;VEV_5400;XIREC;15.0;22
462300;SUBMISSION;;VEV_4500;XIREC;737.0;10
462300;SUBMISSION;;VEV_4500;XIREC;739.0;21
462300;SUBMISSION;;VEV_5400;XIREC;15.0;21
462900;;;HYDROGEL_PACK;XIREC;9977.0;5
463000;;;HYDROGEL_PACK;XIREC;9974.0;3
463300;SUBMISSION;;VEV_4500;XIREC;737.0;9
463300;SUBMISSION;;VEV_4500;XIREC;739.0;10
463300;;;VELVETFRUIT_EXTRACT;XIREC;5227.0;8
463700;;;VELVETFRUIT_EXTRACT;XIREC;5234.0;3
466200;SUBMISSION;;VEV_5000;XIREC;238.0;12
466200;SUBMISSION;;VEV_5000;XIREC;239.0;12
467600;;;HYDROGEL_PACK;XIREC;9966.0;3
469400;SUBMISSION;;VEV_5000;XIREC;238.0;6
469400;SUBMISSION;;VEV_5000;XIREC;239.0;24
469700;;SUBMISSION;HYDROGEL_PACK;XIREC;9977.0;12
469700;;SUBMISSION;HYDROGEL_PACK;XIREC;9975.0;27
469800;;SUBMISSION;HYDROGEL_PACK;XIREC;9978.0;12
469800;;SUBMISSION;HYDROGEL_PACK;XIREC;9976.0;25
469900;;SUBMISSION;HYDROGEL_PACK;XIREC;9981.0;14
469900;;SUBMISSION;HYDROGEL_PACK;XIREC;9978.0;20
469900;;;VELVETFRUIT_EXTRACT;XIREC;5233.0;3
470000;;SUBMISSION;HYDROGEL_PACK;XIREC;9982.0;12
470000;;SUBMISSION;HYDROGEL_PACK;XIREC;9980.0;25
470100;;SUBMISSION;HYDROGEL_PACK;XIREC;9983.0;14
470100;;SUBMISSION;HYDROGEL_PACK;XIREC;9980.0;20
470200;;SUBMISSION;HYDROGEL_PACK;XIREC;9980.0;11
470200;;SUBMISSION;HYDROGEL_PACK;XIREC;9977.0;8
470500;;;VELVETFRUIT_EXTRACT;XIREC;5232.0;5
471100;;;VELVETFRUIT_EXTRACT;XIREC;5231.0;6
471700;;;HYDROGEL_PACK;XIREC;9980.0;3
472600;;;VELVETFRUIT_EXTRACT;XIREC;5233.0;7
472700;;;VELVETFRUIT_EXTRACT;XIREC;5234.0;6
473000;SUBMISSION;;HYDROGEL_PACK;XIREC;9964.0;9
473000;SUBMISSION;;HYDROGEL_PACK;XIREC;9973.0;13
473000;SUBMISSION;;HYDROGEL_PACK;XIREC;9975.0;20
473100;;;HYDROGEL_PACK;XIREC;9970.0;3
473200;SUBMISSION;;HYDROGEL_PACK;XIREC;9969.0;13
473200;SUBMISSION;;HYDROGEL_PACK;XIREC;9972.0;24
473300;SUBMISSION;;HYDROGEL_PACK;XIREC;9968.0;10
473300;SUBMISSION;;HYDROGEL_PACK;XIREC;9971.0;28
473400;SUBMISSION;;HYDROGEL_PACK;XIREC;9968.0;11
473400;SUBMISSION;;HYDROGEL_PACK;XIREC;9971.0;27
473500;SUBMISSION;;HYDROGEL_PACK;XIREC;9968.0;10
473500;SUBMISSION;;HYDROGEL_PACK;XIREC;9971.0;22
473600;SUBMISSION;;HYDROGEL_PACK;XIREC;9959.0;4
473600;SUBMISSION;;HYDROGEL_PACK;XIREC;9968.0;9
474000;;;VELVETFRUIT_EXTRACT;XIREC;5238.0;7
474600;;;VELVETFRUIT_EXTRACT;XIREC;5232.0;9
474900;;;HYDROGEL_PACK;XIREC;9964.0;5
476200;;;HYDROGEL_PACK;XIREC;9957.0;4
476800;;;VELVETFRUIT_EXTRACT;XIREC;5240.0;8
477700;;;HYDROGEL_PACK;XIREC;9958.0;5
478700;;;VELVETFRUIT_EXTRACT;XIREC;5234.0;3
479200;;;VEV_5400;XIREC;15.0;2
479200;;;VEV_5500;XIREC;6.0;2
479200;;;VEV_6000;XIREC;0.0;2
479200;;;VEV_6500;XIREC;0.0;2
479800;;SUBMISSION;VEV_5000;XIREC;245.0;23
479900;;SUBMISSION;VEV_5000;XIREC;246.0;12
479900;;SUBMISSION;VEV_5000;XIREC;245.0;19
480000;;SUBMISSION;VELVETFRUIT_EXTRACT;XIREC;5240.0;18
480000;;SUBMISSION;VELVETFRUIT_EXTRACT;XIREC;5239.0;30
480000;;SUBMISSION;VEV_4000;XIREC;1232.0;10
480000;;SUBMISSION;VEV_4000;XIREC;1229.0;24
480000;;SUBMISSION;VEV_4500;XIREC;734.0;6
480000;;SUBMISSION;VEV_4500;XIREC;732.0;15
480100;;SUBMISSION;VELVETFRUIT_EXTRACT;XIREC;5240.0;18
480100;;SUBMISSION;VELVETFRUIT_EXTRACT;XIREC;5239.0;32
480100;;SUBMISSION;VEV_4000;XIREC;1232.0;9
480100;;SUBMISSION;VEV_4000;XIREC;1229.0;19
480100;;SUBMISSION;VEV_4500;XIREC;734.0;9
480100;;SUBMISSION;VEV_4500;XIREC;733.0;17
480200;;SUBMISSION;VELVETFRUIT_EXTRACT;XIREC;5241.0;22
480200;;SUBMISSION;VELVETFRUIT_EXTRACT;XIREC;5240.0;28
480200;;SUBMISSION;VEV_4000;XIREC;1233.0;13
480200;;SUBMISSION;VEV_4000;XIREC;1230.0;23
480200;;SUBMISSION;VEV_4500;XIREC;735.0;11
480200;;SUBMISSION;VEV_4500;XIREC;734.0;12
480300;;SUBMISSION;VELVETFRUIT_EXTRACT;XIREC;5240.0;50
480300;;SUBMISSION;VEV_4000;XIREC;1232.0;10
480300;;SUBMISSION;VEV_4000;XIREC;1230.0;26
480300;;SUBMISSION;VEV_4500;XIREC;735.0;11
480300;;SUBMISSION;VEV_4500;XIREC;733.0;21
480400;;SUBMISSION;VELVETFRUIT_EXTRACT;XIREC;5241.0;2
480400;;SUBMISSION;VEV_4000;XIREC;1233.0;15
480400;;SUBMISSION;VEV_4000;XIREC;1231.0;23
480400;;SUBMISSION;VEV_4500;XIREC;736.0;6
480400;;SUBMISSION;VEV_4500;XIREC;734.0;24
480500;;SUBMISSION;VEV_4000;XIREC;1234.0;15
480500;;SUBMISSION;VEV_4000;XIREC;1231.0;20
480500;;SUBMISSION;VEV_4500;XIREC;736.0;10
480500;;SUBMISSION;VEV_4500;XIREC;735.0;12
480600;;SUBMISSION;VEV_4000;XIREC;1233.0;13
480600;;SUBMISSION;VEV_4000;XIREC;1231.0;20
480600;;SUBMISSION;VEV_4500;XIREC;736.0;8
480600;;SUBMISSION;VEV_4500;XIREC;734.0;13
480700;;SUBMISSION;VEV_4000;XIREC;1233.0;7
480700;;SUBMISSION;VEV_4000;XIREC;1231.0;17
480700;;SUBMISSION;VEV_4500;XIREC;736.0;7
480700;;SUBMISSION;VEV_4500;XIREC;734.0;15
480800;;SUBMISSION;VEV_4000;XIREC;1233.0;15
480800;;SUBMISSION;VEV_4000;XIREC;1231.0;21
480800;;SUBMISSION;VEV_4500;XIREC;736.0;12
480800;;SUBMISSION;VEV_4500;XIREC;734.0;22
480900;;SUBMISSION;VEV_4500;XIREC;737.0;11
480900;;SUBMISSION;VEV_4500;XIREC;735.0;23
481000;;SUBMISSION;VEV_4500;XIREC;736.0;12
481000;;SUBMISSION;VEV_4500;XIREC;735.0;18
481100;;SUBMISSION;VEV_4500;XIREC;737.0;5
481600;;;HYDROGEL_PACK;XIREC;9956.0;3
482700;;;VELVETFRUIT_EXTRACT;XIREC;5251.0;7
482800;;SUBMISSION;VEV_5500;XIREC;8.0;20
482900;;SUBMISSION;VEV_5500;XIREC;8.0;18
483000;;SUBMISSION;VEV_5500;XIREC;8.0;20
483100;;;VELVETFRUIT_EXTRACT;XIREC;5247.0;3
486200;;;VEV_5400;XIREC;17.0;4
486200;;;VEV_5500;XIREC;7.0;4
486200;;;VEV_6000;XIREC;0.0;4
486200;;;VEV_6500;XIREC;0.0;4
487500;;;HYDROGEL_PACK;XIREC;9959.0;4
488600;;;VELVETFRUIT_EXTRACT;XIREC;5244.0;5
489700;;;HYDROGEL_PACK;XIREC;9956.0;6
489900;;;HYDROGEL_PACK;XIREC;9955.0;6
490300;;;VEV_5300;XIREC;45.0;2
490300;;;VEV_5400;XIREC;16.0;2
490300;;;VEV_5500;XIREC;7.0;2
490300;;;VEV_6000;XIREC;0.0;2
490300;;;VEV_6500;XIREC;0.0;2
491200;SUBMISSION;;VEV_5500;XIREC;7.0;26
491300;SUBMISSION;;VEV_5500;XIREC;7.0;23
491300;;;VELVETFRUIT_EXTRACT;XIREC;5234.0;4
491300;;;VELVETFRUIT_EXTRACT;XIREC;5234.0;3
491400;SUBMISSION;;VEV_5500;XIREC;7.0;9
491600;;;VELVETFRUIT_EXTRACT;XIREC;5238.0;3
493600;;;HYDROGEL_PACK;XIREC;9982.0;2
493600;;;VELVETFRUIT_EXTRACT;XIREC;5241.0;5
494100;;;VELVETFRUIT_EXTRACT;XIREC;5244.0;6
495200;;;VELVETFRUIT_EXTRACT;XIREC;5242.0;7
496300;;;HYDROGEL_PACK;XIREC;9973.0;4
497200;;;HYDROGEL_PACK;XIREC;9971.0;5
498200;;;HYDROGEL_PACK;XIREC;9963.0;5
498300;;;VEV_4000;XIREC;1234.0;3
498800;;SUBMISSION;HYDROGEL_PACK;XIREC;9984.0;8
498800;;SUBMISSION;HYDROGEL_PACK;XIREC;9976.0;14
498800;;SUBMISSION;HYDROGEL_PACK;XIREC;9974.0;28
498900;;SUBMISSION;HYDROGEL_PACK;XIREC;9977.0;12
498900;;SUBMISSION;HYDROGEL_PACK;XIREC;9975.0;23
499000;;SUBMISSION;HYDROGEL_PACK;XIREC;9979.0;12
499000;;SUBMISSION;HYDROGEL_PACK;XIREC;9977.0;20
499100;;SUBMISSION;HYDROGEL_PACK;XIREC;9981.0;13
499100;;SUBMISSION;HYDROGEL_PACK;XIREC;9979.0;26
499200;;SUBMISSION;HYDROGEL_PACK;XIREC;9980.0;15
499200;;SUBMISSION;HYDROGEL_PACK;XIREC;9978.0;26
499300;;SUBMISSION;HYDROGEL_PACK;XIREC;9981.0;3
499300;;SUBMISSION;VEV_5500;XIREC;8.0;2
499300;;SUBMISSION;VEV_5500;XIREC;7.0;18
499400;;SUBMISSION;VEV_5500;XIREC;8.0;20
499400;;;VELVETFRUIT_EXTRACT;XIREC;5247.0;7
499600;;SUBMISSION;VEV_5500;XIREC;8.0;20
499600;;;HYDROGEL_PACK;XIREC;9979.0;6
499700;;SUBMISSION;VEV_5500;XIREC;8.0;8
499700;;SUBMISSION;VEV_5500;XIREC;7.0;12
499800;;SUBMISSION;VEV_5500;XIREC;8.0;20
499900;;SUBMISSION;VEV_5500;XIREC;8.0;20
500000;;SUBMISSION;VEV_5500;XIREC;8.0;20
501100;;;VELVETFRUIT_EXTRACT;XIREC;5246.0;6
501400;;;HYDROGEL_PACK;XIREC;9986.0;5
501600;;;HYDROGEL_PACK;XIREC;9985.0;6
502000;;;HYDROGEL_PACK;XIREC;9983.0;3
502700;;;VELVETFRUIT_EXTRACT;XIREC;5243.0;6
503200;;;VEV_4000;XIREC;1228.0;3
504400;;;VEV_4000;XIREC;1228.0;3
504900;;;VEV_4000;XIREC;1227.0;3
505100;SUBMISSION;;HYDROGEL_PACK;XIREC;9967.0;14
505100;SUBMISSION;;HYDROGEL_PACK;XIREC;9970.0;21
505100;;;VEV_4000;XIREC;1251.0;3
505200;SUBMISSION;;HYDROGEL_PACK;XIREC;9965.0;10
505200;SUBMISSION;;HYDROGEL_PACK;XIREC;9968.0;20
505300;SUBMISSION;;HYDROGEL_PACK;XIREC;9969.0;15
505300;SUBMISSION;;HYDROGEL_PACK;XIREC;9971.0;25
505600;SUBMISSION;;HYDROGEL_PACK;XIREC;9964.0;9
505600;SUBMISSION;;HYDROGEL_PACK;XIREC;9972.0;14
505600;SUBMISSION;;HYDROGEL_PACK;XIREC;9975.0;21
505700;;;VEV_5300;XIREC;45.0;4
505700;;;VEV_5400;XIREC;16.0;4
505700;;;VEV_5500;XIREC;7.0;4
505700;;;VEV_6000;XIREC;0.0;4
505700;;;VEV_6500;XIREC;0.0;4
506200;;;VEV_4000;XIREC;1233.0;1
507100;SUBMISSION;;HYDROGEL_PACK;XIREC;9969.0;11
507100;SUBMISSION;;HYDROGEL_PACK;XIREC;9972.0;29
507200;SUBMISSION;;HYDROGEL_PACK;XIREC;9966.0;11
507200;SUBMISSION;;VEV_5500;XIREC;7.0;25
507300;SUBMISSION;;VEV_5500;XIREC;7.0;24
507400;SUBMISSION;;VEV_5500;XIREC;7.0;26
507500;SUBMISSION;;VEV_5500;XIREC;7.0;21
507500;;;VELVETFRUIT_EXTRACT;XIREC;5231.0;6
507800;SUBMISSION;;VEV_5500;XIREC;7.0;23
507900;SUBMISSION;;VEV_5500;XIREC;7.0;21
508500;SUBMISSION;;VELVETFRUIT_EXTRACT;XIREC;5231.0;24
508500;SUBMISSION;;VELVETFRUIT_EXTRACT;XIREC;5232.0;26
508500;SUBMISSION;;VEV_4000;XIREC;1239.0;15
508500;SUBMISSION;;VEV_4000;XIREC;1241.0;26
508500;SUBMISSION;;VEV_4500;XIREC;736.0;12
508500;SUBMISSION;;VEV_4500;XIREC;738.0;16
508600;SUBMISSION;;VELVETFRUIT_EXTRACT;XIREC;5232.0;18
508600;SUBMISSION;;VELVETFRUIT_EXTRACT;XIREC;5233.0;32
508600;SUBMISSION;;VEV_4000;XIREC;1240.0;7
508600;SUBMISSION;;VEV_4000;XIREC;1242.0;22
508600;SUBMISSION;;VEV_4500;XIREC;737.0;6
508600;SUBMISSION;;VEV_4500;XIREC;739.0;17
508700;SUBMISSION;;VELVETFRUIT_EXTRACT;XIREC;5232.0;50
508700;SUBMISSION;;VEV_4000;XIREC;1239.0;12
508700;SUBMISSION;;VEV_4000;XIREC;1242.0;26
