timestamp;buyer;seller;symbol;currency;price;quantity
0;;SUBMISSION;VELVETFRUIT_EXTRACT;XIREC;5265.0;17
0;;SUBMISSION;VEV_4000;XIREC;1257.0;15
0;;SUBMISSION;VEV_4000;XIREC;1254.0;2
0;;SUBMISSION;VEV_4500;XIREC;759.0;7
0;;SUBMISSION;VEV_4500;XIREC;757.0;10
0;;SUBMISSION;VEV_5000;XIREC;267.0;7
0;;SUBMISSION;VEV_5000;XIREC;266.0;10
0;;SUBMISSION;VEV_5100;XIREC;177.0;7
0;;SUBMISSION;VEV_5100;XIREC;176.0;10
0;;SUBMISSION;VEV_5200;XIREC;102.0;17
0;;SUBMISSION;VEV_5300;XIREC;52.0;17
100;;SUBMISSION;VELVETFRUIT_EXTRACT;XIREC;5263.0;17
100;;SUBMISSION;VEV_4000;XIREC;1255.0;12
100;;SUBMISSION;VEV_4000;XIREC;1252.0;5
100;;SUBMISSION;VEV_4500;XIREC;757.0;10
100;;SUBMISSION;VEV_4500;XIREC;756.0;7
100;;SUBMISSION;VEV_5000;XIREC;265.0;17
100;;SUBMISSION;VEV_5300;XIREC;51.0;17
200;;SUBMISSION;VELVETFRUIT_EXTRACT;XIREC;5263.0;17
200;;SUBMISSION;VEV_4000;XIREC;1255.0;10
200;;SUBMISSION;VEV_4000;XIREC;1253.0;7
200;;SUBMISSION;VEV_4500;XIREC;758.0;8
200;;SUBMISSION;VEV_4500;XIREC;756.0;9
200;;SUBMISSION;VEV_5000;XIREC;266.0;8
200;;SUBMISSION;VEV_5000;XIREC;265.0;9
200;;SUBMISSION;VEV_5300;XIREC;51.0;17
300;;SUBMISSION;VELVETFRUIT_EXTRACT;XIREC;5264.0;17
300;;SUBMISSION;VEV_4000;XIREC;1256.0;10
300;;SUBMISSION;VEV_4000;XIREC;1253.0;7
300;;SUBMISSION;VEV_4500;XIREC;758.0;9
300;;SUBMISSION;VEV_4500;XIREC;756.0;8
300;;SUBMISSION;VEV_5000;XIREC;266.0;9
300;;SUBMISSION;VEV_5000;XIREC;265.0;8
300;;SUBMISSION;VEV_5300;XIREC;51.0;17
400;;SUBMISSION;VELVETFRUIT_EXTRACT;XIREC;5262.0;17
400;;SUBMISSION;VEV_4000;XIREC;1254.0;8
400;;SUBMISSION;VEV_4000;XIREC;1252.0;9
400;;SUBMISSION;VEV_4500;XIREC;757.0;8
400;;SUBMISSION;VEV_4500;XIREC;755.0;9
400;;SUBMISSION;VEV_5300;XIREC;51.0;17
600;;SUBMISSION;VEV_4000;XIREC;1261.0;5
600;;SUBMISSION;VEV_4000;XIREC;1251.0;9
600;;SUBMISSION;VEV_4000;XIREC;1249.0;3
600;;SUBMISSION;VEV_4500;XIREC;761.0;5
600;;SUBMISSION;VEV_4500;XIREC;754.0;9
600;;SUBMISSION;VEV_4500;XIREC;752.0;3
900;Mark 67;Mark 49;VELVETFRUIT_EXTRACT;XIREC;5262.0;8
1300;Mark 14;Mark 38;VEV_4000;XIREC;1251.0;3
1500;;SUBMISSION;VELVETFRUIT_EXTRACT;XIREC;5262.0;17
1500;;SUBMISSION;VEV_4000;XIREC;1254.0;8
1500;;SUBMISSION;VEV_4000;XIREC;1252.0;9
1500;;SUBMISSION;VEV_4500;XIREC;757.0;10
1500;;SUBMISSION;VEV_4500;XIREC;755.0;7
1500;;SUBMISSION;VEV_5300;XIREC;51.0;17
1600;;SUBMISSION;VELVETFRUIT_EXTRACT;XIREC;5262.0;17
1600;;SUBMISSION;VEV_4000;XIREC;1254.0;13
1600;;SUBMISSION;VEV_4000;XIREC;1252.0;4
1600;;SUBMISSION;VEV_4500;XIREC;757.0;7
1600;;SUBMISSION;VEV_4500;XIREC;755.0;10
1600;;SUBMISSION;VEV_5300;XIREC;51.0;17
1700;;SUBMISSION;VELVETFRUIT_EXTRACT;XIREC;5263.0;17
1700;;SUBMISSION;VEV_4000;XIREC;1255.0;14
1700;;SUBMISSION;VEV_4000;XIREC;1253.0;3
1700;;SUBMISSION;VEV_4500;XIREC;758.0;6
1700;;SUBMISSION;VEV_4500;XIREC;756.0;11
1700;;SUBMISSION;VEV_5000;XIREC;266.0;6
1700;;SUBMISSION;VEV_5000;XIREC;265.0;11
1700;;SUBMISSION;VEV_5300;XIREC;51.0;17
1800;;SUBMISSION;VELVETFRUIT_EXTRACT;XIREC;5263.0;17
1800;;SUBMISSION;VEV_4000;XIREC;1255.0;13
1800;;SUBMISSION;VEV_4000;XIREC;1253.0;4
1800;;SUBMISSION;VEV_4500;XIREC;758.0;6
1800;;SUBMISSION;VEV_4500;XIREC;756.0;11
1800;;SUBMISSION;VEV_5000;XIREC;265.0;17
1800;;SUBMISSION;VEV_5300;XIREC;51.0;17
1900;;SUBMISSION;VELVETFRUIT_EXTRACT;XIREC;5264.0;17
1900;;SUBMISSION;VEV_4000;XIREC;1256.0;15
1900;;SUBMISSION;VEV_4000;XIREC;1253.0;2
1900;;SUBMISSION;VEV_4500;XIREC;758.0;11
1900;;SUBMISSION;VEV_4500;XIREC;756.0;6
1900;;SUBMISSION;VEV_5000;XIREC;266.0;11
1900;;SUBMISSION;VEV_5000;XIREC;265.0;6
1900;;SUBMISSION;VEV_5300;XIREC;51.0;16
2000;;SUBMISSION;VELVETFRUIT_EXTRACT;XIREC;5266.0;17
2000;;SUBMISSION;VEV_4000;XIREC;1258.0;10
2000;;SUBMISSION;VEV_4000;XIREC;1255.0;7
2000;;SUBMISSION;VEV_4500;XIREC;760.0;9
2000;;SUBMISSION;VEV_4500;XIREC;758.0;8
2000;;SUBMISSION;VEV_5000;XIREC;268.0;9
2000;;SUBMISSION;VEV_5000;XIREC;267.0;8
2000;;SUBMISSION;VEV_5100;XIREC;177.0;17
2000;;SUBMISSION;VEV_5200;XIREC;103.0;17
2000;;SUBMISSION;VEV_5300;XIREC;52.0;17
2100;;SUBMISSION;VELVETFRUIT_EXTRACT;XIREC;5267.0;13
2100;;SUBMISSION;VEV_4000;XIREC;1259.0;8
2100;;SUBMISSION;VEV_4000;XIREC;1256.0;9
2100;;SUBMISSION;VEV_4500;XIREC;761.0;9
2100;;SUBMISSION;VEV_4500;XIREC;759.0;8
2100;;SUBMISSION;VEV_5000;XIREC;269.0;9
2100;;SUBMISSION;VEV_5000;XIREC;268.0;8
2100;;SUBMISSION;VEV_5100;XIREC;178.0;17
2100;;SUBMISSION;VEV_5200;XIREC;104.0;17
2100;;SUBMISSION;VEV_5300;XIREC;53.0;17
2200;;SUBMISSION;VEV_4000;XIREC;1258.0;14
2200;;SUBMISSION;VEV_4000;XIREC;1255.0;3
2200;;SUBMISSION;VEV_4500;XIREC;760.0;6
2200;;SUBMISSION;VEV_4500;XIREC;758.0;11
2200;;SUBMISSION;VEV_5000;XIREC;268.0;6
2200;;SUBMISSION;VEV_5000;XIREC;267.0;11
2200;;SUBMISSION;VEV_5100;XIREC;177.0;17
2200;;SUBMISSION;VEV_5200;XIREC;103.0;17
2200;;SUBMISSION;VEV_5300;XIREC;52.0;17
2300;;SUBMISSION;VEV_4000;XIREC;1258.0;13
2300;;SUBMISSION;VEV_4000;XIREC;1256.0;4
2300;;SUBMISSION;VEV_4500;XIREC;761.0;10
2300;;SUBMISSION;VEV_4500;XIREC;759.0;7
2300;;SUBMISSION;VEV_5000;XIREC;269.0;10
2300;;SUBMISSION;VEV_5000;XIREC;268.0;7
2300;;SUBMISSION;VEV_5100;XIREC;178.0;17
2300;;SUBMISSION;VEV_5200;XIREC;104.0;17
2300;;SUBMISSION;VEV_5300;XIREC;53.0;9
2300;;SUBMISSION;VEV_5300;XIREC;52.0;8
2400;;SUBMISSION;VEV_4000;XIREC;1260.0;13
2400;;SUBMISSION;VEV_4000;XIREC;1257.0;4
2400;;SUBMISSION;VEV_4500;XIREC;762.0;7
2400;;SUBMISSION;VEV_4500;XIREC;760.0;10
2400;;SUBMISSION;VEV_5000;XIREC;270.0;7
2400;;SUBMISSION;VEV_5000;XIREC;269.0;10
2400;;SUBMISSION;VEV_5100;XIREC;179.0;17
2400;;SUBMISSION;VEV_5200;XIREC;105.0;7
2400;;SUBMISSION;VEV_5200;XIREC;104.0;10
2400;;SUBMISSION;VEV_5300;XIREC;53.0;17
2500;;SUBMISSION;VEV_4000;XIREC;1262.0;9
2500;;SUBMISSION;VEV_4000;XIREC;1259.0;8
2500;;SUBMISSION;VEV_4500;XIREC;764.0;10
2500;;SUBMISSION;VEV_4500;XIREC;762.0;7
2500;;SUBMISSION;VEV_5000;XIREC;272.0;10
2500;;SUBMISSION;VEV_5000;XIREC;271.0;7
2500;;SUBMISSION;VEV_5100;XIREC;181.0;10
2500;;SUBMISSION;VEV_5100;XIREC;180.0;7
2500;;SUBMISSION;VEV_5200;XIREC;106.0;17
2500;;SUBMISSION;VEV_5300;XIREC;54.0;17
2600;;SUBMISSION;VEV_4000;XIREC;1262.0;11
2600;;SUBMISSION;VEV_4500;XIREC;764.0;9
2600;;SUBMISSION;VEV_4500;XIREC;762.0;2
2600;;SUBMISSION;VEV_5000;XIREC;272.0;9
2600;;SUBMISSION;VEV_5000;XIREC;271.0;8
2600;;SUBMISSION;VEV_5100;XIREC;181.0;17
2600;;SUBMISSION;VEV_5200;XIREC;106.0;17
2600;;SUBMISSION;VEV_5300;XIREC;54.0;16
2700;;SUBMISSION;VEV_5000;XIREC;271.0;17
2700;;SUBMISSION;VEV_5100;XIREC;181.0;8
2700;;SUBMISSION;VEV_5100;XIREC;180.0;9
2700;;SUBMISSION;VEV_5200;XIREC;106.0;17
2700;;SUBMISSION;VEV_5300;XIREC;54.0;13
2700;Mark 01;Mark 55;VELVETFRUIT_EXTRACT;XIREC;5269.0;8
2800;;SUBMISSION;VEV_5000;XIREC;271.0;8
2800;;SUBMISSION;VEV_5000;XIREC;270.0;9
2800;;SUBMISSION;VEV_5100;XIREC;180.0;17
2800;;SUBMISSION;VEV_5200;XIREC;106.0;8
2800;;SUBMISSION;VEV_5200;XIREC;105.0;9
2900;;SUBMISSION;VEV_5000;XIREC;269.0;7
2900;;SUBMISSION;VEV_5000;XIREC;268.0;10
2900;;SUBMISSION;VEV_5100;XIREC;178.0;17
2900;;SUBMISSION;VEV_5200;XIREC;104.0;17
2900;Mark 55;Mark 14;VELVETFRUIT_EXTRACT;XIREC;5272.0;8
3000;;SUBMISSION;HYDROGEL_PACK;XIREC;10019.0;13
3000;;SUBMISSION;HYDROGEL_PACK;XIREC;10017.0;4
3000;;SUBMISSION;VEV_5000;XIREC;270.0;9
3000;;SUBMISSION;VEV_5000;XIREC;269.0;2
3000;;SUBMISSION;VEV_5100;XIREC;179.0;17
3000;;SUBMISSION;VEV_5200;XIREC;105.0;17
3100;;SUBMISSION;HYDROGEL_PACK;XIREC;10019.0;10
3100;;SUBMISSION;HYDROGEL_PACK;XIREC;10017.0;7
3100;;SUBMISSION;VEV_5100;XIREC;181.0;11
3100;;SUBMISSION;VEV_5100;XIREC;180.0;6
3100;;SUBMISSION;VEV_5200;XIREC;106.0;17
3200;;SUBMISSION;HYDROGEL_PACK;XIREC;10022.0;12
3200;;SUBMISSION;HYDROGEL_PACK;XIREC;10019.0;5
3200;;SUBMISSION;VEV_5100;XIREC;181.0;17
3200;;SUBMISSION;VEV_5200;XIREC;106.0;17
3300;;SUBMISSION;HYDROGEL_PACK;XIREC;10021.0;12
3300;;SUBMISSION;HYDROGEL_PACK;XIREC;10018.0;5
3300;;SUBMISSION;VEV_5100;XIREC;182.0;17
3300;;SUBMISSION;VEV_5200;XIREC;107.0;17
3400;;SUBMISSION;HYDROGEL_PACK;XIREC;10023.0;11
3400;;SUBMISSION;HYDROGEL_PACK;XIREC;10021.0;6
3400;;SUBMISSION;VEV_5100;XIREC;183.0;10
3400;;SUBMISSION;VEV_5100;XIREC;182.0;7
3400;;SUBMISSION;VEV_5200;XIREC;108.0;10
3400;;SUBMISSION;VEV_5200;XIREC;107.0;7
3500;;SUBMISSION;HYDROGEL_PACK;XIREC;10021.0;10
3500;;SUBMISSION;HYDROGEL_PACK;XIREC;10018.0;7
3500;;SUBMISSION;VEV_5100;XIREC;182.0;12
3500;;SUBMISSION;VEV_5100;XIREC;181.0;5
3500;;SUBMISSION;VEV_5200;XIREC;107.0;17
3600;;SUBMISSION;HYDROGEL_PACK;XIREC;10022.0;10
3600;;SUBMISSION;HYDROGEL_PACK;XIREC;10020.0;7
3600;;SUBMISSION;VEV_5100;XIREC;182.0;11
3600;;SUBMISSION;VEV_5200;XIREC;107.0;11
3700;;SUBMISSION;HYDROGEL_PACK;XIREC;10021.0;15
3700;;SUBMISSION;HYDROGEL_PACK;XIREC;10019.0;2
3800;;SUBMISSION;HYDROGEL_PACK;XIREC;10020.0;13
3800;;SUBMISSION;HYDROGEL_PACK;XIREC;10017.0;4
4100;;SUBMISSION;HYDROGEL_PACK;XIREC;10020.0;14
4100;;SUBMISSION;HYDROGEL_PACK;XIREC;10017.0;3
4200;;SUBMISSION;HYDROGEL_PACK;XIREC;10022.0;10
4200;;SUBMISSION;HYDROGEL_PACK;XIREC;10020.0;7
4300;;SUBMISSION;HYDROGEL_PACK;XIREC;10019.0;12
4300;;SUBMISSION;HYDROGEL_PACK;XIREC;10016.0;1
4800;Mark 55;Mark 14;VELVETFRUIT_EXTRACT;XIREC;5273.0;3
5500;;SUBMISSION;VEV_5400;XIREC;18.0;17
5600;;SUBMISSION;VEV_5400;XIREC;18.0;17
5700;;SUBMISSION;VEV_5400;XIREC;18.0;17
5700;Mark 01;Mark 55;VELVETFRUIT_EXTRACT;XIREC;5273.0;5
5900;;SUBMISSION;VEV_5400;XIREC;18.0;17
6000;;SUBMISSION;VEV_5400;XIREC;18.0;17
6100;;SUBMISSION;VEV_5400;XIREC;18.0;17
6200;;SUBMISSION;VEV_5400;XIREC;18.0;17
9000;Mark 38;Mark 14;VEV_4000;XIREC;1278.0;1
9900;Mark 22;Mark 55;VELVETFRUIT_EXTRACT;XIREC;5261.0;5
10200;Mark 14;Mark 38;HYDROGEL_PACK;XIREC;10017.0;6
10700;Mark 55;Mark 14;VELVETFRUIT_EXTRACT;XIREC;5265.0;4
11200;Mark 38;Mark 14;HYDROGEL_PACK;XIREC;10030.0;4
12100;Mark 67;Mark 22;VELVETFRUIT_EXTRACT;XIREC;5268.0;5
12600;Mark 01;Mark 55;VELVETFRUIT_EXTRACT;XIREC;5264.0;3
13100;Mark 01;Mark 22;VEV_5400;XIREC;16.0;3
13100;Mark 01;Mark 22;VEV_5500;XIREC;6.0;3
13100;Mark 01;Mark 22;VEV_6000;XIREC;0.0;3
13100;Mark 01;Mark 22;VEV_6500;XIREC;0.0;3
13900;Mark 55;Mark 14;VELVETFRUIT_EXTRACT;XIREC;5269.0;4
15700;Mark 38;Mark 14;HYDROGEL_PACK;XIREC;10035.0;2
16300;Mark 55;Mark 01;VELVETFRUIT_EXTRACT;XIREC;5275.0;5
17200;;SUBMISSION;VEV_5400;XIREC;18.0;17
17300;;SUBMISSION;VEV_5400;XIREC;18.0;17
17400;;SUBMISSION;VEV_5400;XIREC;18.0;17
17400;Mark 14;Mark 55;VELVETFRUIT_EXTRACT;XIREC;5274.0;3
17500;;SUBMISSION;VEV_5400;XIREC;18.0;17
17600;;SUBMISSION;VEV_5400;XIREC;18.0;17
18000;;SUBMISSION;VEV_5400;XIREC;18.0;16
18100;;SUBMISSION;VEV_5400;XIREC;18.0;17
18200;;SUBMISSION;VEV_5400;XIREC;18.0;17
18300;;SUBMISSION;VEV_5400;XIREC;18.0;17
19100;Mark 38;Mark 14;HYDROGEL_PACK;XIREC;10020.0;6
20900;Mark 01;Mark 22;VEV_5300;XIREC;53.0;5
20900;Mark 01;Mark 22;VEV_5400;XIREC;17.0;5
20900;Mark 01;Mark 22;VEV_5500;XIREC;7.0;5
20900;Mark 01;Mark 22;VEV_6000;XIREC;0.0;5
20900;Mark 01;Mark 22;VEV_6500;XIREC;0.0;5
23100;Mark 01;Mark 55;VELVETFRUIT_EXTRACT;XIREC;5264.0;4
23500;Mark 01;Mark 22;VEV_5400;XIREC;16.0;2
23500;Mark 01;Mark 22;VEV_5500;XIREC;6.0;2
23500;Mark 01;Mark 22;VEV_6000;XIREC;0.0;2
23500;Mark 01;Mark 22;VEV_6500;XIREC;0.0;2
25500;Mark 14;Mark 55;VELVETFRUIT_EXTRACT;XIREC;5264.0;6
26500;Mark 55;Mark 14;VELVETFRUIT_EXTRACT;XIREC;5269.0;6
29200;Mark 14;Mark 38;HYDROGEL_PACK;XIREC;9993.0;4
29500;Mark 01;Mark 22;VEV_5400;XIREC;16.0;2
29500;Mark 01;Mark 22;VEV_5500;XIREC;6.0;2
29500;Mark 01;Mark 22;VEV_6000;XIREC;0.0;2
29500;Mark 01;Mark 22;VEV_6500;XIREC;0.0;2
32500;Mark 55;Mark 22;VELVETFRUIT_EXTRACT;XIREC;5266.0;4
33300;Mark 55;Mark 01;VELVETFRUIT_EXTRACT;XIREC;5271.0;7
34100;Mark 38;Mark 14;VEV_4000;XIREC;1282.0;1
35700;Mark 55;Mark 14;VELVETFRUIT_EXTRACT;XIREC;5270.0;3
35800;Mark 14;Mark 55;VELVETFRUIT_EXTRACT;XIREC;5264.0;7
36100;Mark 55;Mark 01;VELVETFRUIT_EXTRACT;XIREC;5271.0;4
38400;Mark 14;Mark 55;VELVETFRUIT_EXTRACT;XIREC;5265.0;8
39500;Mark 14;Mark 38;VEV_4000;XIREC;1254.0;2
41100;Mark 38;Mark 14;HYDROGEL_PACK;XIREC;9998.0;6
41700;Mark 55;Mark 01;VELVETFRUIT_EXTRACT;XIREC;5254.0;5
41900;Mark 01;Mark 22;VEV_5400;XIREC;13.0;2
41900;Mark 01;Mark 22;VEV_5500;XIREC;5.0;2
41900;Mark 01;Mark 22;VEV_6000;XIREC;0.0;2
41900;Mark 01;Mark 22;VEV_6500;XIREC;0.0;2
42000;Mark 14;Mark 55;VELVETFRUIT_EXTRACT;XIREC;5247.0;8
42900;Mark 01;Mark 22;VEV_5400;XIREC;14.0;4
42900;Mark 01;Mark 22;VEV_5500;XIREC;5.0;4
42900;Mark 01;Mark 22;VEV_6000;XIREC;0.0;4
42900;Mark 01;Mark 22;VEV_6500;XIREC;0.0;4
43000;Mark 01;Mark 55;VELVETFRUIT_EXTRACT;XIREC;5250.0;8
44000;Mark 14;Mark 38;HYDROGEL_PACK;XIREC;9978.0;4
44700;Mark 14;Mark 55;VELVETFRUIT_EXTRACT;XIREC;5255.0;8
44900;Mark 67;Mark 49;VELVETFRUIT_EXTRACT;XIREC;5257.0;14
45100;Mark 38;Mark 14;HYDROGEL_PACK;XIREC;9991.0;3
45100;Mark 14;Mark 22;VEV_5400;XIREC;15.0;5
45100;Mark 01;Mark 22;VEV_5500;XIREC;5.0;5
45100;Mark 01;Mark 22;VEV_6000;XIREC;0.0;5
45100;Mark 01;Mark 22;VEV_6500;XIREC;0.0;5
46800;Mark 14;Mark 55;VELVETFRUIT_EXTRACT;XIREC;5256.0;8
48100;Mark 55;Mark 01;VELVETFRUIT_EXTRACT;XIREC;5261.0;7
48400;Mark 67;Mark 22;VELVETFRUIT_EXTRACT;XIREC;5258.0;5
48900;SUBMISSION;;HYDROGEL_PACK;XIREC;9968.0;11
48900;SUBMISSION;;HYDROGEL_PACK;XIREC;9970.0;6
49000;SUBMISSION;;HYDROGEL_PACK;XIREC;9965.0;13
49000;SUBMISSION;;HYDROGEL_PACK;XIREC;9968.0;4
49100;SUBMISSION;;HYDROGEL_PACK;XIREC;9966.0;13
49100;SUBMISSION;;HYDROGEL_PACK;XIREC;9969.0;4
49200;SUBMISSION;;HYDROGEL_PACK;XIREC;9967.0;15
49200;SUBMISSION;;HYDROGEL_PACK;XIREC;9969.0;2
49300;SUBMISSION;;HYDROGEL_PACK;XIREC;9967.0;12
49300;SUBMISSION;;HYDROGEL_PACK;XIREC;9970.0;5
49400;Mark 22;Mark 38;HYDROGEL_PACK;XIREC;9958.0;4
49500;SUBMISSION;;HYDROGEL_PACK;XIREC;9964.0;10
49500;SUBMISSION;;HYDROGEL_PACK;XIREC;9967.0;7
49600;SUBMISSION;;HYDROGEL_PACK;XIREC;9966.0;10
49600;SUBMISSION;;HYDROGEL_PACK;XIREC;9968.0;7
49700;SUBMISSION;;HYDROGEL_PACK;XIREC;9963.0;14
49700;SUBMISSION;;HYDROGEL_PACK;XIREC;9966.0;3
49800;SUBMISSION;;HYDROGEL_PACK;XIREC;9960.0;12
49800;SUBMISSION;;HYDROGEL_PACK;XIREC;9963.0;5
49800;Mark 38;Mark 14;HYDROGEL_PACK;XIREC;9960.0;3
49900;SUBMISSION;;HYDROGEL_PACK;XIREC;9963.0;10
49900;SUBMISSION;;HYDROGEL_PACK;XIREC;9965.0;7
50000;SUBMISSION;;HYDROGEL_PACK;XIREC;9960.0;15
50000;SUBMISSION;;HYDROGEL_PACK;XIREC;9963.0;2
50100;SUBMISSION;;HYDROGEL_PACK;XIREC;9963.0;10
50100;SUBMISSION;;HYDROGEL_PACK;XIREC;9965.0;7
50200;SUBMISSION;;HYDROGEL_PACK;XIREC;9963.0;10
50200;SUBMISSION;;HYDROGEL_PACK;XIREC;9965.0;7
50200;Mark 14;Mark 38;VEV_4000;XIREC;1249.0;3
50300;SUBMISSION;;HYDROGEL_PACK;XIREC;9961.0;15
50300;SUBMISSION;;HYDROGEL_PACK;XIREC;9963.0;2
50400;SUBMISSION;;HYDROGEL_PACK;XIREC;9961.0;13
50400;SUBMISSION;;HYDROGEL_PACK;XIREC;9963.0;4
50500;SUBMISSION;;HYDROGEL_PACK;XIREC;9961.0;10
50500;SUBMISSION;;HYDROGEL_PACK;XIREC;9963.0;7
50600;SUBMISSION;;HYDROGEL_PACK;XIREC;9960.0;14
50600;SUBMISSION;;HYDROGEL_PACK;XIREC;9963.0;3
50700;SUBMISSION;;HYDROGEL_PACK;XIREC;9960.0;11
50700;SUBMISSION;;HYDROGEL_PACK;XIREC;9962.0;6
50800;SUBMISSION;;HYDROGEL_PACK;XIREC;9958.0;15
50800;SUBMISSION;;HYDROGEL_PACK;XIREC;9961.0;2
50900;SUBMISSION;;HYDROGEL_PACK;XIREC;9954.0;14
50900;SUBMISSION;;HYDROGEL_PACK;XIREC;9957.0;3
51000;SUBMISSION;;HYDROGEL_PACK;XIREC;9952.0;11
51000;SUBMISSION;;HYDROGEL_PACK;XIREC;9955.0;6
51100;SUBMISSION;;HYDROGEL_PACK;XIREC;9954.0;11
51100;SUBMISSION;;HYDROGEL_PACK;XIREC;9957.0;6
51200;SUBMISSION;;HYDROGEL_PACK;XIREC;9954.0;12
51200;SUBMISSION;;HYDROGEL_PACK;XIREC;9957.0;5
51300;SUBMISSION;;HYDROGEL_PACK;XIREC;9951.0;9
52600;Mark 55;Mark 01;VELVETFRUIT_EXTRACT;XIREC;5263.0;8
52900;Mark 01;Mark 22;VEV_5500;XIREC;6.0;5
52900;Mark 01;Mark 22;VEV_6000;XIREC;0.0;5
52900;Mark 01;Mark 22;VEV_6500;XIREC;0.0;5
53200;Mark 55;Mark 01;VELVETFRUIT_EXTRACT;XIREC;5264.0;5
53600;Mark 01;Mark 55;VELVETFRUIT_EXTRACT;XIREC;5257.0;5
58300;Mark 38;Mark 14;HYDROGEL_PACK;XIREC;9963.0;6
59200;Mark 55;Mark 01;VELVETFRUIT_EXTRACT;XIREC;5244.0;8
60700;Mark 38;Mark 14;HYDROGEL_PACK;XIREC;9973.0;5
63800;Mark 38;Mark 14;VEV_4000;XIREC;1262.0;3
64300;Mark 01;Mark 55;VELVETFRUIT_EXTRACT;XIREC;5249.0;3
67600;Mark 55;Mark 01;VELVETFRUIT_EXTRACT;XIREC;5262.0;4
70000;Mark 01;Mark 55;VELVETFRUIT_EXTRACT;XIREC;5255.0;6
70400;Mark 55;Mark 14;VELVETFRUIT_EXTRACT;XIREC;5260.0;5
70900;Mark 38;Mark 14;HYDROGEL_PACK;XIREC;9994.0;2
71500;Mark 22;Mark 55;VELVETFRUIT_EXTRACT;XIREC;5251.0;4
71800;Mark 14;Mark 38;HYDROGEL_PACK;XIREC;9975.0;5
72700;Mark 38;Mark 14;HYDROGEL_PACK;XIREC;9988.0;3
73100;Mark 01;Mark 55;VELVETFRUIT_EXTRACT;XIREC;5256.0;7
73200;Mark 01;Mark 55;VELVETFRUIT_EXTRACT;XIREC;5254.0;5
75200;Mark 01;Mark 22;VEV_5300;XIREC;46.0;4
75200;Mark 01;Mark 22;VEV_5400;XIREC;14.0;4
75200;Mark 01;Mark 22;VEV_5500;XIREC;5.0;4
75200;Mark 01;Mark 22;VEV_6000;XIREC;0.0;4
75200;Mark 01;Mark 22;VEV_6500;XIREC;0.0;4
76700;Mark 55;Mark 01;VELVETFRUIT_EXTRACT;XIREC;5258.0;4
78700;Mark 14;Mark 38;HYDROGEL_PACK;XIREC;9939.0;3
79300;Mark 14;Mark 22;VEV_5300;XIREC;47.0;5
79300;Mark 01;Mark 22;VEV_5400;XIREC;14.0;5
79300;Mark 01;Mark 22;VEV_5500;XIREC;5.0;5
79300;Mark 01;Mark 22;VEV_6000;XIREC;0.0;5
79300;Mark 01;Mark 22;VEV_6500;XIREC;0.0;5
80800;Mark 38;Mark 14;VEV_4000;XIREC;1274.0;1
82100;Mark 55;Mark 22;VELVETFRUIT_EXTRACT;XIREC;5270.0;5
83000;Mark 55;Mark 01;VELVETFRUIT_EXTRACT;XIREC;5271.0;6
84100;Mark 55;Mark 01;VELVETFRUIT_EXTRACT;XIREC;5272.0;8
84400;Mark 55;Mark 14;VELVETFRUIT_EXTRACT;XIREC;5273.0;5
84800;Mark 55;Mark 14;VELVETFRUIT_EXTRACT;XIREC;5276.0;5
85500;Mark 38;Mark 14;HYDROGEL_PACK;XIREC;9954.0;2
85500;Mark 55;Mark 01;VELVETFRUIT_EXTRACT;XIREC;5273.0;8
90100;Mark 38;Mark 14;HYDROGEL_PACK;XIREC;9931.0;3
91700;Mark 38;Mark 14;HYDROGEL_PACK;XIREC;9929.0;2
91700;Mark 14;Mark 55;VELVETFRUIT_EXTRACT;XIREC;5264.0;8
92600;Mark 55;Mark 01;VELVETFRUIT_EXTRACT;XIREC;5271.0;4
95100;Mark 01;Mark 55;VELVETFRUIT_EXTRACT;XIREC;5262.0;8
97200;Mark 55;Mark 14;VELVETFRUIT_EXTRACT;XIREC;5265.0;7
97400;Mark 01;Mark 55;VELVETFRUIT_EXTRACT;XIREC;5258.0;5
97600;Mark 14;Mark 38;HYDROGEL_PACK;XIREC;9937.0;2
98600;Mark 14;Mark 38;VEV_4000;XIREC;1255.0;1
101800;Mark 38;Mark 14;HYDROGEL_PACK;XIREC;9984.0;3
102400;Mark 38;Mark 14;HYDROGEL_PACK;XIREC;9984.0;3
102600;Mark 14;Mark 22;VEV_5400;XIREC;16.0;2
102600;Mark 01;Mark 22;VEV_5500;XIREC;6.0;2
102600;Mark 01;Mark 22;VEV_6000;XIREC;0.0;2
102600;Mark 01;Mark 22;VEV_6500;XIREC;0.0;2
103300;Mark 14;Mark 38;VEV_4000;XIREC;1254.0;1
103500;Mark 01;Mark 55;VELVETFRUIT_EXTRACT;XIREC;5263.0;8
103700;Mark 14;Mark 38;VEV_4000;XIREC;1254.0;3
104500;Mark 38;Mark 14;HYDROGEL_PACK;XIREC;9984.0;2
105500;Mark 01;Mark 22;VEV_5300;XIREC;47.0;5
105500;Mark 01;Mark 22;VEV_5500;XIREC;5.0;5
105500;Mark 01;Mark 22;VEV_6000;XIREC;0.0;5
105500;Mark 01;Mark 22;VEV_6500;XIREC;0.0;5
106300;Mark 55;Mark 14;VELVETFRUIT_EXTRACT;XIREC;5262.0;7
108800;Mark 55;Mark 14;VELVETFRUIT_EXTRACT;XIREC;5263.0;3
109100;Mark 14;Mark 38;VEV_4000;XIREC;1254.0;1
109400;Mark 55;Mark 01;VELVETFRUIT_EXTRACT;XIREC;5266.0;6
109600;Mark 38;Mark 14;HYDROGEL_PACK;XIREC;9990.0;6
109800;Mark 55;Mark 14;VELVETFRUIT_EXTRACT;XIREC;5267.0;3
110500;Mark 55;Mark 14;VELVETFRUIT_EXTRACT;XIREC;5262.0;8
111300;Mark 55;Mark 01;VELVETFRUIT_EXTRACT;XIREC;5263.0;7
111900;Mark 14;Mark 38;VEV_4000;XIREC;1252.0;2
112600;Mark 67;Mark 49;VELVETFRUIT_EXTRACT;XIREC;5257.0;10
114500;Mark 38;Mark 14;HYDROGEL_PACK;XIREC;9994.0;5
114700;Mark 38;Mark 14;VEV_4000;XIREC;1269.0;2
116800;Mark 38;Mark 14;VEV_4000;XIREC;1268.0;2
118100;Mark 55;Mark 01;VELVETFRUIT_EXTRACT;XIREC;5260.0;3
122900;Mark 01;Mark 55;VELVETFRUIT_EXTRACT;XIREC;5258.0;8
124900;Mark 38;Mark 14;HYDROGEL_PACK;XIREC;10022.0;3
126800;Mark 38;Mark 22;HYDROGEL_PACK;XIREC;10015.0;2
129300;Mark 22;Mark 49;VELVETFRUIT_EXTRACT;XIREC;5255.0;8
129300;Mark 67;Mark 49;VELVETFRUIT_EXTRACT;XIREC;5255.0;5
129400;Mark 38;Mark 14;HYDROGEL_PACK;XIREC;10009.0;4
129600;Mark 14;Mark 55;VELVETFRUIT_EXTRACT;XIREC;5255.0;6
129700;Mark 01;Mark 22;VEV_5300;XIREC;46.0;4
129700;Mark 01;Mark 22;VEV_5400;XIREC;14.0;4
129700;Mark 01;Mark 22;VEV_5500;XIREC;5.0;4
129700;Mark 01;Mark 22;VEV_6000;XIREC;0.0;4
129700;Mark 01;Mark 22;VEV_6500;XIREC;0.0;4
130100;Mark 55;Mark 14;VELVETFRUIT_EXTRACT;XIREC;5256.0;5
130300;Mark 14;Mark 55;VELVETFRUIT_EXTRACT;XIREC;5252.0;6
133000;Mark 55;Mark 01;VELVETFRUIT_EXTRACT;XIREC;5260.0;7
134300;Mark 67;Mark 49;VELVETFRUIT_EXTRACT;XIREC;5255.0;9
135500;Mark 55;Mark 01;VELVETFRUIT_EXTRACT;XIREC;5259.0;7
137000;Mark 14;Mark 38;HYDROGEL_PACK;XIREC;10007.0;3
138700;Mark 55;Mark 01;VELVETFRUIT_EXTRACT;XIREC;5262.0;3
140500;Mark 55;Mark 22;VELVETFRUIT_EXTRACT;XIREC;5257.0;6
140900;Mark 14;Mark 38;VEV_4000;XIREC;1246.0;1
141500;;SUBMISSION;HYDROGEL_PACK;XIREC;10020.0;12
141500;;SUBMISSION;HYDROGEL_PACK;XIREC;10017.0;5
141600;;SUBMISSION;HYDROGEL_PACK;XIREC;10020.0;13
141600;;SUBMISSION;HYDROGEL_PACK;XIREC;10017.0;4
141700;;SUBMISSION;HYDROGEL_PACK;XIREC;10021.0;15
141700;;SUBMISSION;HYDROGEL_PACK;XIREC;10018.0;2
142300;Mark 55;Mark 14;VELVETFRUIT_EXTRACT;XIREC;5259.0;6
143100;Mark 55;Mark 01;VELVETFRUIT_EXTRACT;XIREC;5261.0;7
143800;Mark 14;Mark 38;HYDROGEL_PACK;XIREC;9996.0;5
144300;Mark 55;Mark 01;VELVETFRUIT_EXTRACT;XIREC;5266.0;6
144400;Mark 14;Mark 38;VEV_4000;XIREC;1253.0;1
145100;Mark 38;Mark 14;HYDROGEL_PACK;XIREC;10012.0;5
145400;Mark 14;Mark 38;HYDROGEL_PACK;XIREC;9995.0;2
145800;Mark 14;Mark 38;VEV_4000;XIREC;1257.0;1
147200;Mark 01;Mark 55;VELVETFRUIT_EXTRACT;XIREC;5259.0;8
149900;Mark 14;Mark 38;HYDROGEL_PACK;XIREC;10007.0;3
150400;Mark 38;Mark 14;VEV_4000;XIREC;1278.0;1
150600;Mark 38;Mark 14;HYDROGEL_PACK;XIREC;10028.0;4
151400;Mark 14;Mark 38;HYDROGEL_PACK;XIREC;10014.0;3
151600;Mark 14;Mark 38;HYDROGEL_PACK;XIREC;10014.0;6
153100;Mark 38;Mark 14;VEV_4000;XIREC;1284.0;3
153200;Mark 14;Mark 38;HYDROGEL_PACK;XIREC;10008.0;5
154300;Mark 55;Mark 01;VELVETFRUIT_EXTRACT;XIREC;5275.0;6
155100;Mark 55;Mark 01;VELVETFRUIT_EXTRACT;XIREC;5277.0;8
155300;Mark 55;Mark 14;VELVETFRUIT_EXTRACT;XIREC;5277.0;3
155700;Mark 55;Mark 14;VELVETFRUIT_EXTRACT;XIREC;5277.0;4
155800;Mark 14;Mark 55;VELVETFRUIT_EXTRACT;XIREC;5274.0;7
155900;Mark 38;Mark 14;VEV_4000;XIREC;1285.0;2
156200;Mark 67;Mark 49;VELVETFRUIT_EXTRACT;XIREC;5275.0;14
157000;Mark 38;Mark 14;HYDROGEL_PACK;XIREC;10024.0;4
157400;Mark 67;Mark 49;VELVETFRUIT_EXTRACT;XIREC;5272.0;13
160000;;SUBMISSION;HYDROGEL_PACK;XIREC;10019.0;10
160000;;SUBMISSION;HYDROGEL_PACK;XIREC;10016.0;7
160200;;SUBMISSION;HYDROGEL_PACK;XIREC;10019.0;15
160200;;SUBMISSION;HYDROGEL_PACK;XIREC;10016.0;2
160400;;SUBMISSION;HYDROGEL_PACK;XIREC;10021.0;13
160400;;SUBMISSION;HYDROGEL_PACK;XIREC;10019.0;4
160500;;SUBMISSION;HYDROGEL_PACK;XIREC;10022.0;14
160500;;SUBMISSION;HYDROGEL_PACK;XIREC;10020.0;3
160600;;SUBMISSION;HYDROGEL_PACK;XIREC;10020.0;13
160600;;SUBMISSION;HYDROGEL_PACK;XIREC;10017.0;4
161100;Mark 38;Mark 14;HYDROGEL_PACK;XIREC;10028.0;4
164000;;SUBMISSION;HYDROGEL_PACK;XIREC;10019.0;12
164000;;SUBMISSION;HYDROGEL_PACK;XIREC;10016.0;5
164100;Mark 55;Mark 14;VELVETFRUIT_EXTRACT;XIREC;5282.0;5
164200;;SUBMISSION;HYDROGEL_PACK;XIREC;10020.0;10
164200;;SUBMISSION;HYDROGEL_PACK;XIREC;10017.0;7
164200;Mark 14;Mark 55;VELVETFRUIT_EXTRACT;XIREC;5278.0;7
164300;;SUBMISSION;VEV_5400;XIREC;18.0;17
164400;;SUBMISSION;VEV_5400;XIREC;18.0;12
164500;;SUBMISSION;HYDROGEL_PACK;XIREC;10023.0;14
164500;;SUBMISSION;HYDROGEL_PACK;XIREC;10020.0;3
164600;;SUBMISSION;HYDROGEL_PACK;XIREC;10023.0;10
164600;;SUBMISSION;HYDROGEL_PACK;XIREC;10021.0;7
164600;Mark 14;Mark 38;HYDROGEL_PACK;XIREC;10023.0;6
164700;;SUBMISSION;HYDROGEL_PACK;XIREC;10023.0;15
164700;;SUBMISSION;HYDROGEL_PACK;XIREC;10020.0;2
164800;;SUBMISSION;HYDROGEL_PACK;XIREC;10019.0;12
164800;;SUBMISSION;HYDROGEL_PACK;XIREC;10016.0;5
164900;;SUBMISSION;HYDROGEL_PACK;XIREC;10019.0;11
164900;;SUBMISSION;HYDROGEL_PACK;XIREC;10017.0;6
165100;;SUBMISSION;HYDROGEL_PACK;XIREC;10020.0;11
165100;;SUBMISSION;HYDROGEL_PACK;XIREC;10017.0;6
165200;;SUBMISSION;HYDROGEL_PACK;XIREC;10019.0;10
165200;;SUBMISSION;HYDROGEL_PACK;XIREC;10017.0;7
165300;;SUBMISSION;HYDROGEL_PACK;XIREC;10019.0;15
165300;;SUBMISSION;HYDROGEL_PACK;XIREC;10017.0;2
165400;;SUBMISSION;HYDROGEL_PACK;XIREC;10021.0;14
165400;;SUBMISSION;HYDROGEL_PACK;XIREC;10019.0;3
165500;;SUBMISSION;HYDROGEL_PACK;XIREC;10029.0;4
165500;;SUBMISSION;HYDROGEL_PACK;XIREC;10021.0;10
165500;;SUBMISSION;HYDROGEL_PACK;XIREC;10019.0;3
165600;;SUBMISSION;HYDROGEL_PACK;XIREC;10021.0;11
165600;;SUBMISSION;HYDROGEL_PACK;XIREC;10018.0;6
165700;;SUBMISSION;HYDROGEL_PACK;XIREC;10023.0;12
165700;;SUBMISSION;HYDROGEL_PACK;XIREC;10021.0;5
165700;Mark 67;Mark 22;VELVETFRUIT_EXTRACT;XIREC;5273.0;10
165800;;SUBMISSION;HYDROGEL_PACK;XIREC;10020.0;14
165800;;SUBMISSION;HYDROGEL_PACK;XIREC;10017.0;3
166700;Mark 38;Mark 14;VEV_4000;XIREC;1283.0;3
169000;Mark 38;Mark 14;HYDROGEL_PACK;XIREC;10028.0;2
169000;Mark 01;Mark 22;VEV_5300;XIREC;52.0;3
169000;Mark 01;Mark 22;VEV_5400;XIREC;16.0;3
169000;Mark 01;Mark 22;VEV_5500;XIREC;6.0;3
169000;Mark 01;Mark 22;VEV_6000;XIREC;0.0;3
169000;Mark 01;Mark 22;VEV_6500;XIREC;0.0;3
169200;Mark 38;Mark 14;HYDROGEL_PACK;XIREC;10025.0;5
169200;Mark 14;Mark 38;VEV_4000;XIREC;1261.0;3
169900;Mark 14;Mark 55;VELVETFRUIT_EXTRACT;XIREC;5267.0;3
170100;Mark 38;Mark 14;HYDROGEL_PACK;XIREC;10020.0;4
170500;Mark 55;Mark 14;VELVETFRUIT_EXTRACT;XIREC;5272.0;7
171500;Mark 14;Mark 55;VELVETFRUIT_EXTRACT;XIREC;5271.0;7
171800;Mark 01;Mark 22;VEV_5400;XIREC;17.0;5
171800;Mark 01;Mark 22;VEV_5500;XIREC;7.0;5
171800;Mark 01;Mark 22;VEV_6000;XIREC;0.0;5
171800;Mark 01;Mark 22;VEV_6500;XIREC;0.0;5
172600;Mark 55;Mark 01;VELVETFRUIT_EXTRACT;XIREC;5276.0;8
174000;Mark 55;Mark 14;VELVETFRUIT_EXTRACT;XIREC;5278.0;6
175000;Mark 55;Mark 01;VELVETFRUIT_EXTRACT;XIREC;5279.0;4
177100;Mark 14;Mark 38;HYDROGEL_PACK;XIREC;10011.0;3
178100;Mark 14;Mark 38;HYDROGEL_PACK;XIREC;10007.0;3
178200;Mark 01;Mark 55;VELVETFRUIT_EXTRACT;XIREC;5272.0;3
179100;Mark 55;Mark 01;VELVETFRUIT_EXTRACT;XIREC;5275.0;8
181600;Mark 14;Mark 38;HYDROGEL_PACK;XIREC;9996.0;5
185500;Mark 55;Mark 14;VELVETFRUIT_EXTRACT;XIREC;5262.0;5
188200;Mark 01;Mark 55;VELVETFRUIT_EXTRACT;XIREC;5255.0;3
189100;Mark 01;Mark 22;VEV_5300;XIREC;47.0;4
189100;Mark 01;Mark 22;VEV_5400;XIREC;14.0;4
189100;Mark 01;Mark 22;VEV_5500;XIREC;6.0;4
189100;Mark 01;Mark 22;VEV_6000;XIREC;0.0;4
189100;Mark 01;Mark 22;VEV_6500;XIREC;0.0;4
189700;Mark 01;Mark 55;VELVETFRUIT_EXTRACT;XIREC;5257.0;6
190900;Mark 38;Mark 14;VEV_4000;XIREC;1270.0;1
192700;Mark 14;Mark 38;VEV_4000;XIREC;1253.0;2
193400;Mark 38;Mark 14;HYDROGEL_PACK;XIREC;9993.0;4
194700;Mark 67;Mark 22;VELVETFRUIT_EXTRACT;XIREC;5262.0;10
194900;Mark 01;Mark 55;VELVETFRUIT_EXTRACT;XIREC;5257.0;6
195200;Mark 38;Mark 14;VEV_4000;XIREC;1270.0;2
195500;Mark 55;Mark 14;VELVETFRUIT_EXTRACT;XIREC;5264.0;6
195600;Mark 14;Mark 38;HYDROGEL_PACK;XIREC;9972.0;5
196700;Mark 14;Mark 55;VELVETFRUIT_EXTRACT;XIREC;5261.0;6
196800;Mark 14;Mark 38;VEV_4000;XIREC;1253.0;2
199400;Mark 67;Mark 49;VELVETFRUIT_EXTRACT;XIREC;5262.0;8
200400;Mark 14;Mark 38;VEV_4000;XIREC;1252.0;1
201300;Mark 22;Mark 55;VELVETFRUIT_EXTRACT;XIREC;5259.0;6
201500;Mark 14;Mark 38;VEV_4000;XIREC;1248.0;1
202300;Mark 14;Mark 38;VEV_4000;XIREC;1249.0;1
203500;Mark 55;Mark 01;VELVETFRUIT_EXTRACT;XIREC;5263.0;4
204400;Mark 01;Mark 22;VEV_5300;XIREC;47.0;5
204400;Mark 01;Mark 22;VEV_5400;XIREC;14.0;5
204400;Mark 01;Mark 22;VEV_5500;XIREC;6.0;5
204400;Mark 01;Mark 22;VEV_6000;XIREC;0.0;5
204400;Mark 01;Mark 22;VEV_6500;XIREC;0.0;5
205000;Mark 49;Mark 22;VELVETFRUIT_EXTRACT;XIREC;5263.0;5
206000;Mark 55;Mark 01;VELVETFRUIT_EXTRACT;XIREC;5268.0;6
206200;Mark 38;Mark 14;HYDROGEL_PACK;XIREC;9992.0;3
206600;Mark 14;Mark 38;HYDROGEL_PACK;XIREC;9976.0;3
206700;Mark 22;Mark 38;HYDROGEL_PACK;XIREC;9981.0;5
207000;Mark 67;Mark 49;VELVETFRUIT_EXTRACT;XIREC;5268.0;15
209400;Mark 01;Mark 55;VELVETFRUIT_EXTRACT;XIREC;5265.0;4
211400;Mark 01;Mark 55;VELVETFRUIT_EXTRACT;XIREC;5264.0;7
212100;Mark 55;Mark 01;VELVETFRUIT_EXTRACT;XIREC;5271.0;4
212100;Mark 14;Mark 38;VEV_4000;XIREC;1257.0;2
212200;Mark 55;Mark 22;VELVETFRUIT_EXTRACT;XIREC;5267.0;5
212900;Mark 14;Mark 55;VELVETFRUIT_EXTRACT;XIREC;5266.0;5
217200;Mark 14;Mark 55;VELVETFRUIT_EXTRACT;XIREC;5262.0;4
217800;Mark 01;Mark 55;VELVETFRUIT_EXTRACT;XIREC;5260.0;6
219200;Mark 14;Mark 38;HYDROGEL_PACK;XIREC;9954.0;4
219300;SUBMISSION;;HYDROGEL_PACK;XIREC;9969.0;15
219300;SUBMISSION;;HYDROGEL_PACK;XIREC;9971.0;2
219400;SUBMISSION;;HYDROGEL_PACK;XIREC;9963.0;11
219400;SUBMISSION;;HYDROGEL_PACK;XIREC;9965.0;6
219500;SUBMISSION;;HYDROGEL_PACK;XIREC;9963.0;15
219500;SUBMISSION;;HYDROGEL_PACK;XIREC;9965.0;2
219600;SUBMISSION;;HYDROGEL_PACK;XIREC;9966.0;14
219600;SUBMISSION;;HYDROGEL_PACK;XIREC;9969.0;3
219700;SUBMISSION;;HYDROGEL_PACK;XIREC;9964.0;11
219700;SUBMISSION;;HYDROGEL_PACK;XIREC;9967.0;6
219800;SUBMISSION;;HYDROGEL_PACK;XIREC;9965.0;11
219800;SUBMISSION;;HYDROGEL_PACK;XIREC;9967.0;6
219900;SUBMISSION;;HYDROGEL_PACK;XIREC;9963.0;15
219900;SUBMISSION;;HYDROGEL_PACK;XIREC;9966.0;2
220000;SUBMISSION;;HYDROGEL_PACK;XIREC;9964.0;10
220000;SUBMISSION;;HYDROGEL_PACK;XIREC;9966.0;7
220100;SUBMISSION;;HYDROGEL_PACK;XIREC;9965.0;11
220100;SUBMISSION;;HYDROGEL_PACK;XIREC;9967.0;6
220200;SUBMISSION;;HYDROGEL_PACK;XIREC;9965.0;11
220200;SUBMISSION;;HYDROGEL_PACK;XIREC;9968.0;6
220300;SUBMISSION;;HYDROGEL_PACK;XIREC;9966.0;14
220300;SUBMISSION;;HYDROGEL_PACK;XIREC;9969.0;3
220400;SUBMISSION;;HYDROGEL_PACK;XIREC;9967.0;14
220400;SUBMISSION;;HYDROGEL_PACK;XIREC;9969.0;3
220500;SUBMISSION;;HYDROGEL_PACK;XIREC;9964.0;11
220500;SUBMISSION;;HYDROGEL_PACK;XIREC;9966.0;6
220600;SUBMISSION;;HYDROGEL_PACK;XIREC;9964.0;14
220600;SUBMISSION;;HYDROGEL_PACK;XIREC;9966.0;3
220600;Mark 14;Mark 55;VELVETFRUIT_EXTRACT;XIREC;5260.0;4
220700;SUBMISSION;;HYDROGEL_PACK;XIREC;9968.0;15
220700;SUBMISSION;;HYDROGEL_PACK;XIREC;9970.0;2
220800;SUBMISSION;;HYDROGEL_PACK;XIREC;9968.0;11
220800;SUBMISSION;;HYDROGEL_PACK;XIREC;9970.0;6
220800;Mark 55;Mark 14;VELVETFRUIT_EXTRACT;XIREC;5265.0;6
220900;SUBMISSION;;HYDROGEL_PACK;XIREC;9965.0;13
220900;SUBMISSION;;HYDROGEL_PACK;XIREC;9968.0;4
221000;SUBMISSION;;HYDROGEL_PACK;XIREC;9965.0;14
221000;SUBMISSION;;HYDROGEL_PACK;XIREC;9968.0;3
221100;SUBMISSION;;HYDROGEL_PACK;XIREC;9964.0;11
221100;SUBMISSION;;HYDROGEL_PACK;XIREC;9966.0;6
221200;SUBMISSION;;HYDROGEL_PACK;XIREC;9963.0;14
221200;SUBMISSION;;HYDROGEL_PACK;XIREC;9966.0;3
221200;Mark 38;Mark 14;HYDROGEL_PACK;XIREC;9963.0;6
221300;SUBMISSION;;HYDROGEL_PACK;XIREC;9962.0;12
221300;SUBMISSION;;HYDROGEL_PACK;XIREC;9965.0;5
221400;SUBMISSION;;HYDROGEL_PACK;XIREC;9959.0;10
221400;SUBMISSION;;HYDROGEL_PACK;XIREC;9962.0;7
221500;SUBMISSION;;HYDROGEL_PACK;XIREC;9959.0;10
221500;SUBMISSION;;HYDROGEL_PACK;XIREC;9961.0;7
224300;Mark 38;Mark 14;HYDROGEL_PACK;XIREC;9942.0;4
225500;Mark 14;Mark 22;VEV_5300;XIREC;50.0;5
225500;Mark 01;Mark 22;VEV_5400;XIREC;16.0;5
225500;Mark 01;Mark 22;VEV_5500;XIREC;6.0;5
225500;Mark 01;Mark 22;VEV_6000;XIREC;0.0;5
225500;Mark 01;Mark 22;VEV_6500;XIREC;0.0;5
229400;Mark 14;Mark 55;VELVETFRUIT_EXTRACT;XIREC;5260.0;7
231600;Mark 14;Mark 55;VELVETFRUIT_EXTRACT;XIREC;5262.0;5
231900;Mark 38;Mark 14;VEV_4000;XIREC;1275.0;2
232000;Mark 55;Mark 01;VELVETFRUIT_EXTRACT;XIREC;5267.0;8
233000;Mark 38;Mark 14;HYDROGEL_PACK;XIREC;9927.0;3
235700;Mark 14;Mark 38;HYDROGEL_PACK;XIREC;9906.0;6
237400;Mark 55;Mark 01;VELVETFRUIT_EXTRACT;XIREC;5273.0;6
237600;Mark 67;Mark 49;VELVETFRUIT_EXTRACT;XIREC;5271.0;8
237700;Mark 55;Mark 14;VELVETFRUIT_EXTRACT;XIREC;5273.0;8
238900;Mark 14;Mark 38;HYDROGEL_PACK;XIREC;9910.0;4
239300;Mark 14;Mark 38;HYDROGEL_PACK;XIREC;9909.0;2
239400;Mark 14;Mark 38;HYDROGEL_PACK;XIREC;9910.0;4
239400;Mark 01;Mark 22;VEV_5400;XIREC;15.0;2
239400;Mark 01;Mark 22;VEV_5500;XIREC;6.0;2
239400;Mark 01;Mark 22;VEV_6000;XIREC;0.0;2
239400;Mark 01;Mark 22;VEV_6500;XIREC;0.0;2
239800;Mark 38;Mark 14;HYDROGEL_PACK;XIREC;9925.0;5
242100;Mark 55;Mark 14;VELVETFRUIT_EXTRACT;XIREC;5276.0;8
243500;Mark 55;Mark 14;VELVETFRUIT_EXTRACT;XIREC;5274.0;4
243800;Mark 14;Mark 38;HYDROGEL_PACK;XIREC;9919.0;4
244900;Mark 55;Mark 14;VELVETFRUIT_EXTRACT;XIREC;5276.0;4
249400;Mark 38;Mark 14;VEV_4000;XIREC;1286.0;3
249800;Mark 14;Mark 38;VEV_4000;XIREC;1267.0;2
253000;Mark 01;Mark 22;VEV_5400;XIREC;16.0;3
253000;Mark 01;Mark 22;VEV_5500;XIREC;6.0;3
253000;Mark 01;Mark 22;VEV_6000;XIREC;0.0;3
253000;Mark 01;Mark 22;VEV_6500;XIREC;0.0;3
254300;Mark 38;Mark 14;HYDROGEL_PACK;XIREC;9951.0;2
256200;Mark 14;Mark 38;HYDROGEL_PACK;XIREC;9927.0;5
258000;Mark 67;Mark 49;VELVETFRUIT_EXTRACT;XIREC;5271.0;15
258900;Mark 38;Mark 14;HYDROGEL_PACK;XIREC;9928.0;2
259500;Mark 01;Mark 55;VELVETFRUIT_EXTRACT;XIREC;5273.0;4
261600;;SUBMISSION;VEV_5500;XIREC;8.0;17
261700;;SUBMISSION;VEV_5500;XIREC;8.0;17
261900;;SUBMISSION;VEV_5500;XIREC;8.0;17
262000;;SUBMISSION;VEV_5500;XIREC;8.0;17
262100;;SUBMISSION;VEV_5500;XIREC;8.0;17
262200;;SUBMISSION;VEV_5500;XIREC;8.0;17
262300;;SUBMISSION;VEV_5500;XIREC;8.0;17
262400;;SUBMISSION;VEV_5500;XIREC;8.0;17
262500;;SUBMISSION;VEV_5500;XIREC;8.0;17
262600;;SUBMISSION;VEV_5500;XIREC;8.0;17
262800;;SUBMISSION;VEV_5500;XIREC;8.0;9
262800;;SUBMISSION;VEV_5500;XIREC;7.0;8
263200;;SUBMISSION;VEV_5500;XIREC;8.0;8
263200;;SUBMISSION;VEV_5500;XIREC;7.0;9
263300;;SUBMISSION;VEV_5500;XIREC;8.0;17
263400;;SUBMISSION;VEV_5500;XIREC;8.0;17
263500;;SUBMISSION;VEV_5500;XIREC;8.0;17
263600;;SUBMISSION;VEV_5500;XIREC;8.0;17
263700;;SUBMISSION;VEV_5500;XIREC;8.0;17
263800;;SUBMISSION;VEV_5500;XIREC;8.0;11
263900;Mark 14;Mark 55;VELVETFRUIT_EXTRACT;XIREC;5281.0;4
264200;Mark 38;Mark 14;HYDROGEL_PACK;XIREC;9927.0;6
264700;Mark 14;Mark 38;HYDROGEL_PACK;XIREC;9907.0;2
265100;Mark 01;Mark 55;VELVETFRUIT_EXTRACT;XIREC;5285.0;6
265200;Mark 14;Mark 38;HYDROGEL_PACK;XIREC;9909.0;5
265500;Mark 14;Mark 55;VELVETFRUIT_EXTRACT;XIREC;5285.0;6
266800;Mark 14;Mark 38;VEV_4000;XIREC;1275.0;1
267000;Mark 55;Mark 14;VELVETFRUIT_EXTRACT;XIREC;5289.0;6
267400;Mark 14;Mark 55;VELVETFRUIT_EXTRACT;XIREC;5283.0;4
267900;Mark 38;Mark 22;HYDROGEL_PACK;XIREC;9926.0;6
268200;Mark 14;Mark 55;VELVETFRUIT_EXTRACT;XIREC;5280.0;7
268600;Mark 01;Mark 55;VELVETFRUIT_EXTRACT;XIREC;5281.0;5
268900;Mark 01;Mark 22;VEV_5400;XIREC;19.0;4
268900;Mark 01;Mark 22;VEV_5500;XIREC;8.0;4
268900;Mark 01;Mark 22;VEV_6000;XIREC;0.0;4
268900;Mark 01;Mark 22;VEV_6500;XIREC;0.0;4
269700;Mark 38;Mark 14;VEV_4000;XIREC;1288.0;1
270500;Mark 38;Mark 14;VEV_4000;XIREC;1291.0;1
271100;Mark 14;Mark 55;VELVETFRUIT_EXTRACT;XIREC;5276.0;3
272000;Mark 01;Mark 22;VEV_5500;XIREC;8.0;3
272000;Mark 01;Mark 22;VEV_6000;XIREC;0.0;3
272000;Mark 01;Mark 22;VEV_6500;XIREC;0.0;3
272700;Mark 01;Mark 55;VELVETFRUIT_EXTRACT;XIREC;5277.0;3
272900;Mark 38;Mark 14;HYDROGEL_PACK;XIREC;9924.0;5
272900;Mark 38;Mark 14;VEV_4000;XIREC;1290.0;3
273400;Mark 38;Mark 14;HYDROGEL_PACK;XIREC;9922.0;3
273500;Mark 38;Mark 14;HYDROGEL_PACK;XIREC;9921.0;6
274100;Mark 22;Mark 55;VELVETFRUIT_EXTRACT;XIREC;5279.0;6
274300;Mark 55;Mark 14;VELVETFRUIT_EXTRACT;XIREC;5280.0;8
274400;Mark 14;Mark 38;HYDROGEL_PACK;XIREC;9907.0;3
274600;Mark 14;Mark 55;VELVETFRUIT_EXTRACT;XIREC;5274.0;3
275200;Mark 01;Mark 22;VEV_5400;XIREC;18.0;5
275200;Mark 01;Mark 22;VEV_5500;XIREC;7.0;5
275200;Mark 01;Mark 22;VEV_6000;XIREC;0.0;5
275200;Mark 01;Mark 22;VEV_6500;XIREC;0.0;5
275800;Mark 38;Mark 14;HYDROGEL_PACK;XIREC;9912.0;6
277000;Mark 38;Mark 14;HYDROGEL_PACK;XIREC;9911.0;6
277300;Mark 38;Mark 14;HYDROGEL_PACK;XIREC;9910.0;3
277900;Mark 14;Mark 38;VEV_4000;XIREC;1259.0;3
278700;Mark 55;Mark 01;VELVETFRUIT_EXTRACT;XIREC;5274.0;6
278800;Mark 14;Mark 38;HYDROGEL_PACK;XIREC;9890.0;2
278800;Mark 55;Mark 14;VELVETFRUIT_EXTRACT;XIREC;5276.0;4
279900;Mark 14;Mark 38;HYDROGEL_PACK;XIREC;9890.0;6
280700;Mark 14;Mark 55;VELVETFRUIT_EXTRACT;XIREC;5268.0;6
281100;Mark 38;Mark 14;VEV_4000;XIREC;1278.0;1
282200;Mark 14;Mark 38;HYDROGEL_PACK;XIREC;9891.0;4
282600;Mark 49;Mark 22;VELVETFRUIT_EXTRACT;XIREC;5269.0;10
282600;Mark 55;Mark 01;VELVETFRUIT_EXTRACT;XIREC;5272.0;6
283300;Mark 14;Mark 55;VELVETFRUIT_EXTRACT;XIREC;5270.0;5
283700;Mark 38;Mark 14;HYDROGEL_PACK;XIREC;9922.0;5
284300;Mark 38;Mark 14;HYDROGEL_PACK;XIREC;9923.0;6
285600;Mark 55;Mark 01;VELVETFRUIT_EXTRACT;XIREC;5278.0;4
285800;Mark 67;Mark 22;VELVETFRUIT_EXTRACT;XIREC;5276.0;6
286100;Mark 22;Mark 55;VELVETFRUIT_EXTRACT;XIREC;5278.0;5
286900;Mark 14;Mark 38;VEV_4000;XIREC;1266.0;3
287100;Mark 01;Mark 22;VEV_5400;XIREC;18.0;2
287100;Mark 01;Mark 22;VEV_5500;XIREC;7.0;2
287100;Mark 01;Mark 22;VEV_6000;XIREC;0.0;2
287100;Mark 01;Mark 22;VEV_6500;XIREC;0.0;2
287600;Mark 01;Mark 22;VEV_5400;XIREC;18.0;2
287600;Mark 01;Mark 22;VEV_5500;XIREC;7.0;2
287600;Mark 01;Mark 22;VEV_6000;XIREC;0.0;2
287600;Mark 01;Mark 22;VEV_6500;XIREC;0.0;2
288000;Mark 38;Mark 14;HYDROGEL_PACK;XIREC;9936.0;5
288000;Mark 01;Mark 55;VELVETFRUIT_EXTRACT;XIREC;5274.0;8
289300;Mark 14;Mark 22;VEV_5300;XIREC;52.0;2
289300;Mark 01;Mark 22;VEV_5400;XIREC;17.0;2
289300;Mark 01;Mark 22;VEV_5500;XIREC;7.0;2
289300;Mark 01;Mark 22;VEV_6000;XIREC;0.0;2
289300;Mark 01;Mark 22;VEV_6500;XIREC;0.0;2
291000;Mark 14;Mark 38;HYDROGEL_PACK;XIREC;9905.0;3
291800;Mark 14;Mark 55;VELVETFRUIT_EXTRACT;XIREC;5267.0;4
292800;Mark 38;Mark 14;HYDROGEL_PACK;XIREC;9921.0;6
293100;Mark 55;Mark 14;VELVETFRUIT_EXTRACT;XIREC;5274.0;5
293400;Mark 55;Mark 14;VELVETFRUIT_EXTRACT;XIREC;5273.0;5
293600;Mark 14;Mark 38;VEV_4000;XIREC;1260.0;2
293700;Mark 01;Mark 55;VELVETFRUIT_EXTRACT;XIREC;5267.0;8
294600;Mark 01;Mark 22;VEV_5400;XIREC;16.0;2
294600;Mark 14;Mark 22;VEV_5500;XIREC;7.0;2
294600;Mark 01;Mark 22;VEV_6000;XIREC;0.0;2
294600;Mark 01;Mark 22;VEV_6500;XIREC;0.0;2
296800;Mark 01;Mark 55;VELVETFRUIT_EXTRACT;XIREC;5268.0;8
299100;Mark 38;Mark 14;HYDROGEL_PACK;XIREC;9963.0;3
300800;Mark 14;Mark 38;HYDROGEL_PACK;XIREC;9946.0;4
301000;Mark 01;Mark 55;VELVETFRUIT_EXTRACT;XIREC;5267.0;8
301700;Mark 14;Mark 38;VEV_4000;XIREC;1256.0;2
303100;Mark 14;Mark 38;VEV_4000;XIREC;1256.0;1
303800;Mark 14;Mark 38;HYDROGEL_PACK;XIREC;9935.0;2
305600;Mark 01;Mark 55;VELVETFRUIT_EXTRACT;XIREC;5267.0;3
305700;Mark 38;Mark 14;HYDROGEL_PACK;XIREC;9951.0;6
306000;Mark 55;Mark 14;VELVETFRUIT_EXTRACT;XIREC;5274.0;5
306100;Mark 38;Mark 14;HYDROGEL_PACK;XIREC;9952.0;5
307600;Mark 38;Mark 14;VEV_4000;XIREC;1281.0;2
307900;Mark 01;Mark 55;VELVETFRUIT_EXTRACT;XIREC;5268.0;8
308400;Mark 01;Mark 55;VELVETFRUIT_EXTRACT;XIREC;5270.0;3
310100;Mark 38;Mark 14;HYDROGEL_PACK;XIREC;9942.0;4
311200;Mark 14;Mark 55;VELVETFRUIT_EXTRACT;XIREC;5265.0;8
311700;Mark 55;Mark 01;VELVETFRUIT_EXTRACT;XIREC;5273.0;6
311800;Mark 38;Mark 14;HYDROGEL_PACK;XIREC;9945.0;2
314800;Mark 38;Mark 14;HYDROGEL_PACK;XIREC;9953.0;3
315400;Mark 38;Mark 14;HYDROGEL_PACK;XIREC;9956.0;4
316700;Mark 01;Mark 22;VEV_5400;XIREC;17.0;3
316700;Mark 01;Mark 22;VEV_5500;XIREC;7.0;3
316700;Mark 01;Mark 22;VEV_6000;XIREC;0.0;3
316700;Mark 01;Mark 22;VEV_6500;XIREC;0.0;3
316800;Mark 67;Mark 22;VELVETFRUIT_EXTRACT;XIREC;5275.0;7
316900;Mark 38;Mark 14;HYDROGEL_PACK;XIREC;9954.0;2
317500;Mark 01;Mark 22;VEV_5400;XIREC;17.0;3
317500;Mark 01;Mark 22;VEV_5500;XIREC;7.0;3
317500;Mark 01;Mark 22;VEV_6000;XIREC;0.0;3
317500;Mark 01;Mark 22;VEV_6500;XIREC;0.0;3
318100;Mark 38;Mark 14;VEV_4000;XIREC;1284.0;1
320800;Mark 01;Mark 22;VEV_5300;XIREC;52.0;5
320800;Mark 01;Mark 22;VEV_5400;XIREC;17.0;5
320800;Mark 01;Mark 22;VEV_5500;XIREC;7.0;5
320800;Mark 01;Mark 22;VEV_6000;XIREC;0.0;5
320800;Mark 01;Mark 22;VEV_6500;XIREC;0.0;5
321600;Mark 01;Mark 22;VEV_5300;XIREC;50.0;4
321600;Mark 01;Mark 22;VEV_5400;XIREC;16.0;4
321600;Mark 01;Mark 22;VEV_5500;XIREC;7.0;4
321600;Mark 01;Mark 22;VEV_6000;XIREC;0.0;4
321600;Mark 01;Mark 22;VEV_6500;XIREC;0.0;4
322300;Mark 38;Mark 14;VEV_4000;XIREC;1282.0;2
323200;Mark 55;Mark 14;VELVETFRUIT_EXTRACT;XIREC;5276.0;5
323500;Mark 67;Mark 49;VELVETFRUIT_EXTRACT;XIREC;5269.0;14
327600;Mark 55;Mark 14;VELVETFRUIT_EXTRACT;XIREC;5266.0;5
328500;Mark 55;Mark 14;VELVETFRUIT_EXTRACT;XIREC;5269.0;7
328700;Mark 55;Mark 14;VELVETFRUIT_EXTRACT;XIREC;5268.0;5
328700;Mark 14;Mark 38;VEV_4000;XIREC;1255.0;3
328900;Mark 38;Mark 14;HYDROGEL_PACK;XIREC;9958.0;2
330400;Mark 14;Mark 55;VELVETFRUIT_EXTRACT;XIREC;5261.0;8
332600;Mark 55;Mark 01;VELVETFRUIT_EXTRACT;XIREC;5274.0;8
332800;Mark 14;Mark 38;HYDROGEL_PACK;XIREC;9947.0;3
333200;Mark 67;Mark 22;VELVETFRUIT_EXTRACT;XIREC;5269.0;7
333900;Mark 55;Mark 01;VELVETFRUIT_EXTRACT;XIREC;5273.0;7
335400;Mark 55;Mark 14;VELVETFRUIT_EXTRACT;XIREC;5271.0;6
336800;Mark 01;Mark 55;VELVETFRUIT_EXTRACT;XIREC;5268.0;5
337000;Mark 67;Mark 22;VELVETFRUIT_EXTRACT;XIREC;5271.0;6
338400;Mark 14;Mark 38;HYDROGEL_PACK;XIREC;9948.0;4
340200;Mark 14;Mark 38;HYDROGEL_PACK;XIREC;9951.0;2
340500;Mark 14;Mark 38;VEV_4000;XIREC;1257.0;3
341400;Mark 01;Mark 22;VEV_5400;XIREC;16.0;4
341400;Mark 14;Mark 22;VEV_5500;XIREC;7.0;4
341400;Mark 01;Mark 22;VEV_6000;XIREC;0.0;4
341400;Mark 01;Mark 22;VEV_6500;XIREC;0.0;4
342300;Mark 38;Mark 14;HYDROGEL_PACK;XIREC;9966.0;2
344000;Mark 01;Mark 55;VELVETFRUIT_EXTRACT;XIREC;5269.0;3
344100;Mark 14;Mark 38;HYDROGEL_PACK;XIREC;9942.0;3
344500;Mark 14;Mark 38;HYDROGEL_PACK;XIREC;9942.0;3
344600;Mark 38;Mark 14;HYDROGEL_PACK;XIREC;9958.0;6
344600;Mark 01;Mark 55;VELVETFRUIT_EXTRACT;XIREC;5265.0;7
344900;Mark 01;Mark 55;VELVETFRUIT_EXTRACT;XIREC;5265.0;6
346100;Mark 38;Mark 14;HYDROGEL_PACK;XIREC;9947.0;2
347400;Mark 38;Mark 14;HYDROGEL_PACK;XIREC;9947.0;4
347800;Mark 01;Mark 22;VEV_5400;XIREC;15.0;4
347800;Mark 01;Mark 22;VEV_5500;XIREC;6.0;4
347800;Mark 01;Mark 22;VEV_6000;XIREC;0.0;4
347800;Mark 01;Mark 22;VEV_6500;XIREC;0.0;4
350600;Mark 55;Mark 14;VELVETFRUIT_EXTRACT;XIREC;5266.0;5
350700;Mark 14;Mark 22;VEV_5300;XIREC;47.0;4
350700;Mark 01;Mark 22;VEV_5400;XIREC;15.0;4
350700;Mark 01;Mark 22;VEV_5500;XIREC;6.0;4
350700;Mark 01;Mark 22;VEV_6000;XIREC;0.0;4
350700;Mark 01;Mark 22;VEV_6500;XIREC;0.0;4
351400;Mark 14;Mark 38;HYDROGEL_PACK;XIREC;9937.0;6
352100;Mark 14;Mark 55;VELVETFRUIT_EXTRACT;XIREC;5252.0;4
352300;Mark 55;Mark 14;VELVETFRUIT_EXTRACT;XIREC;5257.0;8
353600;Mark 01;Mark 55;VELVETFRUIT_EXTRACT;XIREC;5254.0;7
353800;Mark 14;Mark 55;VELVETFRUIT_EXTRACT;XIREC;5257.0;7
356500;Mark 55;Mark 14;VELVETFRUIT_EXTRACT;XIREC;5263.0;6
358300;Mark 14;Mark 55;VELVETFRUIT_EXTRACT;XIREC;5261.0;7
358400;Mark 55;Mark 01;VELVETFRUIT_EXTRACT;XIREC;5266.0;5
358500;Mark 01;Mark 22;VEV_5300;XIREC;47.0;2
358500;Mark 01;Mark 22;VEV_5400;XIREC;15.0;2
358500;Mark 01;Mark 22;VEV_5500;XIREC;6.0;2
358500;Mark 01;Mark 22;VEV_6000;XIREC;0.0;2
358500;Mark 01;Mark 22;VEV_6500;XIREC;0.0;2
359500;Mark 14;Mark 38;HYDROGEL_PACK;XIREC;9972.0;5
360000;Mark 55;Mark 01;VELVETFRUIT_EXTRACT;XIREC;5267.0;7
361300;Mark 55;Mark 01;VELVETFRUIT_EXTRACT;XIREC;5267.0;3
361600;Mark 01;Mark 55;VELVETFRUIT_EXTRACT;XIREC;5260.0;5
362500;Mark 01;Mark 55;VELVETFRUIT_EXTRACT;XIREC;5260.0;5
362600;Mark 01;Mark 22;VEV_5300;XIREC;47.0;5
362600;Mark 01;Mark 22;VEV_5500;XIREC;6.0;5
362600;Mark 01;Mark 22;VEV_6000;XIREC;0.0;5
362600;Mark 01;Mark 22;VEV_6500;XIREC;0.0;5
363300;Mark 38;Mark 14;VEV_4000;XIREC;1272.0;1
365300;Mark 14;Mark 38;HYDROGEL_PACK;XIREC;9984.0;2
365400;Mark 14;Mark 55;VELVETFRUIT_EXTRACT;XIREC;5257.0;7
365600;Mark 01;Mark 22;VEV_5300;XIREC;45.0;4
365600;Mark 01;Mark 22;VEV_5400;XIREC;14.0;4
365600;Mark 01;Mark 22;VEV_5500;XIREC;5.0;4
365600;Mark 01;Mark 22;VEV_6000;XIREC;0.0;4
365600;Mark 01;Mark 22;VEV_6500;XIREC;0.0;4
366500;Mark 38;Mark 14;HYDROGEL_PACK;XIREC;10001.0;2
368100;Mark 14;Mark 55;VELVETFRUIT_EXTRACT;XIREC;5256.0;6
368200;Mark 38;Mark 14;VEV_4000;XIREC;1270.0;2
370600;Mark 38;Mark 14;VEV_4000;XIREC;1261.0;3
370700;Mark 14;Mark 38;VEV_4000;XIREC;1241.0;2
372300;Mark 01;Mark 55;VELVETFRUIT_EXTRACT;XIREC;5250.0;6
372300;Mark 38;Mark 14;VEV_4000;XIREC;1264.0;2
373100;Mark 55;Mark 14;VELVETFRUIT_EXTRACT;XIREC;5256.0;6
373800;Mark 01;Mark 22;VEV_5500;XIREC;5.0;4
373800;Mark 01;Mark 22;VEV_6000;XIREC;0.0;4
373800;Mark 01;Mark 22;VEV_6500;XIREC;0.0;4
376300;Mark 01;Mark 22;VEV_5400;XIREC;13.0;5
376300;Mark 01;Mark 22;VEV_5500;XIREC;5.0;5
376300;Mark 01;Mark 22;VEV_6000;XIREC;0.0;5
376300;Mark 01;Mark 22;VEV_6500;XIREC;0.0;5
376700;Mark 14;Mark 55;VELVETFRUIT_EXTRACT;XIREC;5250.0;7
378400;Mark 67;Mark 22;VELVETFRUIT_EXTRACT;XIREC;5249.0;10
382200;Mark 55;Mark 14;VELVETFRUIT_EXTRACT;XIREC;5253.0;5
383100;Mark 55;Mark 14;VELVETFRUIT_EXTRACT;XIREC;5254.0;6
384800;Mark 22;Mark 38;HYDROGEL_PACK;XIREC;9978.0;4
385100;Mark 67;Mark 49;VELVETFRUIT_EXTRACT;XIREC;5245.0;9
385500;Mark 14;Mark 38;HYDROGEL_PACK;XIREC;9972.0;5
387500;Mark 38;Mark 14;HYDROGEL_PACK;XIREC;9991.0;3
389000;Mark 01;Mark 22;VEV_5300;XIREC;38.0;2
389000;Mark 01;Mark 22;VEV_5400;XIREC;11.0;2
389000;Mark 01;Mark 22;VEV_5500;XIREC;4.0;2
389000;Mark 01;Mark 22;VEV_6000;XIREC;0.0;2
389000;Mark 01;Mark 22;VEV_6500;XIREC;0.0;2
389600;Mark 49;Mark 55;VELVETFRUIT_EXTRACT;XIREC;5238.0;7
389600;Mark 38;Mark 14;VEV_4000;XIREC;1249.0;3
390200;Mark 14;Mark 38;VEV_4000;XIREC;1229.0;1
390300;Mark 01;Mark 22;VEV_5300;XIREC;38.0;3
390300;Mark 01;Mark 22;VEV_5400;XIREC;11.0;3
390300;Mark 01;Mark 22;VEV_5500;XIREC;4.0;3
390300;Mark 01;Mark 22;VEV_6000;XIREC;0.0;3
390300;Mark 01;Mark 22;VEV_6500;XIREC;0.0;3
391600;Mark 14;Mark 38;HYDROGEL_PACK;XIREC;9970.0;2
391700;Mark 38;Mark 14;HYDROGEL_PACK;XIREC;9988.0;2
392400;Mark 38;Mark 14;HYDROGEL_PACK;XIREC;9990.0;5
394100;Mark 38;Mark 14;HYDROGEL_PACK;XIREC;9975.0;6
394300;Mark 38;Mark 14;HYDROGEL_PACK;XIREC;9970.0;5
397300;Mark 14;Mark 38;VEV_4000;XIREC;1226.0;2
397600;SUBMISSION;;VEV_5100;XIREC;149.0;17
397600;SUBMISSION;;VEV_5500;XIREC;4.0;6
397600;SUBMISSION;;VEV_5500;XIREC;5.0;11
398200;SUBMISSION;;VEV_4000;XIREC;1233.0;2
398200;SUBMISSION;;VEV_4000;XIREC;1244.0;13
398200;SUBMISSION;;VEV_4000;XIREC;1247.0;2
398200;SUBMISSION;;VEV_4500;XIREC;733.0;2
398200;SUBMISSION;;VEV_4500;XIREC;742.0;9
398200;SUBMISSION;;VEV_4500;XIREC;744.0;6
398200;SUBMISSION;;VEV_5100;XIREC;148.0;2
398200;SUBMISSION;;VEV_5100;XIREC;151.0;15
398200;Mark 01;Mark 22;VEV_5400;XIREC;10.0;2
398200;Mark 01;Mark 22;VEV_5500;XIREC;4.0;2
398200;Mark 01;Mark 22;VEV_6000;XIREC;0.0;2
398200;Mark 01;Mark 22;VEV_6500;XIREC;0.0;2
398700;SUBMISSION;;VEV_5100;XIREC;149.0;17
398700;SUBMISSION;;VEV_5500;XIREC;4.0;7
398700;SUBMISSION;;VEV_5500;XIREC;5.0;10
398800;SUBMISSION;;VEV_5000;XIREC;238.0;12
398800;SUBMISSION;;VEV_5000;XIREC;239.0;5
398800;SUBMISSION;;VEV_5100;XIREC;148.0;12
398800;SUBMISSION;;VEV_5100;XIREC;149.0;5
398800;SUBMISSION;;VEV_5500;XIREC;4.0;17
398900;SUBMISSION;;VEV_5100;XIREC;149.0;9
398900;SUBMISSION;;VEV_5100;XIREC;150.0;8
401000;SUBMISSION;;VEV_5100;XIREC;149.0;8
401000;SUBMISSION;;VEV_5100;XIREC;150.0;9
401000;Mark 14;Mark 55;VELVETFRUIT_EXTRACT;XIREC;5230.0;8
401100;SUBMISSION;;VEV_5000;XIREC;238.0;11
401100;SUBMISSION;;VEV_5000;XIREC;239.0;6
401100;SUBMISSION;;VEV_5100;XIREC;148.0;11
401100;SUBMISSION;;VEV_5100;XIREC;149.0;6
401100;SUBMISSION;;VEV_5500;XIREC;4.0;17
401200;SUBMISSION;;VEV_5000;XIREC;238.0;9
401200;SUBMISSION;;VEV_5000;XIREC;239.0;8
401200;SUBMISSION;;VEV_5100;XIREC;148.0;17
401200;SUBMISSION;;VEV_5500;XIREC;4.0;17
401200;Mark 14;Mark 38;HYDROGEL_PACK;XIREC;9966.0;5
401300;SUBMISSION;;VEV_5000;XIREC;238.0;17
401300;SUBMISSION;;VEV_5100;XIREC;148.0;17
401300;SUBMISSION;;VEV_5500;XIREC;4.0;17
401400;SUBMISSION;;VEV_5000;XIREC;238.0;11
401400;SUBMISSION;;VEV_5000;XIREC;239.0;6
401400;SUBMISSION;;VEV_5100;XIREC;148.0;17
401400;SUBMISSION;;VEV_5500;XIREC;4.0;17
401500;SUBMISSION;;VEV_5000;XIREC;238.0;17
401500;SUBMISSION;;VEV_5100;XIREC;148.0;17
401500;SUBMISSION;;VEV_5500;XIREC;4.0;17
401500;Mark 55;Mark 01;VELVETFRUIT_EXTRACT;XIREC;5233.0;7
401600;SUBMISSION;;VELVETFRUIT_EXTRACT;XIREC;5231.0;17
401600;SUBMISSION;;VEV_4000;XIREC;1239.0;15
401600;SUBMISSION;;VEV_4000;XIREC;1241.0;2
401600;SUBMISSION;;VEV_4500;XIREC;736.0;7
401600;SUBMISSION;;VEV_4500;XIREC;738.0;10
401600;SUBMISSION;;VEV_5000;XIREC;236.0;7
401600;SUBMISSION;;VEV_5000;XIREC;237.0;10
401600;SUBMISSION;;VEV_5100;XIREC;146.0;7
401600;SUBMISSION;;VEV_5100;XIREC;147.0;10
401600;SUBMISSION;;VEV_5200;XIREC;79.0;17
401600;SUBMISSION;;VEV_5500;XIREC;4.0;17
401700;SUBMISSION;;VELVETFRUIT_EXTRACT;XIREC;5231.0;17
401700;SUBMISSION;;VEV_4000;XIREC;1239.0;7
401700;SUBMISSION;;VEV_4000;XIREC;1241.0;10
401700;SUBMISSION;;VEV_4500;XIREC;736.0;9
401700;SUBMISSION;;VEV_4500;XIREC;738.0;8
401700;SUBMISSION;;VEV_5000;XIREC;236.0;17
401700;SUBMISSION;;VEV_5100;XIREC;146.0;17
401700;SUBMISSION;;VEV_5200;XIREC;79.0;17
401700;SUBMISSION;;VEV_5500;XIREC;4.0;16
401800;SUBMISSION;;VELVETFRUIT_EXTRACT;XIREC;5231.0;17
401800;SUBMISSION;;VEV_4000;XIREC;1238.0;12
401800;SUBMISSION;;VEV_4000;XIREC;1241.0;5
401800;SUBMISSION;;VEV_4500;XIREC;736.0;10
401800;SUBMISSION;;VEV_4500;XIREC;738.0;7
401800;SUBMISSION;;VEV_5000;XIREC;236.0;17
401800;SUBMISSION;;VEV_5100;XIREC;146.0;17
401800;SUBMISSION;;VEV_5200;XIREC;78.0;10
401800;SUBMISSION;;VEV_5200;XIREC;79.0;7
401800;SUBMISSION;;VEV_5500;XIREC;4.0;17
401900;SUBMISSION;;VELVETFRUIT_EXTRACT;XIREC;5232.0;17
401900;SUBMISSION;;VEV_4000;XIREC;1239.0;12
401900;SUBMISSION;;VEV_4000;XIREC;1242.0;5
401900;SUBMISSION;;VEV_4500;XIREC;737.0;6
401900;SUBMISSION;;VEV_4500;XIREC;739.0;11
401900;SUBMISSION;;VEV_5000;XIREC;237.0;17
401900;SUBMISSION;;VEV_5100;XIREC;147.0;17
401900;SUBMISSION;;VEV_5200;XIREC;79.0;17
401900;SUBMISSION;;VEV_5500;XIREC;4.0;17
402000;SUBMISSION;;VELVETFRUIT_EXTRACT;XIREC;5232.0;17
402000;SUBMISSION;;VEV_4000;XIREC;1240.0;9
402000;SUBMISSION;;VEV_4000;XIREC;1242.0;8
402000;SUBMISSION;;VEV_4500;XIREC;737.0;10
402000;SUBMISSION;;VEV_4500;XIREC;739.0;7
402000;SUBMISSION;;VEV_5000;XIREC;237.0;17
402000;SUBMISSION;;VEV_5100;XIREC;147.0;17
402000;SUBMISSION;;VEV_5200;XIREC;79.0;17
402000;SUBMISSION;;VEV_5500;XIREC;4.0;17
402100;SUBMISSION;;VELVETFRUIT_EXTRACT;XIREC;5232.0;17
402100;SUBMISSION;;VEV_4000;XIREC;1239.0;9
402100;SUBMISSION;;VEV_4000;XIREC;1242.0;8
402100;SUBMISSION;;VEV_4500;XIREC;737.0;11
402100;SUBMISSION;;VEV_4500;XIREC;739.0;6
402100;SUBMISSION;;VEV_5000;XIREC;237.0;17
402100;SUBMISSION;;VEV_5100;XIREC;147.0;17
402100;SUBMISSION;;VEV_5200;XIREC;79.0;17
402100;SUBMISSION;;VEV_5500;XIREC;4.0;17
402200;SUBMISSION;;VELVETFRUIT_EXTRACT;XIREC;5231.0;17
402200;SUBMISSION;;VEV_4000;XIREC;1239.0;12
402200;SUBMISSION;;VEV_4000;XIREC;1241.0;5
402200;SUBMISSION;;VEV_4500;XIREC;736.0;9
402200;SUBMISSION;;VEV_4500;XIREC;738.0;8
402200;SUBMISSION;;VEV_5000;XIREC;236.0;9
402200;SUBMISSION;;VEV_5000;XIREC;237.0;8
402200;SUBMISSION;;VEV_5100;XIREC;146.0;9
402200;SUBMISSION;;VEV_5100;XIREC;147.0;8
402200;SUBMISSION;;VEV_5200;XIREC;79.0;17
402200;SUBMISSION;;VEV_5500;XIREC;4.0;17
402300;SUBMISSION;;VELVETFRUIT_EXTRACT;XIREC;5230.0;17
402300;SUBMISSION;;VEV_4000;XIREC;1238.0;14
402300;SUBMISSION;;VEV_4000;XIREC;1240.0;3
402300;SUBMISSION;;VEV_4500;XIREC;735.0;10
402300;SUBMISSION;;VEV_4500;XIREC;737.0;7
402300;SUBMISSION;;VEV_5000;XIREC;235.0;10
402300;SUBMISSION;;VEV_5000;XIREC;236.0;7
402300;SUBMISSION;;VEV_5100;XIREC;145.0;10
402300;SUBMISSION;;VEV_5100;XIREC;146.0;7
402300;SUBMISSION;;VEV_5200;XIREC;78.0;17
402300;SUBMISSION;;VEV_5500;XIREC;4.0;17
402400;SUBMISSION;;VELVETFRUIT_EXTRACT;XIREC;5229.0;17
402400;SUBMISSION;;VEV_4000;XIREC;1237.0;10
402400;SUBMISSION;;VEV_4000;XIREC;1240.0;7
402400;SUBMISSION;;VEV_4500;XIREC;735.0;9
402400;SUBMISSION;;VEV_4500;XIREC;736.0;8
402400;SUBMISSION;;VEV_5000;XIREC;235.0;17
402400;SUBMISSION;;VEV_5100;XIREC;145.0;17
402400;SUBMISSION;;VEV_5200;XIREC;78.0;17
402400;SUBMISSION;;VEV_5500;XIREC;4.0;17
402500;SUBMISSION;;VELVETFRUIT_EXTRACT;XIREC;5230.0;16
402500;SUBMISSION;;VELVETFRUIT_EXTRACT;XIREC;5231.0;1
402500;SUBMISSION;;VEV_4000;XIREC;1238.0;15
402500;SUBMISSION;;VEV_4000;XIREC;1240.0;2
402500;SUBMISSION;;VEV_4500;XIREC;735.0;10
402500;SUBMISSION;;VEV_4500;XIREC;737.0;7
402500;SUBMISSION;;VEV_5000;XIREC;235.0;10
402500;SUBMISSION;;VEV_5000;XIREC;236.0;7
402500;SUBMISSION;;VEV_5100;XIREC;146.0;17
402500;SUBMISSION;;VEV_5200;XIREC;78.0;17
402500;SUBMISSION;;VEV_5500;XIREC;4.0;17
402600;SUBMISSION;;VELVETFRUIT_EXTRACT;XIREC;5230.0;17
402600;SUBMISSION;;VEV_4000;XIREC;1238.0;13
402600;SUBMISSION;;VEV_4000;XIREC;1240.0;4
402600;SUBMISSION;;VEV_4500;XIREC;735.0;8
402600;SUBMISSION;;VEV_4500;XIREC;737.0;9
402600;SUBMISSION;;VEV_5000;XIREC;235.0;8
402600;SUBMISSION;;VEV_5000;XIREC;236.0;9
402600;SUBMISSION;;VEV_5100;XIREC;146.0;17
402600;SUBMISSION;;VEV_5200;XIREC;78.0;17
402600;SUBMISSION;;VEV_5500;XIREC;4.0;17
402700;SUBMISSION;;VELVETFRUIT_EXTRACT;XIREC;5231.0;17
402700;SUBMISSION;;VEV_4000;XIREC;1238.0;7
402700;SUBMISSION;;VEV_4000;XIREC;1241.0;10
402700;SUBMISSION;;VEV_4500;XIREC;736.0;12
402700;SUBMISSION;;VEV_4500;XIREC;738.0;5
402700;SUBMISSION;;VEV_5000;XIREC;236.0;17
402700;SUBMISSION;;VEV_5100;XIREC;146.0;17
402700;SUBMISSION;;VEV_5200;XIREC;79.0;17
402700;SUBMISSION;;VEV_5500;XIREC;4.0;17
402800;SUBMISSION;;VELVETFRUIT_EXTRACT;XIREC;5230.0;17
402800;SUBMISSION;;VEV_4000;XIREC;1238.0;12
402800;SUBMISSION;;VEV_4000;XIREC;1240.0;5
402800;SUBMISSION;;VEV_4500;XIREC;735.0;12
402800;SUBMISSION;;VEV_4500;XIREC;737.0;5
402800;SUBMISSION;;VEV_5000;XIREC;235.0;12
402800;SUBMISSION;;VEV_5000;XIREC;236.0;5
402800;SUBMISSION;;VEV_5100;XIREC;146.0;17
402800;SUBMISSION;;VEV_5200;XIREC;78.0;12
402800;SUBMISSION;;VEV_5200;XIREC;79.0;5
402800;SUBMISSION;;VEV_5500;XIREC;4.0;17
402900;SUBMISSION;;VELVETFRUIT_EXTRACT;XIREC;5229.0;17
402900;SUBMISSION;;VEV_4000;XIREC;1237.0;7
402900;SUBMISSION;;VEV_4000;XIREC;1239.0;10
402900;SUBMISSION;;VEV_4500;XIREC;734.0;11
402900;SUBMISSION;;VEV_4500;XIREC;736.0;6
402900;SUBMISSION;;VEV_5000;XIREC;234.0;11
402900;SUBMISSION;;VEV_5000;XIREC;235.0;6
402900;SUBMISSION;;VEV_5100;XIREC;145.0;17
402900;SUBMISSION;;VEV_5200;XIREC;78.0;17
402900;SUBMISSION;;VEV_5500;XIREC;4.0;17
403000;SUBMISSION;;VELVETFRUIT_EXTRACT;XIREC;5230.0;17
403000;SUBMISSION;;VEV_4000;XIREC;1238.0;11
403000;SUBMISSION;;VEV_4000;XIREC;1240.0;6
403000;SUBMISSION;;VEV_4500;XIREC;735.0;9
403000;SUBMISSION;;VEV_4500;XIREC;737.0;8
403000;SUBMISSION;;VEV_5000;XIREC;235.0;9
403000;SUBMISSION;;VEV_5000;XIREC;236.0;8
403000;SUBMISSION;;VEV_5100;XIREC;146.0;17
403000;SUBMISSION;;VEV_5200;XIREC;78.0;9
403000;SUBMISSION;;VEV_5200;XIREC;79.0;8
403000;SUBMISSION;;VEV_5500;XIREC;4.0;17
403100;SUBMISSION;;VELVETFRUIT_EXTRACT;XIREC;5231.0;17
403100;SUBMISSION;;VEV_4000;XIREC;1238.0;15
403100;SUBMISSION;;VEV_4000;XIREC;1241.0;2
403100;SUBMISSION;;VEV_4500;XIREC;736.0;10
403100;SUBMISSION;;VEV_4500;XIREC;738.0;7
403100;SUBMISSION;;VEV_5000;XIREC;236.0;17
403100;SUBMISSION;;VEV_5100;XIREC;146.0;17
403100;SUBMISSION;;VEV_5200;XIREC;79.0;17
403100;SUBMISSION;;VEV_5500;XIREC;4.0;17
403200;SUBMISSION;;VELVETFRUIT_EXTRACT;XIREC;5231.0;17
403200;SUBMISSION;;VEV_4000;XIREC;1238.0;15
403200;SUBMISSION;;VEV_4000;XIREC;1241.0;2
403200;SUBMISSION;;VEV_4500;XIREC;736.0;7
403200;SUBMISSION;;VEV_4500;XIREC;738.0;10
403200;SUBMISSION;;VEV_5000;XIREC;236.0;17
403200;SUBMISSION;;VEV_5100;XIREC;146.0;17
403200;SUBMISSION;;VEV_5200;XIREC;79.0;17
403200;SUBMISSION;;VEV_5500;XIREC;4.0;17
403300;SUBMISSION;;VELVETFRUIT_EXTRACT;XIREC;5231.0;17
403300;SUBMISSION;;VEV_4000;XIREC;1239.0;10
403300;SUBMISSION;;VEV_4000;XIREC;1241.0;7
403300;SUBMISSION;;VEV_4500;XIREC;736.0;11
403300;SUBMISSION;;VEV_4500;XIREC;738.0;6
403300;SUBMISSION;;VEV_5000;XIREC;236.0;11
403300;SUBMISSION;;VEV_5000;XIREC;237.0;6
403300;SUBMISSION;;VEV_5100;XIREC;146.0;11
403300;SUBMISSION;;VEV_5100;XIREC;147.0;6
403300;SUBMISSION;;VEV_5200;XIREC;79.0;17
403300;SUBMISSION;;VEV_5500;XIREC;4.0;17
403400;SUBMISSION;;VELVETFRUIT_EXTRACT;XIREC;5232.0;17
403400;SUBMISSION;;VEV_4000;XIREC;1240.0;9
403400;SUBMISSION;;VEV_4000;XIREC;1242.0;8
403400;SUBMISSION;;VEV_4500;XIREC;737.0;12
403400;SUBMISSION;;VEV_4500;XIREC;739.0;5
403400;SUBMISSION;;VEV_5000;XIREC;237.0;17
403400;SUBMISSION;;VEV_5100;XIREC;147.0;17
403400;SUBMISSION;;VEV_5200;XIREC;79.0;17
403400;SUBMISSION;;VEV_5500;XIREC;4.0;17
403500;SUBMISSION;;VELVETFRUIT_EXTRACT;XIREC;5232.0;15
403500;SUBMISSION;;VELVETFRUIT_EXTRACT;XIREC;5233.0;2
403500;SUBMISSION;;VEV_4000;XIREC;1240.0;13
403500;SUBMISSION;;VEV_4000;XIREC;1243.0;4
403500;SUBMISSION;;VEV_5000;XIREC;237.0;9
403500;SUBMISSION;;VEV_5000;XIREC;238.0;8
403500;SUBMISSION;;VEV_5100;XIREC;147.0;9
403500;SUBMISSION;;VEV_5100;XIREC;148.0;8
403500;SUBMISSION;;VEV_5500;XIREC;4.0;17
403600;SUBMISSION;;VEV_5000;XIREC;238.0;6
403600;SUBMISSION;;VEV_5000;XIREC;239.0;11
403600;SUBMISSION;;VEV_5100;XIREC;148.0;6
403600;SUBMISSION;;VEV_5100;XIREC;149.0;11
403600;SUBMISSION;;VEV_5500;XIREC;4.0;17
403700;SUBMISSION;;VEV_5100;XIREC;149.0;17
403700;SUBMISSION;;VEV_5500;XIREC;4.0;17
403800;SUBMISSION;;VEV_5100;XIREC;149.0;9
403800;SUBMISSION;;VEV_5100;XIREC;150.0;8
403800;SUBMISSION;;VEV_5500;XIREC;4.0;7
403800;SUBMISSION;;VEV_5500;XIREC;5.0;10
404400;SUBMISSION;;VEV_5100;XIREC;149.0;9
404400;SUBMISSION;;VEV_5100;XIREC;150.0;8
404400;SUBMISSION;;VEV_5500;XIREC;4.0;17
405700;SUBMISSION;;VEV_5100;XIREC;149.0;5
406100;Mark 14;Mark 55;VELVETFRUIT_EXTRACT;XIREC;5231.0;4
406200;SUBMISSION;;VEV_5500;XIREC;4.0;17
406300;SUBMISSION;;VEV_5000;XIREC;238.0;9
406300;SUBMISSION;;VEV_5000;XIREC;239.0;8
406300;SUBMISSION;;VEV_5500;XIREC;4.0;17
406300;Mark 14;Mark 38;VEV_4000;XIREC;1220.0;2
406400;SUBMISSION;;VELVETFRUIT_EXTRACT;XIREC;5232.0;17
406400;SUBMISSION;;VEV_4000;XIREC;1240.0;10
406400;SUBMISSION;;VEV_4000;XIREC;1243.0;7
406400;SUBMISSION;;VEV_5000;XIREC;237.0;8
406400;SUBMISSION;;VEV_5000;XIREC;238.0;9
406400;SUBMISSION;;VEV_5500;XIREC;4.0;17
406500;SUBMISSION;;VELVETFRUIT_EXTRACT;XIREC;5231.0;17
406500;SUBMISSION;;VEV_4000;XIREC;1239.0;8
406500;SUBMISSION;;VEV_4000;XIREC;1241.0;9
406500;SUBMISSION;;VEV_4500;XIREC;736.0;7
406500;SUBMISSION;;VEV_4500;XIREC;738.0;10
406500;SUBMISSION;;VEV_5000;XIREC;236.0;7
406500;SUBMISSION;;VEV_5000;XIREC;237.0;10
406500;SUBMISSION;;VEV_5200;XIREC;79.0;17
406500;SUBMISSION;;VEV_5500;XIREC;4.0;6
406600;SUBMISSION;;VELVETFRUIT_EXTRACT;XIREC;5229.0;17
406600;SUBMISSION;;VEV_4000;XIREC;1237.0;12
406600;SUBMISSION;;VEV_4000;XIREC;1239.0;5
406600;SUBMISSION;;VEV_4500;XIREC;734.0;6
406600;SUBMISSION;;VEV_4500;XIREC;736.0;11
406600;SUBMISSION;;VEV_5000;XIREC;234.0;6
406600;SUBMISSION;;VEV_5000;XIREC;235.0;11
406600;SUBMISSION;;VEV_5200;XIREC;78.0;17
406700;SUBMISSION;;VELVETFRUIT_EXTRACT;XIREC;5228.0;9
406700;SUBMISSION;;VEV_4000;XIREC;1236.0;12
406700;SUBMISSION;;VEV_4000;XIREC;1238.0;5
406700;SUBMISSION;;VEV_4500;XIREC;733.0;10
406700;SUBMISSION;;VEV_4500;XIREC;735.0;7
406700;SUBMISSION;;VEV_5000;XIREC;233.0;10
406700;SUBMISSION;;VEV_5000;XIREC;234.0;7
406700;SUBMISSION;;VEV_5200;XIREC;77.0;17
406700;SUBMISSION;;VEV_5300;XIREC;35.0;17
406800;SUBMISSION;;VEV_4000;XIREC;1237.0;9
406800;SUBMISSION;;VEV_4000;XIREC;1239.0;8
406800;SUBMISSION;;VEV_4500;XIREC;734.0;6
406800;SUBMISSION;;VEV_4500;XIREC;736.0;11
406800;SUBMISSION;;VEV_5000;XIREC;234.0;6
406800;SUBMISSION;;VEV_5000;XIREC;235.0;11
406800;SUBMISSION;;VEV_5200;XIREC;78.0;17
406900;SUBMISSION;;VEV_4000;XIREC;1238.0;11
406900;SUBMISSION;;VEV_4000;XIREC;1240.0;6
406900;SUBMISSION;;VEV_4500;XIREC;735.0;9
406900;SUBMISSION;;VEV_4500;XIREC;737.0;8
406900;SUBMISSION;;VEV_5000;XIREC;235.0;9
406900;SUBMISSION;;VEV_5000;XIREC;236.0;8
406900;SUBMISSION;;VEV_5200;XIREC;78.0;9
406900;SUBMISSION;;VEV_5200;XIREC;79.0;8
407000;SUBMISSION;;VEV_4000;XIREC;1238.0;14
407000;SUBMISSION;;VEV_4000;XIREC;1240.0;3
407000;SUBMISSION;;VEV_4500;XIREC;735.0;8
407000;SUBMISSION;;VEV_4500;XIREC;737.0;9
407000;SUBMISSION;;VEV_5000;XIREC;235.0;8
407000;SUBMISSION;;VEV_5000;XIREC;236.0;9
407000;SUBMISSION;;VEV_5200;XIREC;78.0;17
407000;Mark 14;Mark 55;VELVETFRUIT_EXTRACT;XIREC;5225.0;4
407100;SUBMISSION;;VEV_4000;XIREC;1237.0;11
407100;SUBMISSION;;VEV_4000;XIREC;1239.0;6
407100;SUBMISSION;;VEV_4500;XIREC;734.0;10
407100;SUBMISSION;;VEV_4500;XIREC;736.0;7
407100;SUBMISSION;;VEV_5000;XIREC;234.0;5
407100;SUBMISSION;;VEV_5200;XIREC;78.0;17
407200;SUBMISSION;;VEV_4000;XIREC;1237.0;11
407200;SUBMISSION;;VEV_4000;XIREC;1239.0;6
407200;SUBMISSION;;VEV_4500;XIREC;734.0;10
407200;SUBMISSION;;VEV_4500;XIREC;736.0;7
407200;SUBMISSION;;VEV_5200;XIREC;78.0;17
407300;SUBMISSION;;VEV_4000;XIREC;1235.0;8
407300;SUBMISSION;;VEV_4000;XIREC;1238.0;9
407300;SUBMISSION;;VEV_4500;XIREC;733.0;8
407300;SUBMISSION;;VEV_4500;XIREC;735.0;9
407300;SUBMISSION;;VEV_5200;XIREC;77.0;17
407300;SUBMISSION;;VEV_5300;XIREC;35.0;17
407400;SUBMISSION;;VEV_4000;XIREC;1237.0;8
407400;SUBMISSION;;VEV_4000;XIREC;1239.0;9
407400;SUBMISSION;;VEV_4500;XIREC;734.0;12
407400;SUBMISSION;;VEV_4500;XIREC;736.0;5
407400;SUBMISSION;;VEV_5200;XIREC;78.0;17
407500;SUBMISSION;;VEV_4000;XIREC;1235.0;13
407500;SUBMISSION;;VEV_4000;XIREC;1238.0;4
407500;SUBMISSION;;VEV_4500;XIREC;733.0;10
407500;SUBMISSION;;VEV_4500;XIREC;735.0;7
407500;SUBMISSION;;VEV_5200;XIREC;77.0;17
407500;SUBMISSION;;VEV_5300;XIREC;35.0;17
407600;SUBMISSION;;VEV_4000;XIREC;1236.0;14
407600;SUBMISSION;;VEV_4000;XIREC;1239.0;3
407600;SUBMISSION;;VEV_4500;XIREC;734.0;7
407600;SUBMISSION;;VEV_4500;XIREC;735.0;10
407600;SUBMISSION;;VEV_5200;XIREC;77.0;7
407600;SUBMISSION;;VEV_5200;XIREC;78.0;10
407600;SUBMISSION;;VEV_5300;XIREC;35.0;17
407700;SUBMISSION;;VEV_4000;XIREC;1236.0;15
407700;SUBMISSION;;VEV_4000;XIREC;1238.0;2
407700;SUBMISSION;;VEV_4500;XIREC;733.0;7
407700;SUBMISSION;;VEV_4500;XIREC;735.0;10
407700;SUBMISSION;;VEV_5200;XIREC;77.0;17
407700;SUBMISSION;;VEV_5300;XIREC;35.0;17
407800;SUBMISSION;;VEV_4000;XIREC;1236.0;5
407800;SUBMISSION;;VEV_4500;XIREC;733.0;7
407800;SUBMISSION;;VEV_4500;XIREC;735.0;10
407800;SUBMISSION;;VEV_5200;XIREC;77.0;17
407800;SUBMISSION;;VEV_5300;XIREC;35.0;17
407900;SUBMISSION;;VEV_4500;XIREC;735.0;10
407900;SUBMISSION;;VEV_4500;XIREC;736.0;7
407900;SUBMISSION;;VEV_5200;XIREC;78.0;17
408000;SUBMISSION;;VEV_4500;XIREC;734.0;5
408000;SUBMISSION;;VEV_5200;XIREC;78.0;17
408000;Mark 38;Mark 14;HYDROGEL_PACK;XIREC;9991.0;3
408100;SUBMISSION;;VEV_5200;XIREC;77.0;5
408100;SUBMISSION;;VEV_5300;XIREC;35.0;17
408500;SUBMISSION;;VEV_5300;XIREC;35.0;17
408600;SUBMISSION;;VEV_5300;XIREC;35.0;17
408700;SUBMISSION;;VEV_5300;XIREC;35.0;17
408900;SUBMISSION;;VEV_5300;XIREC;35.0;17
409000;SUBMISSION;;VEV_5300;XIREC;35.0;17
409100;SUBMISSION;;VEV_5300;XIREC;35.0;17
409400;Mark 38;Mark 14;HYDROGEL_PACK;XIREC;9988.0;3
409800;SUBMISSION;;VEV_5300;XIREC;35.0;17
410100;Mark 38;Mark 14;HYDROGEL_PACK;XIREC;9988.0;6
410200;Mark 01;Mark 22;VEV_5400;XIREC;9.0;5
410200;Mark 01;Mark 22;VEV_5500;XIREC;3.0;5
410200;Mark 01;Mark 22;VEV_6000;XIREC;0.0;5
410200;Mark 01;Mark 22;VEV_6500;XIREC;0.0;5
411400;SUBMISSION;;VEV_5300;XIREC;35.0;17
411700;SUBMISSION;;VEV_5300;XIREC;35.0;17
411800;SUBMISSION;;VEV_5300;XIREC;35.0;17
411900;SUBMISSION;;VEV_5300;XIREC;34.0;17
412000;SUBMISSION;;VEV_5300;XIREC;35.0;17
412100;SUBMISSION;;VEV_5300;XIREC;35.0;17
412200;SUBMISSION;;VEV_5300;XIREC;35.0;16
412300;SUBMISSION;;VEV_5300;XIREC;35.0;17
412400;SUBMISSION;;VEV_5300;XIREC;35.0;17
412500;SUBMISSION;;VEV_5300;XIREC;35.0;17
412600;SUBMISSION;;VEV_5300;XIREC;35.0;17
412700;SUBMISSION;;VEV_5300;XIREC;35.0;15
412800;SUBMISSION;;VEV_5300;XIREC;35.0;17
412900;SUBMISSION;;VEV_5300;XIREC;35.0;17
413000;SUBMISSION;;VEV_5300;XIREC;35.0;17
413100;SUBMISSION;;VEV_5300;XIREC;35.0;17
413100;Mark 38;Mark 14;HYDROGEL_PACK;XIREC;9977.0;2
413200;SUBMISSION;;VEV_5300;XIREC;35.0;17
413300;SUBMISSION;;VEV_5300;XIREC;34.0;15
413400;SUBMISSION;;VEV_5300;XIREC;35.0;17
413500;SUBMISSION;;VEV_5300;XIREC;35.0;15
413500;Mark 38;Mark 14;HYDROGEL_PACK;XIREC;9974.0;5
413600;SUBMISSION;;VEV_5300;XIREC;35.0;17
414000;SUBMISSION;;VEV_5300;XIREC;35.0;12
414900;Mark 14;Mark 22;VEV_5200;XIREC;76.0;3
414900;Mark 01;Mark 22;VEV_5300;XIREC;34.0;3
414900;Mark 01;Mark 22;VEV_5400;XIREC;9.0;3
414900;Mark 01;Mark 22;VEV_5500;XIREC;3.0;3
414900;Mark 01;Mark 22;VEV_6000;XIREC;0.0;3
414900;Mark 01;Mark 22;VEV_6500;XIREC;0.0;3
415400;Mark 38;Mark 14;HYDROGEL_PACK;XIREC;9976.0;6
415500;Mark 01;Mark 22;VEV_5400;XIREC;9.0;4
415500;Mark 01;Mark 22;VEV_5500;XIREC;3.0;4
415500;Mark 01;Mark 22;VEV_6000;XIREC;0.0;4
415500;Mark 01;Mark 22;VEV_6500;XIREC;0.0;4
416600;Mark 38;Mark 14;HYDROGEL_PACK;XIREC;9981.0;4
419300;Mark 14;Mark 38;VEV_4000;XIREC;1221.0;1
420200;Mark 38;Mark 14;HYDROGEL_PACK;XIREC;9975.0;4
421100;Mark 14;Mark 38;HYDROGEL_PACK;XIREC;9961.0;5
421400;Mark 55;Mark 14;VELVETFRUIT_EXTRACT;XIREC;5233.0;6
422200;Mark 14;Mark 38;HYDROGEL_PACK;XIREC;9963.0;2
423800;Mark 38;Mark 14;HYDROGEL_PACK;XIREC;9969.0;3
423800;Mark 14;Mark 22;VEV_5200;XIREC;79.0;5
423800;Mark 01;Mark 22;VEV_5300;XIREC;36.0;5
423800;Mark 01;Mark 22;VEV_5400;XIREC;10.0;5
423800;Mark 14;Mark 22;VEV_5500;XIREC;4.0;5
423800;Mark 01;Mark 22;VEV_6000;XIREC;0.0;5
423800;Mark 01;Mark 22;VEV_6500;XIREC;0.0;5
424400;Mark 38;Mark 14;VEV_4000;XIREC;1244.0;2
424600;Mark 67;Mark 22;VELVETFRUIT_EXTRACT;XIREC;5232.0;6
425300;Mark 55;Mark 14;VELVETFRUIT_EXTRACT;XIREC;5238.0;3
427400;Mark 55;Mark 14;VELVETFRUIT_EXTRACT;XIREC;5241.0;5
428400;Mark 38;Mark 14;VEV_4000;XIREC;1248.0;1
429500;Mark 38;Mark 14;HYDROGEL_PACK;XIREC;9968.0;3
430200;Mark 38;Mark 14;HYDROGEL_PACK;XIREC;9974.0;4
430700;Mark 38;Mark 14;HYDROGEL_PACK;XIREC;9976.0;4
432100;Mark 01;Mark 55;VELVETFRUIT_EXTRACT;XIREC;5233.0;8
433000;Mark 14;Mark 55;VELVETFRUIT_EXTRACT;XIREC;5238.0;4
433100;Mark 14;Mark 22;VEV_5200;XIREC;83.0;2
433100;Mark 01;Mark 22;VEV_5300;XIREC;38.0;2
433100;Mark 01;Mark 22;VEV_5400;XIREC;11.0;2
433100;Mark 01;Mark 22;VEV_5500;XIREC;4.0;2
433100;Mark 01;Mark 22;VEV_6000;XIREC;0.0;2
433100;Mark 01;Mark 22;VEV_6500;XIREC;0.0;2
433900;Mark 38;Mark 14;HYDROGEL_PACK;XIREC;9970.0;4
436100;Mark 55;Mark 01;VELVETFRUIT_EXTRACT;XIREC;5242.0;5
436200;Mark 14;Mark 38;HYDROGEL_PACK;XIREC;9968.0;2
438300;Mark 14;Mark 38;VEV_4000;XIREC;1230.0;3
438500;Mark 55;Mark 14;VELVETFRUIT_EXTRACT;XIREC;5241.0;6
438900;Mark 38;Mark 14;VEV_4000;XIREC;1249.0;3
441300;Mark 01;Mark 55;VELVETFRUIT_EXTRACT;XIREC;5235.0;5
443400;Mark 38;Mark 14;HYDROGEL_PACK;XIREC;9969.0;4
443600;Mark 14;Mark 22;VEV_5200;XIREC;82.0;4
443600;Mark 01;Mark 22;VEV_5400;XIREC;11.0;4
443600;Mark 01;Mark 22;VEV_5500;XIREC;4.0;4
443600;Mark 01;Mark 22;VEV_6000;XIREC;0.0;4
443600;Mark 01;Mark 22;VEV_6500;XIREC;0.0;4
444200;Mark 55;Mark 01;VELVETFRUIT_EXTRACT;XIREC;5244.0;6
445300;Mark 38;Mark 14;HYDROGEL_PACK;XIREC;9974.0;2
448600;Mark 55;Mark 01;VELVETFRUIT_EXTRACT;XIREC;5252.0;7
448900;Mark 67;Mark 49;VELVETFRUIT_EXTRACT;XIREC;5247.0;9
449000;Mark 14;Mark 38;HYDROGEL_PACK;XIREC;9979.0;6
449500;Mark 14;Mark 38;VEV_4000;XIREC;1238.0;2
450900;Mark 38;Mark 14;HYDROGEL_PACK;XIREC;9988.0;6
452000;Mark 14;Mark 38;HYDROGEL_PACK;XIREC;9965.0;3
452800;Mark 38;Mark 14;HYDROGEL_PACK;XIREC;9974.0;4
453000;Mark 55;Mark 14;VELVETFRUIT_EXTRACT;XIREC;5240.0;3
453800;Mark 14;Mark 55;VELVETFRUIT_EXTRACT;XIREC;5237.0;7
454700;Mark 38;Mark 14;VEV_4000;XIREC;1247.0;1
456200;Mark 14;Mark 22;VEV_5200;XIREC;82.0;2
456200;Mark 01;Mark 22;VEV_5400;XIREC;11.0;2
456200;Mark 01;Mark 22;VEV_5500;XIREC;4.0;2
456200;Mark 01;Mark 22;VEV_6000;XIREC;0.0;2
456200;Mark 01;Mark 22;VEV_6500;XIREC;0.0;2
457600;Mark 55;Mark 14;VELVETFRUIT_EXTRACT;XIREC;5242.0;3
460100;Mark 14;Mark 55;VELVETFRUIT_EXTRACT;XIREC;5235.0;4
461200;Mark 14;Mark 22;VEV_5300;XIREC;37.0;3
461200;Mark 01;Mark 22;VEV_5400;XIREC;10.0;3
461200;Mark 01;Mark 22;VEV_5500;XIREC;3.0;3
461200;Mark 01;Mark 22;VEV_6000;XIREC;0.0;3
461200;Mark 01;Mark 22;VEV_6500;XIREC;0.0;3
463600;Mark 67;Mark 49;VELVETFRUIT_EXTRACT;XIREC;5238.0;11
464700;Mark 67;Mark 22;VELVETFRUIT_EXTRACT;XIREC;5238.0;5
466000;Mark 01;Mark 55;VELVETFRUIT_EXTRACT;XIREC;5234.0;3
466400;Mark 67;Mark 49;VELVETFRUIT_EXTRACT;XIREC;5233.0;14
468600;Mark 55;Mark 01;VELVETFRUIT_EXTRACT;XIREC;5239.0;4
472900;Mark 55;Mark 14;VELVETFRUIT_EXTRACT;XIREC;5238.0;6
473000;Mark 55;Mark 01;VELVETFRUIT_EXTRACT;XIREC;5238.0;4
473800;Mark 55;Mark 14;VELVETFRUIT_EXTRACT;XIREC;5239.0;3
474000;Mark 55;Mark 01;VELVETFRUIT_EXTRACT;XIREC;5238.0;5
477300;Mark 01;Mark 55;VELVETFRUIT_EXTRACT;XIREC;5244.0;8
478900;Mark 38;Mark 14;HYDROGEL_PACK;XIREC;9997.0;3
480500;Mark 14;Mark 55;VELVETFRUIT_EXTRACT;XIREC;5240.0;3
480900;Mark 14;Mark 38;HYDROGEL_PACK;XIREC;9994.0;2
481400;Mark 14;Mark 38;HYDROGEL_PACK;XIREC;9996.0;2
482400;Mark 38;Mark 14;HYDROGEL_PACK;XIREC;10013.0;3
483400;Mark 55;Mark 01;VELVETFRUIT_EXTRACT;XIREC;5249.0;3
483400;Mark 14;Mark 22;VEV_5300;XIREC;40.0;5
483400;Mark 01;Mark 22;VEV_5400;XIREC;12.0;5
483400;Mark 01;Mark 22;VEV_5500;XIREC;4.0;5
483400;Mark 01;Mark 22;VEV_6000;XIREC;0.0;5
483400;Mark 01;Mark 22;VEV_6500;XIREC;0.0;5
486000;Mark 01;Mark 55;VELVETFRUIT_EXTRACT;XIREC;5237.0;5
486200;Mark 55;Mark 01;VELVETFRUIT_EXTRACT;XIREC;5242.0;8
486700;Mark 14;Mark 55;VELVETFRUIT_EXTRACT;XIREC;5236.0;8
488200;Mark 14;Mark 38;HYDROGEL_PACK;XIREC;9994.0;2
488600;Mark 38;Mark 14;VEV_4000;XIREC;1247.0;2
488700;Mark 14;Mark 38;HYDROGEL_PACK;XIREC;9985.0;5
490600;Mark 38;Mark 14;VEV_4000;XIREC;1251.0;2
492000;Mark 14;Mark 55;VELVETFRUIT_EXTRACT;XIREC;5241.0;5
493000;Mark 67;Mark 49;VELVETFRUIT_EXTRACT;XIREC;5240.0;12
493500;Mark 01;Mark 55;VELVETFRUIT_EXTRACT;XIREC;5239.0;6
493800;Mark 38;Mark 14;HYDROGEL_PACK;XIREC;10020.0;6
494300;Mark 55;Mark 01;VELVETFRUIT_EXTRACT;XIREC;5244.0;6
495100;Mark 55;Mark 01;VELVETFRUIT_EXTRACT;XIREC;5247.0;8
495700;Mark 14;Mark 38;HYDROGEL_PACK;XIREC;9985.0;3
495700;Mark 01;Mark 22;VEV_5400;XIREC;11.0;5
495700;Mark 01;Mark 22;VEV_5500;XIREC;4.0;5
495700;Mark 01;Mark 22;VEV_6000;XIREC;0.0;5
495700;Mark 01;Mark 22;VEV_6500;XIREC;0.0;5
498100;Mark 01;Mark 55;VELVETFRUIT_EXTRACT;XIREC;5242.0;8
498500;Mark 14;Mark 38;HYDROGEL_PACK;XIREC;9977.0;4
499900;Mark 38;Mark 14;VEV_4000;XIREC;1256.0;3
500000;Mark 55;Mark 14;VELVETFRUIT_EXTRACT;XIREC;5248.0;3
500600;Mark 14;Mark 38;HYDROGEL_PACK;XIREC;9976.0;5
501300;Mark 55;Mark 01;VELVETFRUIT_EXTRACT;XIREC;5247.0;7
501600;Mark 14;Mark 38;HYDROGEL_PACK;XIREC;9976.0;4
501900;Mark 01;Mark 22;VEV_5300;XIREC;38.0;3
501900;Mark 01;Mark 22;VEV_5400;XIREC;11.0;3
501900;Mark 01;Mark 22;VEV_5500;XIREC;4.0;3
501900;Mark 01;Mark 22;VEV_6000;XIREC;0.0;3
501900;Mark 01;Mark 22;VEV_6500;XIREC;0.0;3
503600;Mark 14;Mark 38;HYDROGEL_PACK;XIREC;9975.0;2
505100;Mark 01;Mark 55;VELVETFRUIT_EXTRACT;XIREC;5232.0;7
508800;Mark 01;Mark 22;VEV_5400;XIREC;10.0;5
508800;Mark 01;Mark 22;VEV_5500;XIREC;3.0;5
508800;Mark 01;Mark 22;VEV_6000;XIREC;0.0;5
508800;Mark 01;Mark 22;VEV_6500;XIREC;0.0;5
511000;Mark 14;Mark 38;HYDROGEL_PACK;XIREC;9989.0;6
512800;Mark 14;Mark 38;HYDROGEL_PACK;XIREC;9982.0;4
513600;Mark 55;Mark 14;VELVETFRUIT_EXTRACT;XIREC;5244.0;5
516500;Mark 14;Mark 38;HYDROGEL_PACK;XIREC;9977.0;5
519600;Mark 14;Mark 22;VEV_5200;XIREC;87.0;5
519600;Mark 01;Mark 22;VEV_5300;XIREC;40.0;5
519600;Mark 01;Mark 22;VEV_5400;XIREC;12.0;5
519600;Mark 01;Mark 22;VEV_5500;XIREC;4.0;5
519600;Mark 01;Mark 22;VEV_6000;XIREC;0.0;5
519600;Mark 01;Mark 22;VEV_6500;XIREC;0.0;5
519800;Mark 38;Mark 14;HYDROGEL_PACK;XIREC;9982.0;6
519800;Mark 01;Mark 55;VELVETFRUIT_EXTRACT;XIREC;5243.0;5
521000;Mark 38;Mark 14;VEV_4000;XIREC;1257.0;1
521700;Mark 67;Mark 22;VELVETFRUIT_EXTRACT;XIREC;5244.0;8
524600;Mark 14;Mark 38;HYDROGEL_PACK;XIREC;9969.0;5
526300;Mark 14;Mark 38;HYDROGEL_PACK;XIREC;9966.0;3
527200;Mark 14;Mark 55;VELVETFRUIT_EXTRACT;XIREC;5244.0;7
527300;Mark 55;Mark 14;VELVETFRUIT_EXTRACT;XIREC;5248.0;5
529800;Mark 55;Mark 14;VELVETFRUIT_EXTRACT;XIREC;5249.0;3
530600;Mark 67;Mark 22;VELVETFRUIT_EXTRACT;XIREC;5246.0;5
530900;Mark 14;Mark 38;HYDROGEL_PACK;XIREC;9988.0;3
533300;Mark 55;Mark 22;VELVETFRUIT_EXTRACT;XIREC;5243.0;3
534700;Mark 14;Mark 38;HYDROGEL_PACK;XIREC;9958.0;3
534900;Mark 38;Mark 14;HYDROGEL_PACK;XIREC;9976.0;3
535100;Mark 14;Mark 38;HYDROGEL_PACK;XIREC;9961.0;2
536500;Mark 38;Mark 14;VEV_4000;XIREC;1252.0;2
538700;Mark 55;Mark 14;VELVETFRUIT_EXTRACT;XIREC;5247.0;5
540500;Mark 38;Mark 14;HYDROGEL_PACK;XIREC;9982.0;2
540600;Mark 38;Mark 14;HYDROGEL_PACK;XIREC;9980.0;2
541400;Mark 55;Mark 14;VELVETFRUIT_EXTRACT;XIREC;5243.0;8
543800;Mark 38;Mark 14;HYDROGEL_PACK;XIREC;9975.0;6
543900;Mark 14;Mark 38;VEV_4000;XIREC;1231.0;1
544400;Mark 38;Mark 14;HYDROGEL_PACK;XIREC;9976.0;6
544700;Mark 55;Mark 01;VELVETFRUIT_EXTRACT;XIREC;5243.0;8
545400;Mark 55;Mark 14;VELVETFRUIT_EXTRACT;XIREC;5240.0;7
545900;Mark 55;Mark 14;VELVETFRUIT_EXTRACT;XIREC;5238.0;5
547000;Mark 14;Mark 38;HYDROGEL_PACK;XIREC;9969.0;6
547100;Mark 67;Mark 49;VELVETFRUIT_EXTRACT;XIREC;5237.0;13
548000;Mark 01;Mark 55;VELVETFRUIT_EXTRACT;XIREC;5235.0;5
548500;Mark 14;Mark 38;HYDROGEL_PACK;XIREC;9963.0;6
548600;Mark 01;Mark 22;VEV_5300;XIREC;36.0;2
548600;Mark 01;Mark 22;VEV_6000;XIREC;0.0;2
548600;Mark 01;Mark 22;VEV_6500;XIREC;0.0;2
548900;Mark 55;Mark 01;VELVETFRUIT_EXTRACT;XIREC;5240.0;7
551500;Mark 01;Mark 55;VELVETFRUIT_EXTRACT;XIREC;5238.0;6
553400;Mark 38;Mark 14;HYDROGEL_PACK;XIREC;9968.0;2
554600;Mark 14;Mark 55;VELVETFRUIT_EXTRACT;XIREC;5240.0;7
554600;Mark 14;Mark 22;VEV_5300;XIREC;38.0;5
554600;Mark 01;Mark 22;VEV_5400;XIREC;11.0;5
554600;Mark 01;Mark 22;VEV_5500;XIREC;4.0;5
554600;Mark 01;Mark 22;VEV_6000;XIREC;0.0;5
554600;Mark 01;Mark 22;VEV_6500;XIREC;0.0;5
555000;Mark 55;Mark 01;VELVETFRUIT_EXTRACT;XIREC;5246.0;3
555700;Mark 14;Mark 55;VELVETFRUIT_EXTRACT;XIREC;5239.0;7
555700;Mark 01;Mark 22;VEV_5400;XIREC;11.0;3
555700;Mark 01;Mark 22;VEV_5500;XIREC;4.0;3
555700;Mark 01;Mark 22;VEV_6000;XIREC;0.0;3
555700;Mark 01;Mark 22;VEV_6500;XIREC;0.0;3
556000;Mark 38;Mark 14;HYDROGEL_PACK;XIREC;9976.0;5
556100;Mark 38;Mark 14;HYDROGEL_PACK;XIREC;9976.0;5
556700;Mark 14;Mark 55;VELVETFRUIT_EXTRACT;XIREC;5238.0;8
558800;Mark 55;Mark 14;VELVETFRUIT_EXTRACT;XIREC;5241.0;8
558900;Mark 55;Mark 14;VELVETFRUIT_EXTRACT;XIREC;5241.0;7
561000;Mark 38;Mark 14;HYDROGEL_PACK;XIREC;9996.0;4
561100;Mark 14;Mark 55;VELVETFRUIT_EXTRACT;XIREC;5234.0;6
561300;Mark 14;Mark 55;VELVETFRUIT_EXTRACT;XIREC;5234.0;3
563200;Mark 14;Mark 38;VEV_4000;XIREC;1229.0;3
563700;Mark 38;Mark 14;VEV_4000;XIREC;1246.0;1
564900;Mark 14;Mark 55;VELVETFRUIT_EXTRACT;XIREC;5233.0;6
566100;Mark 14;Mark 55;VELVETFRUIT_EXTRACT;XIREC;5233.0;3
566300;Mark 55;Mark 01;VELVETFRUIT_EXTRACT;XIREC;5235.0;5
566700;Mark 01;Mark 22;VEV_5400;XIREC;9.0;2
566700;Mark 01;Mark 22;VEV_5500;XIREC;3.0;2
566700;Mark 01;Mark 22;VEV_6000;XIREC;0.0;2
566700;Mark 01;Mark 22;VEV_6500;XIREC;0.0;2
568500;Mark 14;Mark 38;HYDROGEL_PACK;XIREC;9971.0;2
569800;Mark 01;Mark 55;VELVETFRUIT_EXTRACT;XIREC;5225.0;5
571300;Mark 14;Mark 38;VEV_4000;XIREC;1219.0;3
573500;Mark 01;Mark 55;VELVETFRUIT_EXTRACT;XIREC;5232.0;5
573500;Mark 14;Mark 38;VEV_4000;XIREC;1224.0;2
573700;Mark 55;Mark 01;VELVETFRUIT_EXTRACT;XIREC;5237.0;3
573800;Mark 38;Mark 14;HYDROGEL_PACK;XIREC;9989.0;3
574200;Mark 38;Mark 14;HYDROGEL_PACK;XIREC;9988.0;6
575100;Mark 01;Mark 22;VEV_5400;XIREC;9.0;4
575100;Mark 01;Mark 22;VEV_5500;XIREC;3.0;4
575100;Mark 01;Mark 22;VEV_6000;XIREC;0.0;4
575100;Mark 01;Mark 22;VEV_6500;XIREC;0.0;4
576500;Mark 14;Mark 55;VELVETFRUIT_EXTRACT;XIREC;5225.0;7
576700;Mark 38;Mark 14;HYDROGEL_PACK;XIREC;10000.0;5
577300;SUBMISSION;;VEV_5400;XIREC;10.0;17
577400;SUBMISSION;;VEV_5400;XIREC;10.0;17
577700;Mark 14;Mark 55;VELVETFRUIT_EXTRACT;XIREC;5223.0;8
577800;SUBMISSION;;VEV_5400;XIREC;10.0;17
577900;SUBMISSION;;VEV_5400;XIREC;10.0;17
578000;SUBMISSION;;VEV_5400;XIREC;10.0;17
578300;Mark 38;Mark 14;HYDROGEL_PACK;XIREC;9992.0;6
578300;Mark 14;Mark 55;VELVETFRUIT_EXTRACT;XIREC;5223.0;8
578500;SUBMISSION;;VEV_5400;XIREC;9.0;9
578500;SUBMISSION;;VEV_5400;XIREC;10.0;8
578600;SUBMISSION;;VEV_5400;XIREC;9.0;17
578700;SUBMISSION;;VEV_5400;XIREC;9.0;17
578800;SUBMISSION;;VEV_5400;XIREC;9.0;17
578900;SUBMISSION;;VEV_5400;XIREC;9.0;17
579000;SUBMISSION;;VEV_5400;XIREC;9.0;16
579100;SUBMISSION;;VEV_5400;XIREC;9.0;17
579200;SUBMISSION;;VEV_5400;XIREC;9.0;17
579300;SUBMISSION;;VEV_5400;XIREC;9.0;17
579400;SUBMISSION;;VEV_5400;XIREC;9.0;17
579500;SUBMISSION;;VEV_5400;XIREC;9.0;15
579600;SUBMISSION;;VEV_5400;XIREC;9.0;17
579700;SUBMISSION;;VEV_5400;XIREC;9.0;17
579800;SUBMISSION;;VEV_5400;XIREC;9.0;17
579900;SUBMISSION;;VEV_5400;XIREC;9.0;17
580000;SUBMISSION;;VEV_5400;XIREC;9.0;17
580100;SUBMISSION;;VEV_5400;XIREC;9.0;17
580200;SUBMISSION;;VEV_5400;XIREC;9.0;17
580300;SUBMISSION;;VEV_5400;XIREC;9.0;17
580400;SUBMISSION;;VEV_5400;XIREC;9.0;17
580500;SUBMISSION;;VEV_5400;XIREC;9.0;17
580600;SUBMISSION;;VEV_5400;XIREC;10.0;17
580700;SUBMISSION;;VEV_5400;XIREC;9.0;17
580800;SUBMISSION;;VEV_5400;XIREC;9.0;17
580900;SUBMISSION;;VEV_5400;XIREC;9.0;17
581000;SUBMISSION;;VEV_5400;XIREC;9.0;8
581000;SUBMISSION;;VEV_5400;XIREC;10.0;9
581100;SUBMISSION;;VEV_5400;XIREC;9.0;17
581200;SUBMISSION;;VEV_5400;XIREC;10.0;17
581300;SUBMISSION;;VEV_5400;XIREC;10.0;17
581400;SUBMISSION;;VEV_5400;XIREC;10.0;17
581500;SUBMISSION;;VEV_5400;XIREC;10.0;8
581600;Mark 38;Mark 14;HYDROGEL_PACK;XIREC;10000.0;2
582600;Mark 14;Mark 38;HYDROGEL_PACK;XIREC;9980.0;4
585200;Mark 14;Mark 38;HYDROGEL_PACK;XIREC;10005.0;6
587100;Mark 14;Mark 22;VEV_5300;XIREC;28.0;4
587100;Mark 01;Mark 22;VEV_5400;XIREC;7.0;4
587100;Mark 01;Mark 22;VEV_5500;XIREC;2.0;4
587100;Mark 01;Mark 22;VEV_6000;XIREC;0.0;4
587100;Mark 01;Mark 22;VEV_6500;XIREC;0.0;4
587200;Mark 55;Mark 14;VELVETFRUIT_EXTRACT;XIREC;5214.0;6
587500;Mark 14;Mark 38;VEV_4000;XIREC;1202.0;1
587700;Mark 38;Mark 14;HYDROGEL_PACK;XIREC;10013.0;4
588400;Mark 38;Mark 14;HYDROGEL_PACK;XIREC;10015.0;6
588400;Mark 55;Mark 14;VELVETFRUIT_EXTRACT;XIREC;5217.0;5
588500;Mark 01;Mark 22;VEV_5300;XIREC;28.0;4
588500;Mark 01;Mark 22;VEV_5400;XIREC;7.0;4
588500;Mark 01;Mark 22;VEV_5500;XIREC;2.0;4
588500;Mark 01;Mark 22;VEV_6000;XIREC;0.0;4
588500;Mark 01;Mark 22;VEV_6500;XIREC;0.0;4
588800;Mark 38;Mark 14;HYDROGEL_PACK;XIREC;10016.0;2
589300;Mark 14;Mark 38;HYDROGEL_PACK;XIREC;10001.0;3
589400;Mark 01;Mark 55;VELVETFRUIT_EXTRACT;XIREC;5212.0;3
590700;Mark 38;Mark 14;VEV_4000;XIREC;1225.0;1
592000;Mark 55;Mark 01;VELVETFRUIT_EXTRACT;XIREC;5223.0;6
592200;Mark 38;Mark 14;HYDROGEL_PACK;XIREC;10020.0;4
593000;Mark 01;Mark 22;VEV_5400;XIREC;8.0;5
593000;Mark 01;Mark 22;VEV_5500;XIREC;3.0;5
593000;Mark 01;Mark 22;VEV_6000;XIREC;0.0;5
593000;Mark 01;Mark 22;VEV_6500;XIREC;0.0;5
596100;Mark 14;Mark 38;HYDROGEL_PACK;XIREC;10002.0;3
596600;Mark 38;Mark 14;HYDROGEL_PACK;XIREC;10012.0;6
597500;Mark 38;Mark 14;HYDROGEL_PACK;XIREC;10015.0;4
600300;Mark 38;Mark 14;VEV_4000;XIREC;1254.0;2
601600;Mark 14;Mark 38;HYDROGEL_PACK;XIREC;10013.0;6
602500;;SUBMISSION;HYDROGEL_PACK;XIREC;10019.0;10
602500;;SUBMISSION;HYDROGEL_PACK;XIREC;10016.0;7
602700;;SUBMISSION;HYDROGEL_PACK;XIREC;10020.0;11
602700;;SUBMISSION;HYDROGEL_PACK;XIREC;10018.0;6
602800;;SUBMISSION;HYDROGEL_PACK;XIREC;10020.0;13
602800;;SUBMISSION;HYDROGEL_PACK;XIREC;10017.0;4
603000;;SUBMISSION;HYDROGEL_PACK;XIREC;10020.0;13
603000;;SUBMISSION;HYDROGEL_PACK;XIREC;10017.0;4
603100;;SUBMISSION;HYDROGEL_PACK;XIREC;10020.0;13
603100;;SUBMISSION;HYDROGEL_PACK;XIREC;10017.0;4
603200;;SUBMISSION;HYDROGEL_PACK;XIREC;10023.0;12
603200;;SUBMISSION;HYDROGEL_PACK;XIREC;10020.0;5
603300;;SUBMISSION;HYDROGEL_PACK;XIREC;10021.0;11
603300;;SUBMISSION;HYDROGEL_PACK;XIREC;10018.0;6
603400;;SUBMISSION;HYDROGEL_PACK;XIREC;10021.0;13
603400;;SUBMISSION;HYDROGEL_PACK;XIREC;10019.0;4
603500;;SUBMISSION;HYDROGEL_PACK;XIREC;10020.0;15
603500;;SUBMISSION;HYDROGEL_PACK;XIREC;10017.0;2
603600;;SUBMISSION;HYDROGEL_PACK;XIREC;10020.0;11
603600;;SUBMISSION;HYDROGEL_PACK;XIREC;10018.0;6
603700;;SUBMISSION;HYDROGEL_PACK;XIREC;10023.0;14
603700;;SUBMISSION;HYDROGEL_PACK;XIREC;10020.0;3
603800;;SUBMISSION;HYDROGEL_PACK;XIREC;10024.0;12
603800;;SUBMISSION;HYDROGEL_PACK;XIREC;10021.0;5
603900;;SUBMISSION;HYDROGEL_PACK;XIREC;10023.0;14
603900;;SUBMISSION;HYDROGEL_PACK;XIREC;10021.0;3
604000;;SUBMISSION;HYDROGEL_PACK;XIREC;10022.0;15
604000;;SUBMISSION;HYDROGEL_PACK;XIREC;10020.0;2
604100;;SUBMISSION;HYDROGEL_PACK;XIREC;10022.0;10
604100;;SUBMISSION;HYDROGEL_PACK;XIREC;10019.0;7
604100;Mark 01;Mark 22;VEV_5300;XIREC;38.0;2
604100;Mark 01;Mark 22;VEV_5400;XIREC;11.0;2
604100;Mark 01;Mark 22;VEV_5500;XIREC;4.0;2
604100;Mark 01;Mark 22;VEV_6000;XIREC;0.0;2
604100;Mark 01;Mark 22;VEV_6500;XIREC;0.0;2
604200;;SUBMISSION;HYDROGEL_PACK;XIREC;10023.0;10
604200;;SUBMISSION;HYDROGEL_PACK;XIREC;10021.0;7
604300;;SUBMISSION;HYDROGEL_PACK;XIREC;10026.0;15
604300;;SUBMISSION;HYDROGEL_PACK;XIREC;10024.0;2
604400;;SUBMISSION;HYDROGEL_PACK;XIREC;10027.0;11
604400;;SUBMISSION;HYDROGEL_PACK;XIREC;10024.0;6
604400;Mark 38;Mark 14;HYDROGEL_PACK;XIREC;10043.0;3
604500;;SUBMISSION;HYDROGEL_PACK;XIREC;10027.0;13
604500;;SUBMISSION;HYDROGEL_PACK;XIREC;10024.0;4
604500;Mark 55;Mark 14;VELVETFRUIT_EXTRACT;XIREC;5245.0;7
604600;;SUBMISSION;HYDROGEL_PACK;XIREC;10028.0;12
604600;;SUBMISSION;HYDROGEL_PACK;XIREC;10025.0;5
604700;;SUBMISSION;HYDROGEL_PACK;XIREC;10029.0;15
604700;;SUBMISSION;HYDROGEL_PACK;XIREC;10026.0;2
604800;;SUBMISSION;HYDROGEL_PACK;XIREC;10026.0;12
604800;;SUBMISSION;HYDROGEL_PACK;XIREC;10024.0;5
604900;;SUBMISSION;HYDROGEL_PACK;XIREC;10028.0;10
604900;;SUBMISSION;HYDROGEL_PACK;XIREC;10025.0;7
605000;;SUBMISSION;HYDROGEL_PACK;XIREC;10027.0;9
605100;Mark 14;Mark 38;VEV_4000;XIREC;1233.0;3
607400;Mark 38;Mark 14;VEV_4000;XIREC;1259.0;2
608800;Mark 55;Mark 01;VELVETFRUIT_EXTRACT;XIREC;5255.0;3
608900;Mark 14;Mark 38;HYDROGEL_PACK;XIREC;10031.0;2
610900;Mark 14;Mark 38;HYDROGEL_PACK;XIREC;10029.0;5
610900;Mark 14;Mark 38;VEV_4000;XIREC;1239.0;3
611300;Mark 67;Mark 22;VELVETFRUIT_EXTRACT;XIREC;5244.0;6
612300;Mark 14;Mark 55;VELVETFRUIT_EXTRACT;XIREC;5241.0;8
614100;Mark 67;Mark 22;VELVETFRUIT_EXTRACT;XIREC;5244.0;10
616700;Mark 55;Mark 14;VELVETFRUIT_EXTRACT;XIREC;5237.0;4
617200;Mark 55;Mark 01;VELVETFRUIT_EXTRACT;XIREC;5237.0;6
620000;Mark 14;Mark 38;HYDROGEL_PACK;XIREC;10010.0;5
620800;Mark 55;Mark 14;VELVETFRUIT_EXTRACT;XIREC;5234.0;4
622600;Mark 01;Mark 22;VEV_5400;XIREC;10.0;4
622600;Mark 01;Mark 22;VEV_5500;XIREC;3.0;4
622600;Mark 01;Mark 22;VEV_6000;XIREC;0.0;4
622600;Mark 01;Mark 22;VEV_6500;XIREC;0.0;4
624000;Mark 14;Mark 38;VEV_4000;XIREC;1226.0;2
624200;Mark 14;Mark 38;VEV_4000;XIREC;1226.0;2
625900;Mark 38;Mark 14;VEV_4000;XIREC;1253.0;2
626300;Mark 55;Mark 14;VELVETFRUIT_EXTRACT;XIREC;5248.0;5
627100;Mark 38;Mark 14;VEV_4000;XIREC;1254.0;3
627400;Mark 55;Mark 14;VELVETFRUIT_EXTRACT;XIREC;5246.0;7
629200;Mark 01;Mark 55;VELVETFRUIT_EXTRACT;XIREC;5243.0;5
630700;Mark 14;Mark 38;HYDROGEL_PACK;XIREC;10010.0;3
631400;Mark 14;Mark 38;HYDROGEL_PACK;XIREC;10002.0;3
633100;Mark 38;Mark 14;HYDROGEL_PACK;XIREC;10017.0;6
634300;Mark 38;Mark 14;HYDROGEL_PACK;XIREC;10009.0;4
634400;Mark 55;Mark 01;VELVETFRUIT_EXTRACT;XIREC;5245.0;5
635100;Mark 14;Mark 38;VEV_4000;XIREC;1235.0;3
637900;Mark 38;Mark 14;VEV_4000;XIREC;1256.0;3
640000;Mark 14;Mark 38;HYDROGEL_PACK;XIREC;10001.0;2
641500;Mark 55;Mark 14;VELVETFRUIT_EXTRACT;XIREC;5248.0;5
642400;Mark 01;Mark 22;VEV_5400;XIREC;11.0;2
642400;Mark 01;Mark 22;VEV_5500;XIREC;4.0;2
642400;Mark 01;Mark 22;VEV_6000;XIREC;0.0;2
642400;Mark 01;Mark 22;VEV_6500;XIREC;0.0;2
643000;Mark 14;Mark 55;VELVETFRUIT_EXTRACT;XIREC;5239.0;6
643300;Mark 38;Mark 14;VEV_4000;XIREC;1252.0;1
644500;Mark 01;Mark 22;VEV_5400;XIREC;11.0;4
644500;Mark 01;Mark 22;VEV_5500;XIREC;4.0;4
644500;Mark 01;Mark 22;VEV_6000;XIREC;0.0;4
644500;Mark 01;Mark 22;VEV_6500;XIREC;0.0;4
645000;Mark 14;Mark 38;HYDROGEL_PACK;XIREC;10016.0;4
648700;Mark 14;Mark 38;VEV_4000;XIREC;1235.0;3
650000;Mark 14;Mark 38;HYDROGEL_PACK;XIREC;10029.0;4
650200;Mark 55;Mark 01;VELVETFRUIT_EXTRACT;XIREC;5246.0;6
650600;Mark 67;Mark 49;VELVETFRUIT_EXTRACT;XIREC;5244.0;8
651300;Mark 55;Mark 01;VELVETFRUIT_EXTRACT;XIREC;5247.0;8
653800;Mark 55;Mark 14;VELVETFRUIT_EXTRACT;XIREC;5252.0;5
655500;Mark 14;Mark 38;HYDROGEL_PACK;XIREC;10024.0;3
656600;Mark 67;Mark 22;VELVETFRUIT_EXTRACT;XIREC;5253.0;8
658100;Mark 38;Mark 14;VEV_4000;XIREC;1263.0;3
658300;Mark 14;Mark 55;VELVETFRUIT_EXTRACT;XIREC;5249.0;3
659500;Mark 38;Mark 14;HYDROGEL_PACK;XIREC;10046.0;5
659800;Mark 01;Mark 55;VELVETFRUIT_EXTRACT;XIREC;5256.0;6
661900;Mark 14;Mark 38;HYDROGEL_PACK;XIREC;10024.0;6
662600;Mark 55;Mark 01;VELVETFRUIT_EXTRACT;XIREC;5251.0;6
663000;Mark 14;Mark 38;HYDROGEL_PACK;XIREC;10025.0;2
666500;Mark 14;Mark 22;VEV_5200;XIREC;91.0;2
666500;Mark 01;Mark 22;VEV_5300;XIREC;42.0;2
666500;Mark 01;Mark 22;VEV_5400;XIREC;12.0;2
666500;Mark 01;Mark 22;VEV_5500;XIREC;4.0;2
666500;Mark 01;Mark 22;VEV_6000;XIREC;0.0;2
666500;Mark 01;Mark 22;VEV_6500;XIREC;0.0;2
667800;Mark 55;Mark 01;VELVETFRUIT_EXTRACT;XIREC;5262.0;5
669700;;SUBMISSION;VELVETFRUIT_EXTRACT;XIREC;5265.0;7
669700;;SUBMISSION;VELVETFRUIT_EXTRACT;XIREC;5263.0;10
669700;;SUBMISSION;VEV_4000;XIREC;1255.0;13
669700;;SUBMISSION;VEV_4000;XIREC;1252.0;4
669700;;SUBMISSION;VEV_4500;XIREC;757.0;12
669700;;SUBMISSION;VEV_4500;XIREC;755.0;5
669900;;SUBMISSION;VELVETFRUIT_EXTRACT;XIREC;5262.0;17
669900;;SUBMISSION;VEV_4000;XIREC;1254.0;14
669900;;SUBMISSION;VEV_4000;XIREC;1252.0;3
669900;;SUBMISSION;VEV_4500;XIREC;757.0;10
669900;;SUBMISSION;VEV_4500;XIREC;755.0;7
669900;Mark 38;Mark 14;VEV_4000;XIREC;1275.0;3
670000;;SUBMISSION;VELVETFRUIT_EXTRACT;XIREC;5263.0;17
670000;;SUBMISSION;VEV_4000;XIREC;1255.0;12
670000;;SUBMISSION;VEV_4000;XIREC;1252.0;5
670000;;SUBMISSION;VEV_4500;XIREC;757.0;12
670000;;SUBMISSION;VEV_4500;XIREC;755.0;5
670100;;SUBMISSION;VELVETFRUIT_EXTRACT;XIREC;5262.0;15
670100;;SUBMISSION;VELVETFRUIT_EXTRACT;XIREC;5261.0;2
670100;;SUBMISSION;VEV_4000;XIREC;1254.0;7
670100;;SUBMISSION;VEV_4000;XIREC;1251.0;10
670100;;SUBMISSION;VEV_4500;XIREC;756.0;8
670100;;SUBMISSION;VEV_4500;XIREC;754.0;9
670200;;SUBMISSION;VELVETFRUIT_EXTRACT;XIREC;5263.0;17
670200;;SUBMISSION;VEV_4000;XIREC;1255.0;14
670200;;SUBMISSION;VEV_4000;XIREC;1252.0;3
670200;;SUBMISSION;VEV_4500;XIREC;757.0;9
670200;;SUBMISSION;VEV_4500;XIREC;755.0;8
670300;;SUBMISSION;VELVETFRUIT_EXTRACT;XIREC;5262.0;17
670300;;SUBMISSION;VEV_4000;XIREC;1254.0;9
670300;;SUBMISSION;VEV_4000;XIREC;1252.0;8
670300;;SUBMISSION;VEV_4500;XIREC;757.0;8
670300;;SUBMISSION;VEV_4500;XIREC;755.0;9
670400;;SUBMISSION;VELVETFRUIT_EXTRACT;XIREC;5262.0;17
670400;;SUBMISSION;VEV_4000;XIREC;1254.0;13
670400;;SUBMISSION;VEV_4000;XIREC;1252.0;4
670400;;SUBMISSION;VEV_4500;XIREC;757.0;9
670400;;SUBMISSION;VEV_4500;XIREC;755.0;8
670500;;SUBMISSION;VELVETFRUIT_EXTRACT;XIREC;5264.0;17
670500;;SUBMISSION;VEV_4000;XIREC;1256.0;7
670500;;SUBMISSION;VEV_4000;XIREC;1254.0;10
670500;;SUBMISSION;VEV_4500;XIREC;759.0;9
670500;;SUBMISSION;VEV_4500;XIREC;757.0;8
670500;;SUBMISSION;VEV_5000;XIREC;266.0;9
670500;;SUBMISSION;VEV_5000;XIREC;265.0;8
670600;;SUBMISSION;VELVETFRUIT_EXTRACT;XIREC;5262.0;17
670600;;SUBMISSION;VEV_4000;XIREC;1254.0;8
670600;;SUBMISSION;VEV_4000;XIREC;1252.0;9
670600;;SUBMISSION;VEV_4500;XIREC;757.0;11
670600;;SUBMISSION;VEV_4500;XIREC;755.0;6
670700;;SUBMISSION;VELVETFRUIT_EXTRACT;XIREC;5264.0;17
670700;;SUBMISSION;VEV_4000;XIREC;1256.0;8
670700;;SUBMISSION;VEV_4000;XIREC;1253.0;9
670700;;SUBMISSION;VEV_4500;XIREC;758.0;7
670700;;SUBMISSION;VEV_4500;XIREC;756.0;10
670700;;SUBMISSION;VEV_5000;XIREC;266.0;7
670700;;SUBMISSION;VEV_5000;XIREC;265.0;10
670800;;SUBMISSION;VELVETFRUIT_EXTRACT;XIREC;5264.0;17
670800;;SUBMISSION;VEV_4000;XIREC;1256.0;11
670800;;SUBMISSION;VEV_4000;XIREC;1254.0;6
670800;;SUBMISSION;VEV_4500;XIREC;759.0;9
670800;;SUBMISSION;VEV_4500;XIREC;757.0;8
670800;;SUBMISSION;VEV_5000;XIREC;266.0;9
670800;;SUBMISSION;VEV_5000;XIREC;265.0;8
670900;;SUBMISSION;VELVETFRUIT_EXTRACT;XIREC;5263.0;17
670900;;SUBMISSION;VEV_4000;XIREC;1255.0;10
670900;;SUBMISSION;VEV_4000;XIREC;1253.0;7
670900;;SUBMISSION;VEV_4500;XIREC;758.0;8
670900;;SUBMISSION;VEV_4500;XIREC;756.0;9
670900;;SUBMISSION;VEV_5000;XIREC;265.0;17
671000;;SUBMISSION;VELVETFRUIT_EXTRACT;XIREC;5263.0;17
671000;;SUBMISSION;VEV_4000;XIREC;1255.0;13
671000;;SUBMISSION;VEV_4000;XIREC;1253.0;4
671000;;SUBMISSION;VEV_4500;XIREC;758.0;11
671000;;SUBMISSION;VEV_4500;XIREC;756.0;6
671000;;SUBMISSION;VEV_5000;XIREC;265.0;17
671100;;SUBMISSION;VELVETFRUIT_EXTRACT;XIREC;5263.0;17
671100;;SUBMISSION;VEV_4000;XIREC;1255.0;15
671100;;SUBMISSION;VEV_4000;XIREC;1252.0;2
671100;;SUBMISSION;VEV_4500;XIREC;757.0;9
671100;;SUBMISSION;VEV_4500;XIREC;756.0;8
671200;;SUBMISSION;VELVETFRUIT_EXTRACT;XIREC;5263.0;17
671200;;SUBMISSION;VEV_4000;XIREC;1255.0;12
671200;;SUBMISSION;VEV_4000;XIREC;1252.0;5
671200;;SUBMISSION;VEV_4500;XIREC;757.0;9
671200;;SUBMISSION;VEV_4500;XIREC;755.0;8
671300;;SUBMISSION;VELVETFRUIT_EXTRACT;XIREC;5263.0;17
671300;;SUBMISSION;VEV_4000;XIREC;1255.0;15
671300;;SUBMISSION;VEV_4000;XIREC;1252.0;2
671300;;SUBMISSION;VEV_4500;XIREC;757.0;10
671300;;SUBMISSION;VEV_4500;XIREC;755.0;7
671500;;SUBMISSION;VELVETFRUIT_EXTRACT;XIREC;5264.0;17
671500;;SUBMISSION;VEV_4000;XIREC;1256.0;11
671500;;SUBMISSION;VEV_4000;XIREC;1254.0;6
671500;;SUBMISSION;VEV_4500;XIREC;759.0;10
671500;;SUBMISSION;VEV_4500;XIREC;757.0;7
671500;;SUBMISSION;VEV_5000;XIREC;266.0;10
671500;;SUBMISSION;VEV_5000;XIREC;265.0;7
671600;;SUBMISSION;VELVETFRUIT_EXTRACT;XIREC;5264.0;17
671600;;SUBMISSION;VEV_4000;XIREC;1256.0;11
671600;;SUBMISSION;VEV_4000;XIREC;1253.0;6
671600;;SUBMISSION;VEV_4500;XIREC;758.0;6
671600;;SUBMISSION;VEV_4500;XIREC;756.0;11
671600;;SUBMISSION;VEV_5000;XIREC;266.0;6
671600;;SUBMISSION;VEV_5000;XIREC;265.0;11
671700;;SUBMISSION;VELVETFRUIT_EXTRACT;XIREC;5263.0;17
671700;;SUBMISSION;VEV_4000;XIREC;1255.0;13
671700;;SUBMISSION;VEV_4000;XIREC;1252.0;4
671700;;SUBMISSION;VEV_4500;XIREC;757.0;10
671700;;SUBMISSION;VEV_4500;XIREC;755.0;7
671800;;SUBMISSION;VELVETFRUIT_EXTRACT;XIREC;5263.0;17
671800;;SUBMISSION;VEV_4000;XIREC;1255.0;9
671800;;SUBMISSION;VEV_4000;XIREC;1252.0;8
671800;;SUBMISSION;VEV_4500;XIREC;757.0;7
671800;;SUBMISSION;VEV_4500;XIREC;755.0;10
671900;;SUBMISSION;VELVETFRUIT_EXTRACT;XIREC;5262.0;17
671900;;SUBMISSION;VEV_4000;XIREC;1254.0;10
671900;;SUBMISSION;VEV_4000;XIREC;1252.0;7
671900;;SUBMISSION;VEV_4500;XIREC;757.0;8
671900;;SUBMISSION;VEV_4500;XIREC;755.0;9
672000;;SUBMISSION;VELVETFRUIT_EXTRACT;XIREC;5262.0;17
672000;;SUBMISSION;VEV_4000;XIREC;1254.0;15
672000;;SUBMISSION;VEV_4000;XIREC;1252.0;2
672000;;SUBMISSION;VEV_4500;XIREC;757.0;12
672000;;SUBMISSION;VEV_4500;XIREC;755.0;5
672100;;SUBMISSION;VELVETFRUIT_EXTRACT;XIREC;5262.0;17
672100;;SUBMISSION;VEV_4000;XIREC;1254.0;11
672100;;SUBMISSION;VEV_4000;XIREC;1252.0;6
672100;;SUBMISSION;VEV_4500;XIREC;757.0;12
672100;;SUBMISSION;VEV_4500;XIREC;755.0;5
672200;;SUBMISSION;VELVETFRUIT_EXTRACT;XIREC;5263.0;9
672200;;SUBMISSION;VEV_4000;XIREC;1255.0;11
672200;;SUBMISSION;VEV_4000;XIREC;1253.0;6
672200;;SUBMISSION;VEV_4500;XIREC;758.0;11
672200;;SUBMISSION;VEV_4500;XIREC;756.0;6
672200;;SUBMISSION;VEV_5000;XIREC;265.0;17
672300;;SUBMISSION;VEV_4000;XIREC;1256.0;8
672300;;SUBMISSION;VEV_4000;XIREC;1253.0;9
672300;;SUBMISSION;VEV_4500;XIREC;758.0;10
672300;;SUBMISSION;VEV_4500;XIREC;757.0;7
672300;;SUBMISSION;VEV_5000;XIREC;266.0;10
672300;;SUBMISSION;VEV_5000;XIREC;265.0;7
672400;;SUBMISSION;VEV_4000;XIREC;1257.0;15
672400;;SUBMISSION;VEV_4000;XIREC;1254.0;2
672400;;SUBMISSION;VEV_4500;XIREC;759.0;12
672400;;SUBMISSION;VEV_4500;XIREC;757.0;5
672400;;SUBMISSION;VEV_5000;XIREC;267.0;12
672400;;SUBMISSION;VEV_5000;XIREC;266.0;5
672500;;SUBMISSION;VEV_4000;XIREC;1258.0;7
672500;;SUBMISSION;VEV_4000;XIREC;1256.0;10
672500;;SUBMISSION;VEV_4500;XIREC;761.0;9
672500;;SUBMISSION;VEV_4500;XIREC;759.0;8
672500;;SUBMISSION;VEV_5000;XIREC;268.0;17
672500;;SUBMISSION;VEV_5100;XIREC;176.0;17
672600;;SUBMISSION;VEV_4000;XIREC;1258.0;11
672600;;SUBMISSION;VEV_4000;XIREC;1255.0;6
672600;;SUBMISSION;VEV_4500;XIREC;760.0;11
672600;;SUBMISSION;VEV_4500;XIREC;759.0;6
672600;;SUBMISSION;VEV_5000;XIREC;268.0;11
672600;;SUBMISSION;VEV_5000;XIREC;267.0;6
672600;Mark 55;Mark 14;VELVETFRUIT_EXTRACT;XIREC;5271.0;3
672700;;SUBMISSION;VEV_4000;XIREC;1260.0;15
672700;;SUBMISSION;VEV_4000;XIREC;1257.0;2
672700;;SUBMISSION;VEV_4500;XIREC;762.0;7
672700;;SUBMISSION;VEV_4500;XIREC;760.0;10
672700;;SUBMISSION;VEV_5000;XIREC;270.0;7
672700;;SUBMISSION;VEV_5000;XIREC;269.0;10
672700;;SUBMISSION;VEV_5100;XIREC;177.0;17
672800;;SUBMISSION;VEV_4000;XIREC;1261.0;7
672800;;SUBMISSION;VEV_4000;XIREC;1259.0;10
672800;;SUBMISSION;VEV_4500;XIREC;764.0;11
672800;;SUBMISSION;VEV_4500;XIREC;762.0;6
672800;;SUBMISSION;VEV_5000;XIREC;271.0;11
672800;;SUBMISSION;VEV_5000;XIREC;270.0;6
672800;;SUBMISSION;VEV_5100;XIREC;179.0;11
672800;;SUBMISSION;VEV_5100;XIREC;178.0;6
672800;Mark 67;Mark 49;VELVETFRUIT_EXTRACT;XIREC;5271.0;10
672900;;SUBMISSION;VEV_4000;XIREC;1262.0;14
672900;;SUBMISSION;VEV_4000;XIREC;1260.0;3
672900;;SUBMISSION;VEV_4500;XIREC;765.0;6
672900;;SUBMISSION;VEV_4500;XIREC;763.0;11
672900;;SUBMISSION;VEV_5000;XIREC;272.0;6
672900;;SUBMISSION;VEV_5000;XIREC;271.0;11
672900;;SUBMISSION;VEV_5100;XIREC;179.0;17
673000;;SUBMISSION;VEV_4000;XIREC;1262.0;14
673000;;SUBMISSION;VEV_4000;XIREC;1260.0;3
673000;;SUBMISSION;VEV_4500;XIREC;765.0;11
673000;;SUBMISSION;VEV_4500;XIREC;763.0;6
673000;;SUBMISSION;VEV_5000;XIREC;272.0;11
673000;;SUBMISSION;VEV_5000;XIREC;271.0;6
673000;;SUBMISSION;VEV_5100;XIREC;180.0;11
673000;;SUBMISSION;VEV_5100;XIREC;179.0;6
673000;;SUBMISSION;VEV_5200;XIREC;102.0;17
673000;Mark 01;Mark 55;VELVETFRUIT_EXTRACT;XIREC;5270.0;5
673100;;SUBMISSION;VEV_4000;XIREC;1264.0;14
673100;;SUBMISSION;VEV_4000;XIREC;1261.0;3
673100;;SUBMISSION;VEV_4500;XIREC;766.0;10
673100;;SUBMISSION;VEV_4500;XIREC;764.0;7
673100;;SUBMISSION;VEV_5000;XIREC;274.0;10
673100;;SUBMISSION;VEV_5000;XIREC;273.0;7
673100;;SUBMISSION;VEV_5100;XIREC;181.0;17
673100;;SUBMISSION;VEV_5200;XIREC;104.0;10
673100;;SUBMISSION;VEV_5200;XIREC;103.0;7
673200;;SUBMISSION;VEV_4000;XIREC;1262.0;11
673200;;SUBMISSION;VEV_4000;XIREC;1259.0;6
673200;;SUBMISSION;VEV_4500;XIREC;764.0;8
673200;;SUBMISSION;VEV_4500;XIREC;762.0;9
673200;;SUBMISSION;VEV_5000;XIREC;271.0;17
673200;;SUBMISSION;VEV_5100;XIREC;179.0;17
673300;;SUBMISSION;VEV_4000;XIREC;1262.0;15
673300;;SUBMISSION;VEV_4000;XIREC;1259.0;2
673300;;SUBMISSION;VEV_4500;XIREC;764.0;12
673300;;SUBMISSION;VEV_4500;XIREC;762.0;5
673300;;SUBMISSION;VEV_5000;XIREC;272.0;12
673300;;SUBMISSION;VEV_5000;XIREC;271.0;5
673300;;SUBMISSION;VEV_5100;XIREC;179.0;17
673400;;SUBMISSION;VEV_4000;XIREC;1262.0;5
673400;;SUBMISSION;VEV_4500;XIREC;764.0;5
673400;;SUBMISSION;VEV_5000;XIREC;272.0;11
673400;;SUBMISSION;VEV_5000;XIREC;271.0;6
673400;;SUBMISSION;VEV_5100;XIREC;179.0;17
673500;;SUBMISSION;VEV_5000;XIREC;272.0;10
673500;;SUBMISSION;VEV_5000;XIREC;271.0;7
673500;;SUBMISSION;VEV_5100;XIREC;179.0;17
673600;;SUBMISSION;VEV_5000;XIREC;271.0;17
673600;;SUBMISSION;VEV_5100;XIREC;179.0;12
673600;;SUBMISSION;VEV_5100;XIREC;178.0;5
673600;Mark 55;Mark 01;VELVETFRUIT_EXTRACT;XIREC;5275.0;6
673700;;SUBMISSION;VEV_5000;XIREC;270.0;6
673700;;SUBMISSION;VEV_5000;XIREC;269.0;11
673700;;SUBMISSION;VEV_5100;XIREC;178.0;6
673700;;SUBMISSION;VEV_5100;XIREC;177.0;11
673800;;SUBMISSION;VEV_5000;XIREC;269.0;17
673800;;SUBMISSION;VEV_5100;XIREC;177.0;17
673900;;SUBMISSION;VEV_5000;XIREC;270.0;9
673900;;SUBMISSION;VEV_5000;XIREC;269.0;8
673900;;SUBMISSION;VEV_5100;XIREC;178.0;9
673900;;SUBMISSION;VEV_5100;XIREC;177.0;8
674000;;SUBMISSION;VEV_5000;XIREC;271.0;6
674000;;SUBMISSION;VEV_5000;XIREC;270.0;11
674000;;SUBMISSION;VEV_5100;XIREC;179.0;6
674000;;SUBMISSION;VEV_5100;XIREC;178.0;11
674000;Mark 38;Mark 14;HYDROGEL_PACK;XIREC;10015.0;2
674100;;SUBMISSION;VEV_5000;XIREC;272.0;10
674100;;SUBMISSION;VEV_5000;XIREC;271.0;7
674100;;SUBMISSION;VEV_5100;XIREC;179.0;17
674200;;SUBMISSION;VEV_5000;XIREC;270.0;17
674200;;SUBMISSION;VEV_5100;XIREC;178.0;17
674300;;SUBMISSION;VEV_5000;XIREC;270.0;17
674300;;SUBMISSION;VEV_5100;XIREC;178.0;17
674400;;SUBMISSION;VEV_5000;XIREC;269.0;12
674400;;SUBMISSION;VEV_5000;XIREC;268.0;5
674400;;SUBMISSION;VEV_5100;XIREC;177.0;12
674400;;SUBMISSION;VEV_5100;XIREC;176.0;5
674400;Mark 38;Mark 14;HYDROGEL_PACK;XIREC;10012.0;4
674500;;SUBMISSION;VEV_5000;XIREC;269.0;9
674500;;SUBMISSION;VEV_5000;XIREC;268.0;8
674500;;SUBMISSION;VEV_5100;XIREC;177.0;9
674500;;SUBMISSION;VEV_5100;XIREC;176.0;8
674600;;SUBMISSION;VEV_5000;XIREC;270.0;8
674600;;SUBMISSION;VEV_5000;XIREC;269.0;9
674600;;SUBMISSION;VEV_5100;XIREC;177.0;17
674700;;SUBMISSION;VEV_5000;XIREC;270.0;9
674700;;SUBMISSION;VEV_5000;XIREC;269.0;8
674700;;SUBMISSION;VEV_5100;XIREC;177.0;17
674800;;SUBMISSION;VEV_5000;XIREC;271.0;8
674800;;SUBMISSION;VEV_5000;XIREC;270.0;9
674800;;SUBMISSION;VEV_5100;XIREC;179.0;8
674800;;SUBMISSION;VEV_5100;XIREC;178.0;9
674900;;SUBMISSION;VEV_5000;XIREC;272.0;17
674900;;SUBMISSION;VEV_5100;XIREC;180.0;17
674900;;SUBMISSION;VEV_5200;XIREC;103.0;7
674900;;SUBMISSION;VEV_5200;XIREC;102.0;10
675000;;SUBMISSION;VEV_5000;XIREC;271.0;5
675000;;SUBMISSION;VEV_5100;XIREC;179.0;17
675100;;SUBMISSION;VEV_5100;XIREC;177.0;17
675200;;SUBMISSION;VEV_5100;XIREC;178.0;6
675200;;SUBMISSION;VEV_5100;XIREC;177.0;11
675300;;SUBMISSION;VEV_5100;XIREC;176.0;17
675300;Mark 38;Mark 14;HYDROGEL_PACK;XIREC;10017.0;2
675400;;SUBMISSION;VEV_5100;XIREC;177.0;17
675500;;SUBMISSION;VEV_5100;XIREC;177.0;17
675600;;SUBMISSION;VEV_5100;XIREC;177.0;11
675600;;SUBMISSION;VEV_5100;XIREC;176.0;6
675600;Mark 38;Mark 14;HYDROGEL_PACK;XIREC;10018.0;3
675600;Mark 55;Mark 14;VELVETFRUIT_EXTRACT;XIREC;5272.0;7
675700;;SUBMISSION;VEV_5100;XIREC;176.0;17
676100;;SUBMISSION;VEV_5100;XIREC;176.0;17
676200;;SUBMISSION;VEV_5100;XIREC;177.0;17
676300;;SUBMISSION;VEV_5100;XIREC;177.0;17
676400;;SUBMISSION;VEV_5100;XIREC;177.0;5
676600;Mark 38;Mark 14;VEV_4000;XIREC;1279.0;2
678700;Mark 38;Mark 14;HYDROGEL_PACK;XIREC;10013.0;6
678800;;SUBMISSION;VEV_5200;XIREC;103.0;17
678900;;SUBMISSION;VEV_5200;XIREC;103.0;9
678900;;SUBMISSION;VEV_5200;XIREC;102.0;8
679000;;SUBMISSION;VEV_5200;XIREC;103.0;17
679000;Mark 67;Mark 22;VELVETFRUIT_EXTRACT;XIREC;5273.0;5
679100;;SUBMISSION;VEV_5200;XIREC;103.0;17
679200;;SUBMISSION;VEV_5200;XIREC;103.0;10
679200;;SUBMISSION;VEV_5200;XIREC;102.0;7
679300;;SUBMISSION;VEV_5200;XIREC;103.0;17
679400;;SUBMISSION;VEV_5200;XIREC;104.0;17
679500;;SUBMISSION;VEV_5200;XIREC;105.0;11
679500;;SUBMISSION;VEV_5200;XIREC;104.0;6
679500;;SUBMISSION;VEV_5300;XIREC;51.0;9
679500;;SUBMISSION;VEV_5300;XIREC;50.0;8
679600;;SUBMISSION;VEV_5200;XIREC;105.0;6
679600;;SUBMISSION;VEV_5200;XIREC;104.0;11
679700;;SUBMISSION;VEV_5200;XIREC;105.0;17
679700;;SUBMISSION;VEV_5300;XIREC;51.0;17
679800;;SUBMISSION;VEV_5200;XIREC;105.0;9
679800;;SUBMISSION;VEV_5200;XIREC;104.0;8
679800;;SUBMISSION;VEV_5300;XIREC;51.0;7
679800;;SUBMISSION;VEV_5300;XIREC;50.0;10
679900;;SUBMISSION;VEV_5200;XIREC;105.0;12
679900;;SUBMISSION;VEV_5200;XIREC;104.0;5
679900;;SUBMISSION;VEV_5300;XIREC;51.0;8
679900;;SUBMISSION;VEV_5300;XIREC;50.0;9
680000;;SUBMISSION;VEV_5200;XIREC;104.0;17
680100;;SUBMISSION;VEV_5200;XIREC;104.0;12
680100;;SUBMISSION;VEV_5200;XIREC;103.0;5
680300;;SUBMISSION;VEV_5200;XIREC;103.0;8
680300;;SUBMISSION;VEV_5200;XIREC;102.0;9
