timestamp,buyer,seller,symbol,currency,price,quantity
0,,SUBMISSION,VELVETFRUIT_EXTRACT,XIREC,5265.0,7
100,,SUBMISSION,VELVETFRUIT_EXTRACT,XIREC,5263.0,17
200,,SUBMISSION,VELVETFRUIT_EXTRACT,XIREC,5263.0,25
300,,SUBMISSION,VELVETFRUIT_EXTRACT,XIREC,5264.0,23
300,,SUBMISSION,VELVETFRUIT_EXTRACT,XIREC,5263.0,3
400,,SUBMISSION,VELVETFRUIT_EXTRACT,XIREC,5262.0,24
500,,SUBMISSION,VELVETFRUIT_EXTRACT,XIREC,5261.0,19
500,,SUBMISSION,VELVETFRUIT_EXTRACT,XIREC,5260.0,3
900,Mark 67,SUBMISSION,VELVETFRUIT_EXTRACT,XIREC,5261.0,8
1100,,SUBMISSION,VELVETFRUIT_EXTRACT,XIREC,5261.0,2
1100,,SUBMISSION,VEV_5000,XIREC,264.0,8
1100,,SUBMISSION,VEV_5000,XIREC,263.0,12
1300,Mark 14,Mark 38,VEV_4000,XIREC,1251.0,3
1400,,SUBMISSION,VELVETFRUIT_EXTRACT,XIREC,5261.0,1
1400,,SUBMISSION,VEV_5000,XIREC,264.0,12
1400,,SUBMISSION,VEV_5000,XIREC,263.0,10
1500,,SUBMISSION,VELVETFRUIT_EXTRACT,XIREC,5262.0,2
1500,,SUBMISSION,VEV_5000,XIREC,265.0,10
1500,,SUBMISSION,VEV_5000,XIREC,264.0,12
1600,,SUBMISSION,VEV_5000,XIREC,265.0,7
1600,,SUBMISSION,VEV_5000,XIREC,264.0,13
1600,,SUBMISSION,VEV_5100,XIREC,174.0,4
1700,,SUBMISSION,VELVETFRUIT_EXTRACT,XIREC,5263.0,3
1700,,SUBMISSION,VEV_5000,XIREC,266.0,6
1700,,SUBMISSION,VEV_5000,XIREC,265.0,13
1700,,SUBMISSION,VEV_5100,XIREC,176.0,4
1800,,SUBMISSION,VEV_5000,XIREC,265.0,19
1900,,SUBMISSION,VEV_5000,XIREC,266.0,8
2000,,SUBMISSION,VEV_5000,XIREC,268.0,9
2100,,SUBMISSION,VEV_5000,XIREC,269.0,9
2100,,SUBMISSION,VEV_5000,XIREC,268.0,2
2200,,SUBMISSION,VEV_5000,XIREC,268.0,6
2200,,SUBMISSION,VEV_5000,XIREC,267.0,3
2300,,SUBMISSION,VEV_5000,XIREC,269.0,10
2400,,SUBMISSION,VEV_5000,XIREC,270.0,7
2400,,SUBMISSION,VEV_5000,XIREC,269.0,6
2500,,SUBMISSION,VEV_5000,XIREC,272.0,10
2500,,SUBMISSION,VEV_5000,XIREC,271.0,6
2600,,SUBMISSION,VEV_5000,XIREC,272.0,9
2600,,SUBMISSION,VEV_5000,XIREC,271.0,7
2700,,SUBMISSION,VEV_5100,XIREC,181.0,8
2700,,SUBMISSION,VEV_5100,XIREC,180.0,7
2700,Mark 01,Mark 55,VELVETFRUIT_EXTRACT,XIREC,5269.0,8
2800,,SUBMISSION,HYDROGEL_PACK,XIREC,10017.0,1
2800,,SUBMISSION,VEV_5100,XIREC,180.0,15
2900,,SUBMISSION,HYDROGEL_PACK,XIREC,10018.0,2
2900,Mark 55,SUBMISSION,VELVETFRUIT_EXTRACT,XIREC,5271.0,8
2900,,SUBMISSION,VEV_5100,XIREC,178.0,12
3000,,SUBMISSION,HYDROGEL_PACK,XIREC,10019.0,3
3000,,SUBMISSION,VEV_5100,XIREC,179.0,12
3100,,SUBMISSION,HYDROGEL_PACK,XIREC,10019.0,3
3100,,SUBMISSION,VEV_5100,XIREC,181.0,11
3100,,SUBMISSION,VEV_5100,XIREC,180.0,4
3200,,SUBMISSION,HYDROGEL_PACK,XIREC,10022.0,6
3200,,SUBMISSION,VEV_5100,XIREC,181.0,16
3300,,SUBMISSION,HYDROGEL_PACK,XIREC,10021.0,5
3300,,SUBMISSION,VEV_5100,XIREC,182.0,17
3400,,SUBMISSION,HYDROGEL_PACK,XIREC,10023.0,7
3400,,SUBMISSION,VEV_5100,XIREC,183.0,10
3400,,SUBMISSION,VEV_5100,XIREC,182.0,8
3500,,SUBMISSION,HYDROGEL_PACK,XIREC,10021.0,5
3500,,SUBMISSION,VEV_5100,XIREC,182.0,12
3500,,SUBMISSION,VEV_5100,XIREC,181.0,5
3600,,SUBMISSION,HYDROGEL_PACK,XIREC,10022.0,6
3600,,SUBMISSION,VEV_5100,XIREC,182.0,13
3600,,SUBMISSION,VEV_5200,XIREC,107.0,5
3700,,SUBMISSION,HYDROGEL_PACK,XIREC,10021.0,5
3700,,SUBMISSION,VEV_5200,XIREC,107.0,17
3800,,SUBMISSION,HYDROGEL_PACK,XIREC,10020.0,4
3800,,SUBMISSION,VEV_5200,XIREC,107.0,17
3900,,SUBMISSION,VEV_5200,XIREC,107.0,17
4000,,SUBMISSION,HYDROGEL_PACK,XIREC,10018.0,2
4000,,SUBMISSION,VEV_5200,XIREC,107.0,6
4000,,SUBMISSION,VEV_5200,XIREC,106.0,9
4100,,SUBMISSION,HYDROGEL_PACK,XIREC,10020.0,4
4100,,SUBMISSION,VEV_5200,XIREC,107.0,16
4200,,SUBMISSION,HYDROGEL_PACK,XIREC,10022.0,6
4200,,SUBMISSION,VEV_5200,XIREC,108.0,7
4200,,SUBMISSION,VEV_5200,XIREC,107.0,11
4300,,SUBMISSION,HYDROGEL_PACK,XIREC,10019.0,3
4300,,SUBMISSION,VEV_5200,XIREC,108.0,3
4300,,SUBMISSION,VEV_5200,XIREC,108.0,3
4300,,SUBMISSION,VEV_5300,XIREC,55.0,12
4400,,SUBMISSION,HYDROGEL_PACK,XIREC,10020.0,4
4400,,SUBMISSION,VEV_5300,XIREC,54.0,15
4500,,SUBMISSION,HYDROGEL_PACK,XIREC,10017.0,1
4500,,SUBMISSION,VEV_5300,XIREC,54.0,15
4600,,SUBMISSION,HYDROGEL_PACK,XIREC,10017.0,1
4600,,SUBMISSION,VEV_5300,XIREC,53.0,11
4700,,SUBMISSION,HYDROGEL_PACK,XIREC,10017.0,2
4700,,SUBMISSION,VEV_5300,XIREC,53.0,12
4800,,SUBMISSION,HYDROGEL_PACK,XIREC,10017.0,1
4800,Mark 55,SUBMISSION,VELVETFRUIT_EXTRACT,XIREC,5272.0,3
4800,,SUBMISSION,VEV_5300,XIREC,53.0,11
4900,,SUBMISSION,HYDROGEL_PACK,XIREC,10020.0,4
4900,,SUBMISSION,VEV_5300,XIREC,54.0,8
5000,,SUBMISSION,HYDROGEL_PACK,XIREC,10019.0,4
5100,,SUBMISSION,HYDROGEL_PACK,XIREC,10016.0,1
5300,,SUBMISSION,VEV_5300,XIREC,54.0,1
5600,,SUBMISSION,VEV_5300,XIREC,56.0,1
5600,,SUBMISSION,VEV_5300,XIREC,56.0,1
5700,Mark 01,Mark 55,VELVETFRUIT_EXTRACT,XIREC,5273.0,5
5900,,SUBMISSION,VEV_5100,XIREC,183.0,1
6100,,SUBMISSION,VEV_5000,XIREC,274.0,1
6800,,SUBMISSION,HYDROGEL_PACK,XIREC,10016.0,1
7800,,SUBMISSION,VEV_4000,XIREC,1270.0,2
7800,,SUBMISSION,VEV_4500,XIREC,770.0,2
9000,Mark 38,Mark 14,VEV_4000,XIREC,1278.0,1
9400,,SUBMISSION,VEV_5000,XIREC,264.0,1
9400,,SUBMISSION,VEV_5000,XIREC,264.0,1
9400,,SUBMISSION,VEV_5100,XIREC,174.0,1
9900,Mark 22,Mark 55,VELVETFRUIT_EXTRACT,XIREC,5261.0,5
10000,,SUBMISSION,HYDROGEL_PACK,XIREC,10015.0,1
10100,,SUBMISSION,HYDROGEL_PACK,XIREC,10018.0,5
10200,,SUBMISSION,HYDROGEL_PACK,XIREC,10017.0,4
10200,Mark 14,Mark 38,HYDROGEL_PACK,XIREC,10017.0,6
10300,,SUBMISSION,HYDROGEL_PACK,XIREC,10017.0,4
10400,,SUBMISSION,HYDROGEL_PACK,XIREC,10015.0,1
10700,Mark 55,SUBMISSION,VELVETFRUIT_EXTRACT,XIREC,5264.0,4
11100,,SUBMISSION,HYDROGEL_PACK,XIREC,10015.0,2
11200,,SUBMISSION,HYDROGEL_PACK,XIREC,10014.0,1
11200,Mark 38,SUBMISSION,HYDROGEL_PACK,XIREC,10029.0,4
11400,,SUBMISSION,VEV_5000,XIREC,267.0,1
11400,,SUBMISSION,VEV_5000,XIREC,267.0,1
11400,,SUBMISSION,VEV_5100,XIREC,176.0,1
12100,Mark 67,SUBMISSION,VELVETFRUIT_EXTRACT,XIREC,5267.0,5
12600,Mark 01,Mark 55,VELVETFRUIT_EXTRACT,XIREC,5264.0,3
13100,Mark 01,Mark 22,VEV_5400,XIREC,16.0,3
13100,Mark 01,Mark 22,VEV_5500,XIREC,6.0,3
13100,Mark 01,Mark 22,VEV_6000,XIREC,0.0,3
13100,Mark 01,Mark 22,VEV_6500,XIREC,0.0,3
13900,Mark 55,SUBMISSION,VELVETFRUIT_EXTRACT,XIREC,5268.0,4
14600,,SUBMISSION,HYDROGEL_PACK,XIREC,10016.0,2
15200,,SUBMISSION,HYDROGEL_PACK,XIREC,10017.0,2
15400,,SUBMISSION,HYDROGEL_PACK,XIREC,10018.0,1
15500,,SUBMISSION,HYDROGEL_PACK,XIREC,10022.0,1
15700,,SUBMISSION,HYDROGEL_PACK,XIREC,10019.0,1
15700,Mark 38,SUBMISSION,HYDROGEL_PACK,XIREC,10034.0,2
16300,Mark 55,SUBMISSION,VELVETFRUIT_EXTRACT,XIREC,5274.0,5
16400,,SUBMISSION,HYDROGEL_PACK,XIREC,10021.0,1
17400,Mark 14,Mark 55,VELVETFRUIT_EXTRACT,XIREC,5274.0,3
19100,Mark 38,SUBMISSION,HYDROGEL_PACK,XIREC,10019.0,6
19100,,SUBMISSION,VEV_4000,XIREC,1269.0,2
19100,,SUBMISSION,VEV_4500,XIREC,769.0,2
19700,,SUBMISSION,VELVETFRUIT_EXTRACT,XIREC,5265.0,8
20900,Mark 01,Mark 22,VEV_5300,XIREC,53.0,5
20900,Mark 01,Mark 22,VEV_5400,XIREC,17.0,5
20900,Mark 01,Mark 22,VEV_5500,XIREC,7.0,5
20900,Mark 01,Mark 22,VEV_6000,XIREC,0.0,5
20900,Mark 01,Mark 22,VEV_6500,XIREC,0.0,5
23100,,SUBMISSION,VEV_5100,XIREC,176.0,1
23100,,SUBMISSION,VEV_5200,XIREC,103.0,1
23100,,SUBMISSION,VEV_5200,XIREC,103.0,1
23100,,SUBMISSION,VEV_5300,XIREC,51.0,1
23100,Mark 01,Mark 55,VELVETFRUIT_EXTRACT,XIREC,5264.0,4
23500,Mark 01,Mark 22,VEV_5400,XIREC,16.0,2
23500,Mark 01,Mark 22,VEV_5500,XIREC,6.0,2
23500,Mark 01,Mark 22,VEV_6000,XIREC,0.0,2
23500,Mark 01,Mark 22,VEV_6500,XIREC,0.0,2
24600,,SUBMISSION,VEV_4000,XIREC,1265.0,4
24600,,SUBMISSION,VEV_4500,XIREC,765.0,4
25500,SUBMISSION,,HYDROGEL_PACK,XIREC,9994.0,1
25500,Mark 14,Mark 55,VELVETFRUIT_EXTRACT,XIREC,5264.0,6
25600,SUBMISSION,,HYDROGEL_PACK,XIREC,9994.0,1
25700,SUBMISSION,,HYDROGEL_PACK,XIREC,9992.0,4
25800,SUBMISSION,,HYDROGEL_PACK,XIREC,9992.0,4
25900,SUBMISSION,,HYDROGEL_PACK,XIREC,9994.0,1
26000,SUBMISSION,,HYDROGEL_PACK,XIREC,9994.0,1
26500,Mark 55,SUBMISSION,VELVETFRUIT_EXTRACT,XIREC,5268.0,6
26700,SUBMISSION,,HYDROGEL_PACK,XIREC,9993.0,3
26800,SUBMISSION,,HYDROGEL_PACK,XIREC,9987.0,5
29200,SUBMISSION,Mark 38,HYDROGEL_PACK,XIREC,9994.0,4
29500,Mark 01,Mark 22,VEV_5400,XIREC,16.0,2
29500,Mark 01,Mark 22,VEV_5500,XIREC,6.0,2
29500,Mark 01,Mark 22,VEV_6000,XIREC,0.0,2
29500,Mark 01,Mark 22,VEV_6500,XIREC,0.0,2
30900,SUBMISSION,,HYDROGEL_PACK,XIREC,9996.0,1
31000,SUBMISSION,,HYDROGEL_PACK,XIREC,9996.0,1
32500,Mark 55,SUBMISSION,VELVETFRUIT_EXTRACT,XIREC,5265.0,4
33300,Mark 55,SUBMISSION,VELVETFRUIT_EXTRACT,XIREC,5270.0,4
33300,Mark 55,Mark 01,VELVETFRUIT_EXTRACT,XIREC,5271.0,3
34100,Mark 38,Mark 14,VEV_4000,XIREC,1282.0,1
35200,,SUBMISSION,VEV_4000,XIREC,1266.0,2
35200,,SUBMISSION,VEV_4500,XIREC,766.0,2
35700,Mark 55,SUBMISSION,VELVETFRUIT_EXTRACT,XIREC,5269.0,3
35800,Mark 14,Mark 55,VELVETFRUIT_EXTRACT,XIREC,5264.0,7
35900,SUBMISSION,,HYDROGEL_PACK,XIREC,9996.0,3
36100,SUBMISSION,,HYDROGEL_PACK,XIREC,9997.0,2
36100,Mark 55,SUBMISSION,VELVETFRUIT_EXTRACT,XIREC,5270.0,2
36100,Mark 55,Mark 01,VELVETFRUIT_EXTRACT,XIREC,5271.0,2
37100,SUBMISSION,,HYDROGEL_PACK,XIREC,9997.0,2
37200,SUBMISSION,,HYDROGEL_PACK,XIREC,9996.0,4
37300,SUBMISSION,,HYDROGEL_PACK,XIREC,9996.0,4
37400,SUBMISSION,,HYDROGEL_PACK,XIREC,9993.0,9
37500,SUBMISSION,,HYDROGEL_PACK,XIREC,9993.0,9
37600,SUBMISSION,,HYDROGEL_PACK,XIREC,9992.0,11
37700,SUBMISSION,,HYDROGEL_PACK,XIREC,9992.0,11
37800,SUBMISSION,,HYDROGEL_PACK,XIREC,9994.0,1
37900,SUBMISSION,,HYDROGEL_PACK,XIREC,9992.0,11
38000,SUBMISSION,,HYDROGEL_PACK,XIREC,9994.0,7
38100,SUBMISSION,,HYDROGEL_PACK,XIREC,9992.0,11
38200,SUBMISSION,,HYDROGEL_PACK,XIREC,9992.0,11
38300,SUBMISSION,,HYDROGEL_PACK,XIREC,9995.0,5
38400,SUBMISSION,,HYDROGEL_PACK,XIREC,9993.0,9
38400,Mark 14,Mark 55,VELVETFRUIT_EXTRACT,XIREC,5265.0,8
38500,SUBMISSION,,HYDROGEL_PACK,XIREC,9991.0,13
38600,SUBMISSION,,HYDROGEL_PACK,XIREC,9993.0,9
38700,SUBMISSION,,HYDROGEL_PACK,XIREC,9995.0,5
38800,SUBMISSION,,HYDROGEL_PACK,XIREC,9994.0,7
38900,SUBMISSION,,HYDROGEL_PACK,XIREC,9993.0,9
39000,SUBMISSION,,HYDROGEL_PACK,XIREC,9995.0,6
39100,SUBMISSION,,HYDROGEL_PACK,XIREC,9996.0,4
39200,SUBMISSION,,HYDROGEL_PACK,XIREC,9995.0,6
39300,SUBMISSION,,HYDROGEL_PACK,XIREC,9996.0,4
39300,,SUBMISSION,VEV_4000,XIREC,1264.0,3
39300,,SUBMISSION,VEV_4500,XIREC,764.0,2
39500,SUBMISSION,Mark 38,VEV_4000,XIREC,1255.0,2
40300,SUBMISSION,,HYDROGEL_PACK,XIREC,9997.0,2
40400,SUBMISSION,,HYDROGEL_PACK,XIREC,9996.0,4
40500,SUBMISSION,,HYDROGEL_PACK,XIREC,9995.0,6
40600,SUBMISSION,,HYDROGEL_PACK,XIREC,9996.0,4
40700,SUBMISSION,,HYDROGEL_PACK,XIREC,9997.0,2
40800,SUBMISSION,,HYDROGEL_PACK,XIREC,9997.0,2
40900,SUBMISSION,,HYDROGEL_PACK,XIREC,9996.0,4
41000,SUBMISSION,,HYDROGEL_PACK,XIREC,9995.0,3
41100,Mark 38,Mark 14,HYDROGEL_PACK,XIREC,9998.0,6
41700,Mark 55,SUBMISSION,VELVETFRUIT_EXTRACT,XIREC,5253.0,1
41700,Mark 55,Mark 01,VELVETFRUIT_EXTRACT,XIREC,5254.0,4
41900,SUBMISSION,,VELVETFRUIT_EXTRACT,XIREC,5253.0,70
41900,Mark 01,Mark 22,VEV_5400,XIREC,13.0,2
41900,Mark 01,Mark 22,VEV_5500,XIREC,5.0,2
41900,Mark 01,Mark 22,VEV_6000,XIREC,0.0,2
41900,Mark 01,Mark 22,VEV_6500,XIREC,0.0,2
42000,SUBMISSION,Mark 55,VELVETFRUIT_EXTRACT,XIREC,5248.0,8
42600,SUBMISSION,,HYDROGEL_PACK,XIREC,9994.0,3
42900,SUBMISSION,,HYDROGEL_PACK,XIREC,9993.0,3
42900,Mark 01,Mark 22,VEV_5400,XIREC,14.0,4
42900,Mark 01,Mark 22,VEV_5500,XIREC,5.0,4
42900,Mark 01,Mark 22,VEV_6000,XIREC,0.0,4
42900,Mark 01,Mark 22,VEV_6500,XIREC,0.0,4
43000,SUBMISSION,Mark 55,VELVETFRUIT_EXTRACT,XIREC,5250.0,8
43900,SUBMISSION,,HYDROGEL_PACK,XIREC,9992.0,2
44000,SUBMISSION,Mark 38,HYDROGEL_PACK,XIREC,9979.0,4
44200,SUBMISSION,,HYDROGEL_PACK,XIREC,9984.0,6
44700,Mark 14,Mark 55,VELVETFRUIT_EXTRACT,XIREC,5255.0,8
44800,SUBMISSION,,HYDROGEL_PACK,XIREC,9983.0,2
44900,,SUBMISSION,VELVETFRUIT_EXTRACT,XIREC,5256.0,21
44900,Mark 67,Mark 49,VELVETFRUIT_EXTRACT,XIREC,5257.0,14
45100,Mark 38,Mark 14,HYDROGEL_PACK,XIREC,9991.0,3
45100,Mark 14,Mark 22,VEV_5400,XIREC,15.0,5
45100,Mark 01,Mark 22,VEV_5500,XIREC,5.0,5
45100,Mark 01,Mark 22,VEV_6000,XIREC,0.0,5
45100,Mark 01,Mark 22,VEV_6500,XIREC,0.0,5
45200,SUBMISSION,,HYDROGEL_PACK,XIREC,9981.0,3
46800,Mark 14,Mark 55,VELVETFRUIT_EXTRACT,XIREC,5256.0,8
47000,SUBMISSION,,HYDROGEL_PACK,XIREC,9982.0,6
47100,SUBMISSION,,HYDROGEL_PACK,XIREC,9981.0,2
47200,SUBMISSION,,HYDROGEL_PACK,XIREC,9979.0,4
47500,SUBMISSION,,HYDROGEL_PACK,XIREC,9973.0,8
48100,Mark 55,SUBMISSION,VELVETFRUIT_EXTRACT,XIREC,5260.0,7
48400,Mark 67,SUBMISSION,VELVETFRUIT_EXTRACT,XIREC,5257.0,5
49400,SUBMISSION,Mark 38,HYDROGEL_PACK,XIREC,9959.0,4
49800,Mark 38,Mark 14,HYDROGEL_PACK,XIREC,9960.0,3
50200,SUBMISSION,Mark 38,VEV_4000,XIREC,1250.0,3
52600,Mark 55,SUBMISSION,VELVETFRUIT_EXTRACT,XIREC,5262.0,8
52900,Mark 01,Mark 22,VEV_5500,XIREC,6.0,5
52900,Mark 01,Mark 22,VEV_6000,XIREC,0.0,5
52900,Mark 01,Mark 22,VEV_6500,XIREC,0.0,5
53200,Mark 55,SUBMISSION,VELVETFRUIT_EXTRACT,XIREC,5263.0,5
53600,Mark 01,Mark 55,VELVETFRUIT_EXTRACT,XIREC,5257.0,5
55800,,SUBMISSION,VELVETFRUIT_EXTRACT,XIREC,5253.0,7
58300,Mark 38,Mark 14,HYDROGEL_PACK,XIREC,9963.0,6
58900,SUBMISSION,,VELVETFRUIT_EXTRACT,XIREC,5245.0,1
59100,SUBMISSION,,VELVETFRUIT_EXTRACT,XIREC,5245.0,1
59200,SUBMISSION,,VELVETFRUIT_EXTRACT,XIREC,5244.0,3
59200,Mark 55,Mark 01,VELVETFRUIT_EXTRACT,XIREC,5244.0,8
59400,SUBMISSION,,VELVETFRUIT_EXTRACT,XIREC,5245.0,2
59500,SUBMISSION,,VELVETFRUIT_EXTRACT,XIREC,5244.0,5
59600,SUBMISSION,,VELVETFRUIT_EXTRACT,XIREC,5244.0,5
59700,SUBMISSION,,VELVETFRUIT_EXTRACT,XIREC,5244.0,5
59800,SUBMISSION,,VELVETFRUIT_EXTRACT,XIREC,5245.0,2
59900,SUBMISSION,,VELVETFRUIT_EXTRACT,XIREC,5244.0,5
60100,SUBMISSION,,VELVETFRUIT_EXTRACT,XIREC,5245.0,2
60200,SUBMISSION,,VELVETFRUIT_EXTRACT,XIREC,5245.0,2
60300,SUBMISSION,,VELVETFRUIT_EXTRACT,XIREC,5245.0,2
60700,Mark 38,Mark 14,HYDROGEL_PACK,XIREC,9973.0,5
63800,Mark 38,Mark 14,VEV_4000,XIREC,1262.0,3
64300,SUBMISSION,Mark 55,VELVETFRUIT_EXTRACT,XIREC,5250.0,3
67600,Mark 55,SUBMISSION,VELVETFRUIT_EXTRACT,XIREC,5261.0,4
70000,Mark 01,Mark 55,VELVETFRUIT_EXTRACT,XIREC,5255.0,6
70400,Mark 55,SUBMISSION,VELVETFRUIT_EXTRACT,XIREC,5259.0,5
70900,Mark 38,Mark 14,HYDROGEL_PACK,XIREC,9994.0,2
71500,Mark 22,Mark 55,VELVETFRUIT_EXTRACT,XIREC,5251.0,4
71800,SUBMISSION,Mark 38,HYDROGEL_PACK,XIREC,9976.0,5
72700,Mark 38,Mark 14,HYDROGEL_PACK,XIREC,9988.0,3
73100,Mark 01,Mark 55,VELVETFRUIT_EXTRACT,XIREC,5256.0,7
73200,Mark 01,Mark 55,VELVETFRUIT_EXTRACT,XIREC,5254.0,5
75200,Mark 01,Mark 22,VEV_5300,XIREC,46.0,4
75200,Mark 01,Mark 22,VEV_5400,XIREC,14.0,4
75200,Mark 01,Mark 22,VEV_5500,XIREC,5.0,4
75200,Mark 01,Mark 22,VEV_6000,XIREC,0.0,4
75200,Mark 01,Mark 22,VEV_6500,XIREC,0.0,4
76700,Mark 55,SUBMISSION,VELVETFRUIT_EXTRACT,XIREC,5257.0,4
78700,SUBMISSION,Mark 38,HYDROGEL_PACK,XIREC,9940.0,3
79300,Mark 14,Mark 22,VEV_5300,XIREC,47.0,5
79300,Mark 01,Mark 22,VEV_5400,XIREC,14.0,5
79300,Mark 01,Mark 22,VEV_5500,XIREC,5.0,5
79300,Mark 01,Mark 22,VEV_6000,XIREC,0.0,5
79300,Mark 01,Mark 22,VEV_6500,XIREC,0.0,5
80800,Mark 38,Mark 14,VEV_4000,XIREC,1274.0,1
81000,,SUBMISSION,VELVETFRUIT_EXTRACT,XIREC,5262.0,1
81200,,SUBMISSION,VELVETFRUIT_EXTRACT,XIREC,5262.0,1
81500,,SUBMISSION,VELVETFRUIT_EXTRACT,XIREC,5263.0,4
81500,,SUBMISSION,VEV_5000,XIREC,266.0,2
81500,,SUBMISSION,VEV_5000,XIREC,266.0,2
81500,,SUBMISSION,VEV_5100,XIREC,176.0,1
81500,,SUBMISSION,VEV_5100,XIREC,176.0,1
81500,,SUBMISSION,VEV_5300,XIREC,50.0,1
81700,,SUBMISSION,VELVETFRUIT_EXTRACT,XIREC,5265.0,2
81900,,SUBMISSION,VELVETFRUIT_EXTRACT,XIREC,5265.0,3
81900,,SUBMISSION,VEV_5000,XIREC,267.0,1
81900,,SUBMISSION,VEV_5000,XIREC,267.0,1
81900,,SUBMISSION,VEV_5200,XIREC,103.0,1
81900,,SUBMISSION,VEV_5300,XIREC,51.0,1
81900,,SUBMISSION,VEV_5300,XIREC,51.0,1
82000,,SUBMISSION,VELVETFRUIT_EXTRACT,XIREC,5267.0,3
82000,,SUBMISSION,VEV_5100,XIREC,178.0,1
82000,,SUBMISSION,VEV_5200,XIREC,104.0,1
82100,Mark 55,SUBMISSION,VELVETFRUIT_EXTRACT,XIREC,5269.0,5
83000,Mark 55,SUBMISSION,VELVETFRUIT_EXTRACT,XIREC,5270.0,6
84100,Mark 55,SUBMISSION,VELVETFRUIT_EXTRACT,XIREC,5271.0,8
84400,Mark 55,SUBMISSION,VELVETFRUIT_EXTRACT,XIREC,5272.0,5
84800,Mark 55,SUBMISSION,VELVETFRUIT_EXTRACT,XIREC,5275.0,5
85500,Mark 55,SUBMISSION,VELVETFRUIT_EXTRACT,XIREC,5272.0,7
85500,Mark 38,Mark 14,HYDROGEL_PACK,XIREC,9954.0,2
85500,Mark 55,Mark 01,VELVETFRUIT_EXTRACT,XIREC,5273.0,1
86300,,SUBMISSION,VELVETFRUIT_EXTRACT,XIREC,5267.0,4
90100,Mark 38,Mark 14,HYDROGEL_PACK,XIREC,9931.0,3
91700,Mark 38,Mark 14,HYDROGEL_PACK,XIREC,9929.0,2
91700,Mark 14,Mark 55,VELVETFRUIT_EXTRACT,XIREC,5264.0,8
92600,Mark 55,SUBMISSION,VELVETFRUIT_EXTRACT,XIREC,5270.0,3
92600,Mark 55,Mark 01,VELVETFRUIT_EXTRACT,XIREC,5271.0,1
95100,Mark 01,Mark 55,VELVETFRUIT_EXTRACT,XIREC,5262.0,8
97200,Mark 55,SUBMISSION,VELVETFRUIT_EXTRACT,XIREC,5264.0,2
97200,Mark 55,Mark 14,VELVETFRUIT_EXTRACT,XIREC,5265.0,5
97400,Mark 01,Mark 55,VELVETFRUIT_EXTRACT,XIREC,5258.0,5
97600,SUBMISSION,Mark 38,HYDROGEL_PACK,XIREC,9938.0,2
98600,SUBMISSION,Mark 38,VEV_4000,XIREC,1256.0,1
99300,,SUBMISSION,VELVETFRUIT_EXTRACT,XIREC,5261.0,1
101800,Mark 38,Mark 14,HYDROGEL_PACK,XIREC,9984.0,3
102400,Mark 38,Mark 14,HYDROGEL_PACK,XIREC,9984.0,3
102600,Mark 14,Mark 22,VEV_5400,XIREC,16.0,2
102600,Mark 01,Mark 22,VEV_5500,XIREC,6.0,2
102600,Mark 01,Mark 22,VEV_6000,XIREC,0.0,2
102600,Mark 01,Mark 22,VEV_6500,XIREC,0.0,2
103300,SUBMISSION,Mark 38,VEV_4000,XIREC,1255.0,1
103500,Mark 01,Mark 55,VELVETFRUIT_EXTRACT,XIREC,5263.0,8
103700,SUBMISSION,Mark 38,VEV_4000,XIREC,1255.0,3
104500,Mark 38,Mark 14,HYDROGEL_PACK,XIREC,9984.0,2
105500,Mark 01,Mark 22,VEV_5300,XIREC,47.0,5
105500,Mark 01,Mark 22,VEV_5500,XIREC,5.0,5
105500,Mark 01,Mark 22,VEV_6000,XIREC,0.0,5
105500,Mark 01,Mark 22,VEV_6500,XIREC,0.0,5
106300,Mark 55,SUBMISSION,VELVETFRUIT_EXTRACT,XIREC,5261.0,1
106300,Mark 55,Mark 14,VELVETFRUIT_EXTRACT,XIREC,5262.0,6
108800,Mark 55,SUBMISSION,VELVETFRUIT_EXTRACT,XIREC,5262.0,1
108800,Mark 55,Mark 14,VELVETFRUIT_EXTRACT,XIREC,5263.0,2
109100,SUBMISSION,Mark 38,VEV_4000,XIREC,1255.0,1
109400,Mark 55,Mark 01,VELVETFRUIT_EXTRACT,XIREC,5266.0,6
109600,Mark 38,Mark 14,HYDROGEL_PACK,XIREC,9990.0,6
109800,Mark 55,SUBMISSION,VELVETFRUIT_EXTRACT,XIREC,5266.0,1
109800,Mark 55,Mark 14,VELVETFRUIT_EXTRACT,XIREC,5267.0,2
110500,Mark 55,Mark 14,VELVETFRUIT_EXTRACT,XIREC,5262.0,8
111300,Mark 55,Mark 01,VELVETFRUIT_EXTRACT,XIREC,5263.0,7
111900,SUBMISSION,Mark 38,VEV_4000,XIREC,1253.0,2
112600,Mark 67,Mark 49,VELVETFRUIT_EXTRACT,XIREC,5257.0,10
114500,Mark 38,Mark 14,HYDROGEL_PACK,XIREC,9994.0,5
114700,Mark 38,Mark 14,VEV_4000,XIREC,1269.0,2
116800,Mark 38,Mark 14,VEV_4000,XIREC,1268.0,2
118100,Mark 55,Mark 01,VELVETFRUIT_EXTRACT,XIREC,5260.0,3
119100,SUBMISSION,,VELVETFRUIT_EXTRACT,XIREC,5253.0,20
122900,Mark 01,Mark 55,VELVETFRUIT_EXTRACT,XIREC,5258.0,8
123500,,SUBMISSION,VEV_4000,XIREC,1264.0,5
123500,,SUBMISSION,VEV_4500,XIREC,764.0,5
124900,Mark 38,SUBMISSION,HYDROGEL_PACK,XIREC,10021.0,3
126800,Mark 38,SUBMISSION,HYDROGEL_PACK,XIREC,10014.0,2
129300,Mark 22,SUBMISSION,VELVETFRUIT_EXTRACT,XIREC,5254.0,3
129300,Mark 22,Mark 49,VELVETFRUIT_EXTRACT,XIREC,5255.0,5
129300,Mark 67,Mark 49,VELVETFRUIT_EXTRACT,XIREC,5255.0,5
129400,Mark 38,SUBMISSION,HYDROGEL_PACK,XIREC,10008.0,4
129600,Mark 14,Mark 55,VELVETFRUIT_EXTRACT,XIREC,5255.0,6
129700,Mark 01,Mark 22,VEV_5300,XIREC,46.0,4
129700,Mark 01,Mark 22,VEV_5400,XIREC,14.0,4
129700,Mark 01,Mark 22,VEV_5500,XIREC,5.0,4
129700,Mark 01,Mark 22,VEV_6000,XIREC,0.0,4
129700,Mark 01,Mark 22,VEV_6500,XIREC,0.0,4
130100,Mark 55,SUBMISSION,VELVETFRUIT_EXTRACT,XIREC,5255.0,3
130100,Mark 55,Mark 14,VELVETFRUIT_EXTRACT,XIREC,5256.0,2
130300,Mark 14,Mark 55,VELVETFRUIT_EXTRACT,XIREC,5252.0,6
133000,Mark 55,SUBMISSION,VELVETFRUIT_EXTRACT,XIREC,5259.0,3
133000,Mark 55,Mark 01,VELVETFRUIT_EXTRACT,XIREC,5260.0,4
134300,,SUBMISSION,VELVETFRUIT_EXTRACT,XIREC,5254.0,3
134300,Mark 67,Mark 49,VELVETFRUIT_EXTRACT,XIREC,5255.0,9
135500,Mark 55,SUBMISSION,VELVETFRUIT_EXTRACT,XIREC,5258.0,2
135500,Mark 55,Mark 01,VELVETFRUIT_EXTRACT,XIREC,5259.0,5
137000,Mark 14,Mark 38,HYDROGEL_PACK,XIREC,10007.0,3
137300,,SUBMISSION,HYDROGEL_PACK,XIREC,10012.0,1
137400,,SUBMISSION,HYDROGEL_PACK,XIREC,10013.0,2
137500,,SUBMISSION,HYDROGEL_PACK,XIREC,10012.0,1
137600,,SUBMISSION,HYDROGEL_PACK,XIREC,10015.0,5
137700,,SUBMISSION,HYDROGEL_PACK,XIREC,10013.0,2
137800,,SUBMISSION,HYDROGEL_PACK,XIREC,10012.0,1
138000,,SUBMISSION,HYDROGEL_PACK,XIREC,10014.0,3
138100,,SUBMISSION,HYDROGEL_PACK,XIREC,10014.0,3
138200,,SUBMISSION,HYDROGEL_PACK,XIREC,10016.0,6
138300,,SUBMISSION,HYDROGEL_PACK,XIREC,10014.0,4
138400,,SUBMISSION,VELVETFRUIT_EXTRACT,XIREC,5255.0,2
138600,,SUBMISSION,HYDROGEL_PACK,XIREC,10013.0,2
138700,,SUBMISSION,HYDROGEL_PACK,XIREC,10013.0,2
138700,Mark 55,SUBMISSION,VELVETFRUIT_EXTRACT,XIREC,5261.0,1
138700,Mark 55,Mark 01,VELVETFRUIT_EXTRACT,XIREC,5262.0,2
138800,,SUBMISSION,HYDROGEL_PACK,XIREC,10015.0,5
138900,,SUBMISSION,HYDROGEL_PACK,XIREC,10015.0,5
139000,,SUBMISSION,HYDROGEL_PACK,XIREC,10017.0,7
139100,,SUBMISSION,HYDROGEL_PACK,XIREC,10014.0,4
139200,,SUBMISSION,HYDROGEL_PACK,XIREC,10013.0,2
139300,,SUBMISSION,HYDROGEL_PACK,XIREC,10013.0,2
140400,,SUBMISSION,HYDROGEL_PACK,XIREC,10012.0,2
140500,Mark 55,SUBMISSION,VELVETFRUIT_EXTRACT,XIREC,5256.0,1
140500,Mark 55,Mark 22,VELVETFRUIT_EXTRACT,XIREC,5257.0,5
140700,,SUBMISSION,HYDROGEL_PACK,XIREC,10013.0,3
140900,,SUBMISSION,HYDROGEL_PACK,XIREC,10013.0,3
140900,SUBMISSION,Mark 38,VEV_4000,XIREC,1247.0,1
141000,,SUBMISSION,HYDROGEL_PACK,XIREC,10013.0,3
141100,,SUBMISSION,HYDROGEL_PACK,XIREC,10014.0,4
141200,,SUBMISSION,HYDROGEL_PACK,XIREC,10015.0,6
141300,,SUBMISSION,HYDROGEL_PACK,XIREC,10016.0,7
141400,,SUBMISSION,HYDROGEL_PACK,XIREC,10016.0,7
141500,,SUBMISSION,HYDROGEL_PACK,XIREC,10020.0,12
141600,,SUBMISSION,HYDROGEL_PACK,XIREC,10020.0,12
141700,,SUBMISSION,HYDROGEL_PACK,XIREC,10021.0,13
141800,,SUBMISSION,HYDROGEL_PACK,XIREC,10017.0,8
141900,,SUBMISSION,HYDROGEL_PACK,XIREC,10015.0,6
142000,,SUBMISSION,HYDROGEL_PACK,XIREC,10014.0,4
142100,,SUBMISSION,HYDROGEL_PACK,XIREC,10011.0,1
142200,,SUBMISSION,HYDROGEL_PACK,XIREC,10011.0,1
142300,,SUBMISSION,HYDROGEL_PACK,XIREC,10011.0,1
142300,Mark 55,SUBMISSION,VELVETFRUIT_EXTRACT,XIREC,5258.0,1
142300,Mark 55,Mark 14,VELVETFRUIT_EXTRACT,XIREC,5259.0,5
142400,,SUBMISSION,HYDROGEL_PACK,XIREC,10013.0,3
142500,,SUBMISSION,HYDROGEL_PACK,XIREC,10013.0,4
143100,,SUBMISSION,HYDROGEL_PACK,XIREC,10011.0,1
143100,Mark 55,Mark 01,VELVETFRUIT_EXTRACT,XIREC,5261.0,7
143800,SUBMISSION,Mark 38,HYDROGEL_PACK,XIREC,9997.0,5
143800,,SUBMISSION,VEV_4000,XIREC,1262.0,3
143800,,SUBMISSION,VEV_4500,XIREC,762.0,3
144300,Mark 55,SUBMISSION,VELVETFRUIT_EXTRACT,XIREC,5265.0,1
144300,,SUBMISSION,VEV_4000,XIREC,1262.0,3
144300,,SUBMISSION,VEV_4500,XIREC,762.0,3
144300,Mark 55,Mark 01,VELVETFRUIT_EXTRACT,XIREC,5266.0,5
144400,SUBMISSION,Mark 38,VEV_4000,XIREC,1254.0,1
145100,Mark 38,SUBMISSION,HYDROGEL_PACK,XIREC,10011.0,5
145400,SUBMISSION,Mark 38,HYDROGEL_PACK,XIREC,9996.0,2
145800,SUBMISSION,Mark 38,VEV_4000,XIREC,1258.0,1
147200,Mark 01,Mark 55,VELVETFRUIT_EXTRACT,XIREC,5259.0,8
148100,,SUBMISSION,HYDROGEL_PACK,XIREC,10010.0,2
148700,,SUBMISSION,HYDROGEL_PACK,XIREC,10011.0,4
148800,,SUBMISSION,HYDROGEL_PACK,XIREC,10012.0,5
148900,,SUBMISSION,HYDROGEL_PACK,XIREC,10012.0,6
149000,,SUBMISSION,HYDROGEL_PACK,XIREC,10012.0,5
149200,,SUBMISSION,HYDROGEL_PACK,XIREC,10013.0,7
149300,,SUBMISSION,HYDROGEL_PACK,XIREC,10012.0,5
149300,,SUBMISSION,VEV_4000,XIREC,1266.0,5
149300,,SUBMISSION,VEV_4500,XIREC,766.0,5
149400,,SUBMISSION,HYDROGEL_PACK,XIREC,10009.0,1
149500,,SUBMISSION,HYDROGEL_PACK,XIREC,10009.0,1
149600,,SUBMISSION,HYDROGEL_PACK,XIREC,10009.0,1
149700,,SUBMISSION,HYDROGEL_PACK,XIREC,10010.0,2
149800,,SUBMISSION,HYDROGEL_PACK,XIREC,10009.0,1
149900,Mark 14,Mark 38,HYDROGEL_PACK,XIREC,10007.0,3
150200,,SUBMISSION,HYDROGEL_PACK,XIREC,10010.0,3
150300,,SUBMISSION,HYDROGEL_PACK,XIREC,10013.0,7
150400,,SUBMISSION,HYDROGEL_PACK,XIREC,10016.0,12
150400,Mark 38,Mark 14,VEV_4000,XIREC,1278.0,1
150500,,SUBMISSION,HYDROGEL_PACK,XIREC,10012.0,6
150600,,SUBMISSION,HYDROGEL_PACK,XIREC,10012.0,6
150600,Mark 38,SUBMISSION,HYDROGEL_PACK,XIREC,10027.0,4
150700,,SUBMISSION,HYDROGEL_PACK,XIREC,10011.0,4
150800,,SUBMISSION,HYDROGEL_PACK,XIREC,10010.0,3
150900,,SUBMISSION,HYDROGEL_PACK,XIREC,10014.0,9
151000,,SUBMISSION,HYDROGEL_PACK,XIREC,10016.0,11
151000,,SUBMISSION,HYDROGEL_PACK,XIREC,10013.0,1
151100,,SUBMISSION,HYDROGEL_PACK,XIREC,10014.0,3
151200,,SUBMISSION,VEV_5000,XIREC,273.0,1
151200,,SUBMISSION,VEV_5000,XIREC,273.0,1
151200,,SUBMISSION,VEV_5100,XIREC,182.0,1
151200,,SUBMISSION,VEV_5200,XIREC,107.0,1
151200,,SUBMISSION,VEV_5200,XIREC,107.0,1
151400,Mark 14,Mark 38,HYDROGEL_PACK,XIREC,10014.0,3
151600,Mark 14,Mark 38,HYDROGEL_PACK,XIREC,10014.0,6
151900,,SUBMISSION,HYDROGEL_PACK,XIREC,10015.0,2
153100,Mark 38,Mark 14,VEV_4000,XIREC,1284.0,3
153200,Mark 14,Mark 38,HYDROGEL_PACK,XIREC,10008.0,5
154300,Mark 55,Mark 01,VELVETFRUIT_EXTRACT,XIREC,5275.0,6
155100,Mark 55,Mark 01,VELVETFRUIT_EXTRACT,XIREC,5277.0,8
155300,Mark 55,Mark 14,VELVETFRUIT_EXTRACT,XIREC,5277.0,3
155700,Mark 55,Mark 14,VELVETFRUIT_EXTRACT,XIREC,5277.0,4
155800,Mark 14,Mark 55,VELVETFRUIT_EXTRACT,XIREC,5274.0,7
155900,Mark 38,Mark 14,VEV_4000,XIREC,1285.0,2
156200,Mark 67,Mark 49,VELVETFRUIT_EXTRACT,XIREC,5275.0,14
156400,,SUBMISSION,HYDROGEL_PACK,XIREC,10014.0,1
157000,Mark 38,SUBMISSION,HYDROGEL_PACK,XIREC,10023.0,4
157400,Mark 67,Mark 49,VELVETFRUIT_EXTRACT,XIREC,5272.0,13
160000,,SUBMISSION,HYDROGEL_PACK,XIREC,10019.0,8
160400,,SUBMISSION,HYDROGEL_PACK,XIREC,10021.0,4
160400,,SUBMISSION,VEV_4000,XIREC,1273.0,3
160400,,SUBMISSION,VEV_4500,XIREC,773.0,3
160500,,SUBMISSION,HYDROGEL_PACK,XIREC,10022.0,2
161100,Mark 38,SUBMISSION,HYDROGEL_PACK,XIREC,10027.0,4
164100,Mark 55,Mark 14,VELVETFRUIT_EXTRACT,XIREC,5282.0,5
164200,Mark 14,Mark 55,VELVETFRUIT_EXTRACT,XIREC,5278.0,7
164600,Mark 14,Mark 38,HYDROGEL_PACK,XIREC,10023.0,6
165700,Mark 67,Mark 22,VELVETFRUIT_EXTRACT,XIREC,5273.0,10
166700,Mark 38,Mark 14,VEV_4000,XIREC,1283.0,3
169000,,SUBMISSION,HYDROGEL_PACK,XIREC,10012.0,3
169000,Mark 38,SUBMISSION,HYDROGEL_PACK,XIREC,10027.0,2
169000,Mark 01,Mark 22,VEV_5300,XIREC,52.0,3
169000,Mark 01,Mark 22,VEV_5400,XIREC,16.0,3
169000,Mark 01,Mark 22,VEV_5500,XIREC,6.0,3
169000,Mark 01,Mark 22,VEV_6000,XIREC,0.0,3
169000,Mark 01,Mark 22,VEV_6500,XIREC,0.0,3
169200,Mark 38,SUBMISSION,HYDROGEL_PACK,XIREC,10024.0,5
169200,SUBMISSION,Mark 38,VEV_4000,XIREC,1262.0,3
169900,Mark 14,Mark 55,VELVETFRUIT_EXTRACT,XIREC,5267.0,3
170100,Mark 38,SUBMISSION,HYDROGEL_PACK,XIREC,10019.0,4
170500,Mark 55,Mark 14,VELVETFRUIT_EXTRACT,XIREC,5272.0,7
171500,Mark 14,Mark 55,VELVETFRUIT_EXTRACT,XIREC,5271.0,7
171800,Mark 01,Mark 22,VEV_5400,XIREC,17.0,5
171800,Mark 01,Mark 22,VEV_5500,XIREC,7.0,5
171800,Mark 01,Mark 22,VEV_6000,XIREC,0.0,5
171800,Mark 01,Mark 22,VEV_6500,XIREC,0.0,5
172600,Mark 55,Mark 01,VELVETFRUIT_EXTRACT,XIREC,5276.0,8
174000,Mark 55,Mark 14,VELVETFRUIT_EXTRACT,XIREC,5278.0,6
175000,Mark 55,Mark 01,VELVETFRUIT_EXTRACT,XIREC,5279.0,4
177100,Mark 14,Mark 38,HYDROGEL_PACK,XIREC,10011.0,3
178100,Mark 14,Mark 38,HYDROGEL_PACK,XIREC,10007.0,3
178200,Mark 01,Mark 55,VELVETFRUIT_EXTRACT,XIREC,5272.0,3
179100,Mark 55,Mark 01,VELVETFRUIT_EXTRACT,XIREC,5275.0,8
181600,SUBMISSION,Mark 38,HYDROGEL_PACK,XIREC,9997.0,5
185500,Mark 55,Mark 14,VELVETFRUIT_EXTRACT,XIREC,5262.0,5
188200,Mark 01,Mark 55,VELVETFRUIT_EXTRACT,XIREC,5255.0,3
188500,SUBMISSION,,HYDROGEL_PACK,XIREC,9999.0,2
188600,SUBMISSION,,HYDROGEL_PACK,XIREC,9994.0,13
188700,SUBMISSION,,HYDROGEL_PACK,XIREC,9992.0,14
188700,SUBMISSION,,HYDROGEL_PACK,XIREC,9995.0,3
188800,SUBMISSION,,HYDROGEL_PACK,XIREC,9990.0,11
188800,SUBMISSION,,HYDROGEL_PACK,XIREC,9992.0,11
188900,SUBMISSION,,HYDROGEL_PACK,XIREC,9988.0,10
188900,SUBMISSION,,HYDROGEL_PACK,XIREC,9991.0,16
189000,SUBMISSION,,HYDROGEL_PACK,XIREC,9990.0,10
189000,SUBMISSION,,HYDROGEL_PACK,XIREC,9993.0,11
189100,SUBMISSION,,HYDROGEL_PACK,XIREC,9989.0,13
189100,SUBMISSION,,HYDROGEL_PACK,XIREC,9992.0,10
189100,Mark 01,Mark 22,VEV_5300,XIREC,47.0,4
189100,Mark 01,Mark 22,VEV_5400,XIREC,14.0,4
189100,Mark 01,Mark 22,VEV_5500,XIREC,6.0,4
189100,Mark 01,Mark 22,VEV_6000,XIREC,0.0,4
189100,Mark 01,Mark 22,VEV_6500,XIREC,0.0,4
189200,SUBMISSION,,HYDROGEL_PACK,XIREC,9991.0,11
189200,SUBMISSION,,HYDROGEL_PACK,XIREC,9994.0,8
189300,SUBMISSION,,HYDROGEL_PACK,XIREC,9991.0,11
189300,SUBMISSION,,HYDROGEL_PACK,XIREC,9994.0,8
189400,SUBMISSION,,HYDROGEL_PACK,XIREC,9990.0,10
189400,SUBMISSION,,HYDROGEL_PACK,XIREC,9992.0,11
189500,SUBMISSION,,HYDROGEL_PACK,XIREC,9988.0,15
189500,SUBMISSION,,HYDROGEL_PACK,XIREC,9990.0,10
189600,SUBMISSION,,HYDROGEL_PACK,XIREC,9987.0,12
189600,SUBMISSION,,HYDROGEL_PACK,XIREC,9989.0,15
189700,SUBMISSION,,HYDROGEL_PACK,XIREC,9976.0,5
189700,SUBMISSION,,HYDROGEL_PACK,XIREC,9984.0,12
189700,SUBMISSION,,HYDROGEL_PACK,XIREC,9987.0,23
189700,Mark 01,Mark 55,VELVETFRUIT_EXTRACT,XIREC,5257.0,6
189800,SUBMISSION,,HYDROGEL_PACK,XIREC,9984.0,9
190000,SUBMISSION,,HYDROGEL_PACK,XIREC,9982.0,5
190100,SUBMISSION,,HYDROGEL_PACK,XIREC,9981.0,1
190300,SUBMISSION,,HYDROGEL_PACK,XIREC,9979.0,4
190900,Mark 38,Mark 14,VEV_4000,XIREC,1270.0,1
192700,SUBMISSION,Mark 38,VEV_4000,XIREC,1254.0,2
193400,Mark 38,Mark 14,HYDROGEL_PACK,XIREC,9993.0,4
194700,Mark 67,Mark 22,VELVETFRUIT_EXTRACT,XIREC,5262.0,10
194900,Mark 01,Mark 55,VELVETFRUIT_EXTRACT,XIREC,5257.0,6
195200,Mark 38,Mark 14,VEV_4000,XIREC,1270.0,2
195500,Mark 55,Mark 14,VELVETFRUIT_EXTRACT,XIREC,5264.0,6
195600,SUBMISSION,Mark 38,HYDROGEL_PACK,XIREC,9973.0,5
196700,Mark 14,Mark 55,VELVETFRUIT_EXTRACT,XIREC,5261.0,6
196800,SUBMISSION,Mark 38,VEV_4000,XIREC,1254.0,2
199400,Mark 67,Mark 49,VELVETFRUIT_EXTRACT,XIREC,5262.0,8
200400,SUBMISSION,Mark 38,VEV_4000,XIREC,1253.0,1
201300,Mark 22,Mark 55,VELVETFRUIT_EXTRACT,XIREC,5259.0,6
201500,SUBMISSION,Mark 38,VEV_4000,XIREC,1249.0,1
202300,SUBMISSION,Mark 38,VEV_4000,XIREC,1250.0,1
203500,Mark 55,Mark 01,VELVETFRUIT_EXTRACT,XIREC,5263.0,4
204400,Mark 01,Mark 22,VEV_5300,XIREC,47.0,5
204400,Mark 01,Mark 22,VEV_5400,XIREC,14.0,5
204400,Mark 01,Mark 22,VEV_5500,XIREC,6.0,5
204400,Mark 01,Mark 22,VEV_6000,XIREC,0.0,5
204400,Mark 01,Mark 22,VEV_6500,XIREC,0.0,5
204800,,SUBMISSION,VEV_4000,XIREC,1262.0,2
205000,Mark 49,Mark 22,VELVETFRUIT_EXTRACT,XIREC,5263.0,5
206000,Mark 55,Mark 01,VELVETFRUIT_EXTRACT,XIREC,5268.0,6
206200,Mark 38,Mark 14,HYDROGEL_PACK,XIREC,9992.0,3
206600,SUBMISSION,Mark 38,HYDROGEL_PACK,XIREC,9977.0,3
206700,SUBMISSION,Mark 38,HYDROGEL_PACK,XIREC,9982.0,5
207000,Mark 67,Mark 49,VELVETFRUIT_EXTRACT,XIREC,5268.0,15
208100,,SUBMISSION,VEV_4000,XIREC,1269.0,2
208100,,SUBMISSION,VEV_4500,XIREC,769.0,2
209400,Mark 01,Mark 55,VELVETFRUIT_EXTRACT,XIREC,5265.0,4
211300,,SUBMISSION,VEV_4000,XIREC,1267.0,3
211300,,SUBMISSION,VEV_4500,XIREC,767.0,3
211400,Mark 01,Mark 55,VELVETFRUIT_EXTRACT,XIREC,5264.0,7
212100,SUBMISSION,Mark 38,VEV_4000,XIREC,1258.0,2
212100,Mark 55,Mark 01,VELVETFRUIT_EXTRACT,XIREC,5271.0,4
212200,,SUBMISSION,VEV_4000,XIREC,1267.0,2
212200,,SUBMISSION,VEV_4500,XIREC,767.0,2
212200,Mark 55,Mark 22,VELVETFRUIT_EXTRACT,XIREC,5267.0,5
212900,Mark 14,Mark 55,VELVETFRUIT_EXTRACT,XIREC,5266.0,5
217200,Mark 14,Mark 55,VELVETFRUIT_EXTRACT,XIREC,5262.0,4
217800,Mark 01,Mark 55,VELVETFRUIT_EXTRACT,XIREC,5260.0,6
219200,SUBMISSION,Mark 38,HYDROGEL_PACK,XIREC,9955.0,4
220600,Mark 14,Mark 55,VELVETFRUIT_EXTRACT,XIREC,5260.0,4
220800,Mark 55,Mark 14,VELVETFRUIT_EXTRACT,XIREC,5265.0,6
221200,Mark 38,Mark 14,HYDROGEL_PACK,XIREC,9963.0,6
224300,Mark 38,Mark 14,HYDROGEL_PACK,XIREC,9942.0,4
225500,Mark 14,Mark 22,VEV_5300,XIREC,50.0,5
225500,Mark 01,Mark 22,VEV_5400,XIREC,16.0,5
225500,Mark 01,Mark 22,VEV_5500,XIREC,6.0,5
225500,Mark 01,Mark 22,VEV_6000,XIREC,0.0,5
225500,Mark 01,Mark 22,VEV_6500,XIREC,0.0,5
229400,Mark 14,Mark 55,VELVETFRUIT_EXTRACT,XIREC,5260.0,7
231600,Mark 14,Mark 55,VELVETFRUIT_EXTRACT,XIREC,5262.0,5
231900,Mark 38,Mark 14,VEV_4000,XIREC,1275.0,2
232000,Mark 55,Mark 01,VELVETFRUIT_EXTRACT,XIREC,5267.0,8
233000,Mark 38,Mark 14,HYDROGEL_PACK,XIREC,9927.0,3
235700,SUBMISSION,Mark 38,HYDROGEL_PACK,XIREC,9907.0,6
237400,Mark 55,Mark 01,VELVETFRUIT_EXTRACT,XIREC,5273.0,6
237600,Mark 67,Mark 49,VELVETFRUIT_EXTRACT,XIREC,5271.0,8
237700,Mark 55,Mark 14,VELVETFRUIT_EXTRACT,XIREC,5273.0,8
238900,SUBMISSION,Mark 38,HYDROGEL_PACK,XIREC,9911.0,4
239300,SUBMISSION,Mark 38,HYDROGEL_PACK,XIREC,9910.0,2
239400,SUBMISSION,Mark 38,HYDROGEL_PACK,XIREC,9911.0,4
239400,Mark 01,Mark 22,VEV_5400,XIREC,15.0,2
239400,Mark 01,Mark 22,VEV_5500,XIREC,6.0,2
239400,Mark 01,Mark 22,VEV_6000,XIREC,0.0,2
239400,Mark 01,Mark 22,VEV_6500,XIREC,0.0,2
239800,Mark 38,Mark 14,HYDROGEL_PACK,XIREC,9925.0,5
242100,Mark 55,Mark 14,VELVETFRUIT_EXTRACT,XIREC,5276.0,8
243500,Mark 55,Mark 14,VELVETFRUIT_EXTRACT,XIREC,5274.0,4
243800,SUBMISSION,Mark 38,HYDROGEL_PACK,XIREC,9920.0,4
244900,Mark 55,Mark 14,VELVETFRUIT_EXTRACT,XIREC,5276.0,4
247300,,SUBMISSION,VEV_4000,XIREC,1276.0,4
247300,,SUBMISSION,VEV_4500,XIREC,776.0,4
248600,,SUBMISSION,VEV_4000,XIREC,1272.0,5
248600,,SUBMISSION,VEV_4500,XIREC,772.0,5
249400,Mark 38,Mark 14,VEV_4000,XIREC,1286.0,3
249800,SUBMISSION,Mark 38,VEV_4000,XIREC,1268.0,2
250700,,SUBMISSION,VEV_4000,XIREC,1275.0,5
250700,,SUBMISSION,VEV_4500,XIREC,775.0,5
253000,Mark 01,Mark 22,VEV_5400,XIREC,16.0,3
253000,Mark 01,Mark 22,VEV_5500,XIREC,6.0,3
253000,Mark 01,Mark 22,VEV_6000,XIREC,0.0,3
253000,Mark 01,Mark 22,VEV_6500,XIREC,0.0,3
253900,,SUBMISSION,VEV_4000,XIREC,1265.0,3
253900,,SUBMISSION,VEV_4500,XIREC,765.0,3
254300,Mark 38,Mark 14,HYDROGEL_PACK,XIREC,9951.0,2
256200,SUBMISSION,Mark 38,HYDROGEL_PACK,XIREC,9928.0,4
256200,Mark 14,Mark 38,HYDROGEL_PACK,XIREC,9927.0,1
258000,Mark 67,Mark 49,VELVETFRUIT_EXTRACT,XIREC,5271.0,15
258900,Mark 38,Mark 14,HYDROGEL_PACK,XIREC,9928.0,2
259500,Mark 01,Mark 55,VELVETFRUIT_EXTRACT,XIREC,5273.0,4
263900,Mark 14,Mark 55,VELVETFRUIT_EXTRACT,XIREC,5281.0,4
264200,Mark 38,Mark 14,HYDROGEL_PACK,XIREC,9927.0,6
264700,SUBMISSION,Mark 38,HYDROGEL_PACK,XIREC,9908.0,2
265100,Mark 01,Mark 55,VELVETFRUIT_EXTRACT,XIREC,5285.0,6
265200,SUBMISSION,Mark 38,HYDROGEL_PACK,XIREC,9910.0,2
265200,Mark 14,Mark 38,HYDROGEL_PACK,XIREC,9909.0,3
265500,,SUBMISSION,VEV_4000,XIREC,1287.0,3
265500,,SUBMISSION,VEV_4500,XIREC,787.0,3
265500,Mark 14,Mark 55,VELVETFRUIT_EXTRACT,XIREC,5285.0,6
265700,,SUBMISSION,VEV_4000,XIREC,1286.0,4
265700,,SUBMISSION,VEV_4500,XIREC,786.0,4
266700,,SUBMISSION,VEV_4000,XIREC,1286.0,2
266700,,SUBMISSION,VEV_4500,XIREC,786.0,2
266800,SUBMISSION,Mark 38,VEV_4000,XIREC,1276.0,1
267000,Mark 55,Mark 14,VELVETFRUIT_EXTRACT,XIREC,5289.0,6
267400,Mark 14,Mark 55,VELVETFRUIT_EXTRACT,XIREC,5283.0,4
267900,Mark 38,Mark 22,HYDROGEL_PACK,XIREC,9926.0,6
268200,Mark 14,Mark 55,VELVETFRUIT_EXTRACT,XIREC,5280.0,7
268600,Mark 01,Mark 55,VELVETFRUIT_EXTRACT,XIREC,5281.0,5
268900,Mark 01,Mark 22,VEV_5400,XIREC,19.0,4
268900,Mark 01,Mark 22,VEV_5500,XIREC,8.0,4
268900,Mark 01,Mark 22,VEV_6000,XIREC,0.0,4
268900,Mark 01,Mark 22,VEV_6500,XIREC,0.0,4
269700,Mark 38,Mark 14,VEV_4000,XIREC,1288.0,1
270500,Mark 38,Mark 14,VEV_4000,XIREC,1291.0,1
271100,Mark 14,Mark 55,VELVETFRUIT_EXTRACT,XIREC,5276.0,3
272000,Mark 01,Mark 22,VEV_5500,XIREC,8.0,3
272000,Mark 01,Mark 22,VEV_6000,XIREC,0.0,3
272000,Mark 01,Mark 22,VEV_6500,XIREC,0.0,3
272700,Mark 01,Mark 55,VELVETFRUIT_EXTRACT,XIREC,5277.0,3
272900,Mark 38,Mark 14,HYDROGEL_PACK,XIREC,9924.0,5
272900,Mark 38,Mark 14,VEV_4000,XIREC,1290.0,3
273400,Mark 38,Mark 14,HYDROGEL_PACK,XIREC,9922.0,3
273500,Mark 38,Mark 14,HYDROGEL_PACK,XIREC,9921.0,6
274100,Mark 22,Mark 55,VELVETFRUIT_EXTRACT,XIREC,5279.0,6
274300,Mark 55,Mark 14,VELVETFRUIT_EXTRACT,XIREC,5280.0,8
274400,SUBMISSION,Mark 38,HYDROGEL_PACK,XIREC,9908.0,2
274400,Mark 14,Mark 38,HYDROGEL_PACK,XIREC,9907.0,1
274600,Mark 14,Mark 55,VELVETFRUIT_EXTRACT,XIREC,5274.0,3
275200,Mark 01,Mark 22,VEV_5400,XIREC,18.0,5
275200,Mark 01,Mark 22,VEV_5500,XIREC,7.0,5
275200,Mark 01,Mark 22,VEV_6000,XIREC,0.0,5
275200,Mark 01,Mark 22,VEV_6500,XIREC,0.0,5
275800,Mark 38,Mark 14,HYDROGEL_PACK,XIREC,9912.0,6
277000,Mark 38,Mark 14,HYDROGEL_PACK,XIREC,9911.0,6
277300,Mark 38,Mark 14,HYDROGEL_PACK,XIREC,9910.0,3
277900,SUBMISSION,Mark 38,VEV_4000,XIREC,1260.0,3
278700,Mark 55,Mark 01,VELVETFRUIT_EXTRACT,XIREC,5274.0,6
278800,SUBMISSION,Mark 38,HYDROGEL_PACK,XIREC,9891.0,1
278800,Mark 14,Mark 38,HYDROGEL_PACK,XIREC,9890.0,1
278800,Mark 55,Mark 14,VELVETFRUIT_EXTRACT,XIREC,5276.0,4
279300,,SUBMISSION,VEV_4000,XIREC,1272.0,5
279300,,SUBMISSION,VEV_4500,XIREC,772.0,1
279900,SUBMISSION,Mark 38,HYDROGEL_PACK,XIREC,9891.0,1
279900,Mark 14,Mark 38,HYDROGEL_PACK,XIREC,9890.0,5
280700,Mark 14,Mark 55,VELVETFRUIT_EXTRACT,XIREC,5268.0,6
281100,Mark 38,Mark 14,VEV_4000,XIREC,1278.0,1
282200,Mark 14,Mark 38,HYDROGEL_PACK,XIREC,9891.0,4
282600,Mark 49,Mark 22,VELVETFRUIT_EXTRACT,XIREC,5269.0,10
282600,Mark 55,Mark 01,VELVETFRUIT_EXTRACT,XIREC,5272.0,6
283300,Mark 14,Mark 55,VELVETFRUIT_EXTRACT,XIREC,5270.0,5
283700,Mark 38,Mark 14,HYDROGEL_PACK,XIREC,9922.0,5
284300,Mark 38,Mark 14,HYDROGEL_PACK,XIREC,9923.0,6
285600,Mark 55,Mark 01,VELVETFRUIT_EXTRACT,XIREC,5278.0,4
285800,Mark 67,Mark 22,VELVETFRUIT_EXTRACT,XIREC,5276.0,6
286100,Mark 22,Mark 55,VELVETFRUIT_EXTRACT,XIREC,5278.0,5
286900,SUBMISSION,Mark 38,VEV_4000,XIREC,1267.0,3
287100,Mark 01,Mark 22,VEV_5400,XIREC,18.0,2
287100,Mark 01,Mark 22,VEV_5500,XIREC,7.0,2
287100,Mark 01,Mark 22,VEV_6000,XIREC,0.0,2
287100,Mark 01,Mark 22,VEV_6500,XIREC,0.0,2
287600,Mark 01,Mark 22,VEV_5400,XIREC,18.0,2
287600,Mark 01,Mark 22,VEV_5500,XIREC,7.0,2
287600,Mark 01,Mark 22,VEV_6000,XIREC,0.0,2
287600,Mark 01,Mark 22,VEV_6500,XIREC,0.0,2
288000,Mark 38,Mark 14,HYDROGEL_PACK,XIREC,9936.0,5
288000,Mark 01,Mark 55,VELVETFRUIT_EXTRACT,XIREC,5274.0,8
289300,Mark 14,Mark 22,VEV_5300,XIREC,52.0,2
289300,Mark 01,Mark 22,VEV_5400,XIREC,17.0,2
289300,Mark 01,Mark 22,VEV_5500,XIREC,7.0,2
289300,Mark 01,Mark 22,VEV_6000,XIREC,0.0,2
289300,Mark 01,Mark 22,VEV_6500,XIREC,0.0,2
291000,Mark 14,Mark 38,HYDROGEL_PACK,XIREC,9905.0,3
291800,Mark 14,Mark 55,VELVETFRUIT_EXTRACT,XIREC,5267.0,4
292800,Mark 38,Mark 14,HYDROGEL_PACK,XIREC,9921.0,6
293100,Mark 55,Mark 14,VELVETFRUIT_EXTRACT,XIREC,5274.0,5
293200,,SUBMISSION,VEV_4000,XIREC,1270.0,2
293200,,SUBMISSION,VEV_4500,XIREC,770.0,2
293400,Mark 55,Mark 14,VELVETFRUIT_EXTRACT,XIREC,5273.0,5
293600,SUBMISSION,Mark 38,VEV_4000,XIREC,1261.0,2
293700,Mark 01,Mark 55,VELVETFRUIT_EXTRACT,XIREC,5267.0,8
294600,Mark 01,Mark 22,VEV_5400,XIREC,16.0,2
294600,Mark 14,Mark 22,VEV_5500,XIREC,7.0,2
294600,Mark 01,Mark 22,VEV_6000,XIREC,0.0,2
294600,Mark 01,Mark 22,VEV_6500,XIREC,0.0,2
296800,Mark 01,Mark 55,VELVETFRUIT_EXTRACT,XIREC,5268.0,8
299100,Mark 38,Mark 14,HYDROGEL_PACK,XIREC,9963.0,3
300800,Mark 14,Mark 38,HYDROGEL_PACK,XIREC,9946.0,4
301000,Mark 01,Mark 55,VELVETFRUIT_EXTRACT,XIREC,5267.0,8
301700,SUBMISSION,Mark 38,VEV_4000,XIREC,1257.0,2
303100,SUBMISSION,Mark 38,VEV_4000,XIREC,1257.0,1
303800,Mark 14,Mark 38,HYDROGEL_PACK,XIREC,9935.0,2
304200,,SUBMISSION,VEV_4000,XIREC,1271.0,5
304200,,SUBMISSION,VEV_4500,XIREC,771.0,4
305600,Mark 01,Mark 55,VELVETFRUIT_EXTRACT,XIREC,5267.0,3
305700,Mark 38,Mark 14,HYDROGEL_PACK,XIREC,9951.0,6
306000,Mark 55,Mark 14,VELVETFRUIT_EXTRACT,XIREC,5274.0,5
306100,Mark 38,Mark 14,HYDROGEL_PACK,XIREC,9952.0,5
307600,Mark 38,Mark 14,VEV_4000,XIREC,1281.0,2
307900,Mark 01,Mark 55,VELVETFRUIT_EXTRACT,XIREC,5268.0,8
308400,Mark 01,Mark 55,VELVETFRUIT_EXTRACT,XIREC,5270.0,3
310100,Mark 38,Mark 14,HYDROGEL_PACK,XIREC,9942.0,4
311200,Mark 14,Mark 55,VELVETFRUIT_EXTRACT,XIREC,5265.0,8
311700,Mark 55,Mark 01,VELVETFRUIT_EXTRACT,XIREC,5273.0,6
311800,Mark 38,Mark 14,HYDROGEL_PACK,XIREC,9945.0,2
314800,Mark 38,Mark 14,HYDROGEL_PACK,XIREC,9953.0,3
315400,Mark 38,Mark 14,HYDROGEL_PACK,XIREC,9956.0,4
316700,Mark 01,Mark 22,VEV_5400,XIREC,17.0,3
316700,Mark 01,Mark 22,VEV_5500,XIREC,7.0,3
316700,Mark 01,Mark 22,VEV_6000,XIREC,0.0,3
316700,Mark 01,Mark 22,VEV_6500,XIREC,0.0,3
316800,Mark 67,Mark 22,VELVETFRUIT_EXTRACT,XIREC,5275.0,7
316900,Mark 38,Mark 14,HYDROGEL_PACK,XIREC,9954.0,2
317500,Mark 01,Mark 22,VEV_5400,XIREC,17.0,3
317500,Mark 01,Mark 22,VEV_5500,XIREC,7.0,3
317500,Mark 01,Mark 22,VEV_6000,XIREC,0.0,3
317500,Mark 01,Mark 22,VEV_6500,XIREC,0.0,3
318100,Mark 38,Mark 14,VEV_4000,XIREC,1284.0,1
320800,Mark 01,Mark 22,VEV_5300,XIREC,52.0,5
320800,Mark 01,Mark 22,VEV_5400,XIREC,17.0,5
320800,Mark 01,Mark 22,VEV_5500,XIREC,7.0,5
320800,Mark 01,Mark 22,VEV_6000,XIREC,0.0,5
320800,Mark 01,Mark 22,VEV_6500,XIREC,0.0,5
321600,Mark 01,Mark 22,VEV_5300,XIREC,50.0,4
321600,Mark 01,Mark 22,VEV_5400,XIREC,16.0,4
321600,Mark 01,Mark 22,VEV_5500,XIREC,7.0,4
321600,Mark 01,Mark 22,VEV_6000,XIREC,0.0,4
321600,Mark 01,Mark 22,VEV_6500,XIREC,0.0,4
322300,Mark 38,Mark 14,VEV_4000,XIREC,1282.0,2
323200,Mark 55,Mark 14,VELVETFRUIT_EXTRACT,XIREC,5276.0,5
323500,Mark 67,Mark 49,VELVETFRUIT_EXTRACT,XIREC,5269.0,14
327600,Mark 55,Mark 14,VELVETFRUIT_EXTRACT,XIREC,5266.0,5
328500,Mark 55,Mark 14,VELVETFRUIT_EXTRACT,XIREC,5269.0,7
328700,SUBMISSION,Mark 38,VEV_4000,XIREC,1256.0,3
328700,Mark 55,Mark 14,VELVETFRUIT_EXTRACT,XIREC,5268.0,5
328900,Mark 38,Mark 14,HYDROGEL_PACK,XIREC,9958.0,2
330400,Mark 14,Mark 55,VELVETFRUIT_EXTRACT,XIREC,5261.0,8
332600,Mark 55,Mark 01,VELVETFRUIT_EXTRACT,XIREC,5274.0,8
332800,Mark 14,Mark 38,HYDROGEL_PACK,XIREC,9947.0,3
333200,Mark 67,Mark 22,VELVETFRUIT_EXTRACT,XIREC,5269.0,7
333900,Mark 55,Mark 01,VELVETFRUIT_EXTRACT,XIREC,5273.0,7
335400,Mark 55,Mark 14,VELVETFRUIT_EXTRACT,XIREC,5271.0,6
336800,Mark 01,Mark 55,VELVETFRUIT_EXTRACT,XIREC,5268.0,5
337000,Mark 67,Mark 22,VELVETFRUIT_EXTRACT,XIREC,5271.0,6
337700,,SUBMISSION,VEV_4000,XIREC,1271.0,2
337700,,SUBMISSION,VEV_4500,XIREC,771.0,2
338400,Mark 14,Mark 38,HYDROGEL_PACK,XIREC,9948.0,4
340200,Mark 14,Mark 38,HYDROGEL_PACK,XIREC,9951.0,2
340500,SUBMISSION,Mark 38,VEV_4000,XIREC,1258.0,3
341400,Mark 01,Mark 22,VEV_5400,XIREC,16.0,4
341400,Mark 14,Mark 22,VEV_5500,XIREC,7.0,4
341400,Mark 01,Mark 22,VEV_6000,XIREC,0.0,4
341400,Mark 01,Mark 22,VEV_6500,XIREC,0.0,4
342300,Mark 38,Mark 14,HYDROGEL_PACK,XIREC,9966.0,2
344000,Mark 01,Mark 55,VELVETFRUIT_EXTRACT,XIREC,5269.0,3
344100,Mark 14,Mark 38,HYDROGEL_PACK,XIREC,9942.0,3
344500,Mark 14,Mark 38,HYDROGEL_PACK,XIREC,9942.0,3
344600,Mark 38,Mark 14,HYDROGEL_PACK,XIREC,9958.0,6
344600,Mark 01,Mark 55,VELVETFRUIT_EXTRACT,XIREC,5265.0,7
344900,Mark 01,Mark 55,VELVETFRUIT_EXTRACT,XIREC,5265.0,6
346100,Mark 38,Mark 14,HYDROGEL_PACK,XIREC,9947.0,2
347400,Mark 38,Mark 14,HYDROGEL_PACK,XIREC,9947.0,4
347800,Mark 01,Mark 22,VEV_5400,XIREC,15.0,4
347800,Mark 01,Mark 22,VEV_5500,XIREC,6.0,4
347800,Mark 01,Mark 22,VEV_6000,XIREC,0.0,4
347800,Mark 01,Mark 22,VEV_6500,XIREC,0.0,4
350600,Mark 55,Mark 14,VELVETFRUIT_EXTRACT,XIREC,5266.0,5
350700,Mark 14,Mark 22,VEV_5300,XIREC,47.0,4
350700,Mark 01,Mark 22,VEV_5400,XIREC,15.0,4
350700,Mark 01,Mark 22,VEV_5500,XIREC,6.0,4
350700,Mark 01,Mark 22,VEV_6000,XIREC,0.0,4
350700,Mark 01,Mark 22,VEV_6500,XIREC,0.0,4
351400,Mark 14,Mark 38,HYDROGEL_PACK,XIREC,9937.0,6
352100,Mark 14,Mark 55,VELVETFRUIT_EXTRACT,XIREC,5252.0,4
352300,Mark 55,Mark 14,VELVETFRUIT_EXTRACT,XIREC,5257.0,8
353600,Mark 01,Mark 55,VELVETFRUIT_EXTRACT,XIREC,5254.0,7
353800,Mark 14,Mark 55,VELVETFRUIT_EXTRACT,XIREC,5257.0,7
356500,Mark 55,Mark 14,VELVETFRUIT_EXTRACT,XIREC,5263.0,6
358300,Mark 14,Mark 55,VELVETFRUIT_EXTRACT,XIREC,5261.0,7
358400,Mark 55,Mark 01,VELVETFRUIT_EXTRACT,XIREC,5266.0,5
358500,Mark 01,Mark 22,VEV_5300,XIREC,47.0,2
358500,Mark 01,Mark 22,VEV_5400,XIREC,15.0,2
358500,Mark 01,Mark 22,VEV_5500,XIREC,6.0,2
358500,Mark 01,Mark 22,VEV_6000,XIREC,0.0,2
358500,Mark 01,Mark 22,VEV_6500,XIREC,0.0,2
359500,Mark 14,Mark 38,HYDROGEL_PACK,XIREC,9972.0,5
360000,Mark 55,Mark 01,VELVETFRUIT_EXTRACT,XIREC,5267.0,7
361300,Mark 55,Mark 01,VELVETFRUIT_EXTRACT,XIREC,5267.0,3
361600,Mark 01,Mark 55,VELVETFRUIT_EXTRACT,XIREC,5260.0,5
362500,Mark 01,Mark 55,VELVETFRUIT_EXTRACT,XIREC,5260.0,5
362600,Mark 01,Mark 22,VEV_5300,XIREC,47.0,5
362600,Mark 01,Mark 22,VEV_5500,XIREC,6.0,5
362600,Mark 01,Mark 22,VEV_6000,XIREC,0.0,5
362600,Mark 01,Mark 22,VEV_6500,XIREC,0.0,5
363300,Mark 38,Mark 14,VEV_4000,XIREC,1272.0,1
365300,Mark 14,Mark 38,HYDROGEL_PACK,XIREC,9984.0,2
365400,Mark 14,Mark 55,VELVETFRUIT_EXTRACT,XIREC,5257.0,7
365600,Mark 01,Mark 22,VEV_5300,XIREC,45.0,4
365600,Mark 01,Mark 22,VEV_5400,XIREC,14.0,4
365600,Mark 01,Mark 22,VEV_5500,XIREC,5.0,4
365600,Mark 01,Mark 22,VEV_6000,XIREC,0.0,4
365600,Mark 01,Mark 22,VEV_6500,XIREC,0.0,4
366500,Mark 38,Mark 14,HYDROGEL_PACK,XIREC,10001.0,2
368100,Mark 14,Mark 55,VELVETFRUIT_EXTRACT,XIREC,5256.0,6
368200,Mark 38,Mark 14,VEV_4000,XIREC,1270.0,2
370200,SUBMISSION,,VELVETFRUIT_EXTRACT,XIREC,5253.0,22
370600,Mark 38,Mark 14,VEV_4000,XIREC,1261.0,3
370700,SUBMISSION,Mark 38,VEV_4000,XIREC,1242.0,2
372300,SUBMISSION,Mark 55,VELVETFRUIT_EXTRACT,XIREC,5250.0,6
372300,Mark 38,Mark 14,VEV_4000,XIREC,1264.0,2
373100,Mark 55,SUBMISSION,VELVETFRUIT_EXTRACT,XIREC,5255.0,4
373100,Mark 55,Mark 14,VELVETFRUIT_EXTRACT,XIREC,5256.0,2
373800,Mark 01,Mark 22,VEV_5500,XIREC,5.0,4
373800,Mark 01,Mark 22,VEV_6000,XIREC,0.0,4
373800,Mark 01,Mark 22,VEV_6500,XIREC,0.0,4
376300,Mark 01,Mark 22,VEV_5400,XIREC,13.0,5
376300,Mark 01,Mark 22,VEV_5500,XIREC,5.0,5
376300,Mark 01,Mark 22,VEV_6000,XIREC,0.0,5
376300,Mark 01,Mark 22,VEV_6500,XIREC,0.0,5
376700,SUBMISSION,Mark 55,VELVETFRUIT_EXTRACT,XIREC,5250.0,7
377900,SUBMISSION,,VELVETFRUIT_EXTRACT,XIREC,5249.0,15
378400,Mark 67,Mark 22,VELVETFRUIT_EXTRACT,XIREC,5249.0,10
381500,SUBMISSION,,VELVETFRUIT_EXTRACT,XIREC,5249.0,13
382200,Mark 55,SUBMISSION,VELVETFRUIT_EXTRACT,XIREC,5252.0,5
383100,Mark 55,SUBMISSION,VELVETFRUIT_EXTRACT,XIREC,5253.0,6
384800,Mark 22,Mark 38,HYDROGEL_PACK,XIREC,9978.0,4
385100,SUBMISSION,,VELVETFRUIT_EXTRACT,XIREC,5245.0,9
385100,SUBMISSION,Mark 49,VELVETFRUIT_EXTRACT,XIREC,5245.0,9
385500,Mark 14,Mark 38,HYDROGEL_PACK,XIREC,9972.0,5
386200,SUBMISSION,,VELVETFRUIT_EXTRACT,XIREC,5246.0,3
386300,SUBMISSION,,VELVETFRUIT_EXTRACT,XIREC,5245.0,6
386400,SUBMISSION,,VELVETFRUIT_EXTRACT,XIREC,5246.0,4
386500,SUBMISSION,,VELVETFRUIT_EXTRACT,XIREC,5243.0,7
386600,SUBMISSION,,VELVETFRUIT_EXTRACT,XIREC,5246.0,4
386700,SUBMISSION,,VELVETFRUIT_EXTRACT,XIREC,5246.0,3
386800,SUBMISSION,,VELVETFRUIT_EXTRACT,XIREC,5245.0,3
386900,SUBMISSION,,VELVETFRUIT_EXTRACT,XIREC,5244.0,10
387000,SUBMISSION,,VELVETFRUIT_EXTRACT,XIREC,5243.0,13
387100,SUBMISSION,,VELVETFRUIT_EXTRACT,XIREC,5242.0,15
387200,SUBMISSION,,VELVETFRUIT_EXTRACT,XIREC,5244.0,10
387300,SUBMISSION,,VELVETFRUIT_EXTRACT,XIREC,5243.0,13
387400,SUBMISSION,,VELVETFRUIT_EXTRACT,XIREC,5242.0,15
387500,SUBMISSION,,VELVETFRUIT_EXTRACT,XIREC,5243.0,12
387500,Mark 38,Mark 14,HYDROGEL_PACK,XIREC,9991.0,3
387600,SUBMISSION,,VELVETFRUIT_EXTRACT,XIREC,5243.0,12
387700,SUBMISSION,,VELVETFRUIT_EXTRACT,XIREC,5243.0,12
387800,SUBMISSION,,VELVETFRUIT_EXTRACT,XIREC,5243.0,12
387900,SUBMISSION,,VELVETFRUIT_EXTRACT,XIREC,5243.0,12
388000,SUBMISSION,,VELVETFRUIT_EXTRACT,XIREC,5241.0,17
388100,SUBMISSION,,VELVETFRUIT_EXTRACT,XIREC,5242.0,14
388200,SUBMISSION,,VELVETFRUIT_EXTRACT,XIREC,5242.0,14
388300,SUBMISSION,,VELVETFRUIT_EXTRACT,XIREC,5242.0,16
388400,SUBMISSION,,VELVETFRUIT_EXTRACT,XIREC,5242.0,14
388500,SUBMISSION,,VELVETFRUIT_EXTRACT,XIREC,5242.0,14
388500,SUBMISSION,,VEV_5000,XIREC,246.0,2
388600,SUBMISSION,,VEV_5000,XIREC,246.0,6
388600,SUBMISSION,,VEV_5000,XIREC,247.0,10
388700,SUBMISSION,,VELVETFRUIT_EXTRACT,XIREC,5241.0,2
388700,SUBMISSION,,VEV_5000,XIREC,246.0,15
388800,SUBMISSION,,VELVETFRUIT_EXTRACT,XIREC,5238.0,6
388800,SUBMISSION,,VEV_5100,XIREC,155.0,15
388900,SUBMISSION,,VEV_5000,XIREC,246.0,11
388900,SUBMISSION,,VEV_5000,XIREC,247.0,4
389000,SUBMISSION,,VEV_4000,XIREC,1239.0,2
389000,SUBMISSION,,VEV_4500,XIREC,739.0,2
389000,SUBMISSION,,VEV_5000,XIREC,243.0,2
389000,SUBMISSION,,VEV_5000,XIREC,246.0,9
389000,Mark 01,Mark 22,VEV_5300,XIREC,38.0,2
389000,Mark 01,Mark 22,VEV_5400,XIREC,11.0,2
389000,Mark 01,Mark 22,VEV_5500,XIREC,4.0,2
389000,Mark 01,Mark 22,VEV_6000,XIREC,0.0,2
389000,Mark 01,Mark 22,VEV_6500,XIREC,0.0,2
389100,SUBMISSION,,VEV_5000,XIREC,247.0,14
389200,SUBMISSION,,VEV_5000,XIREC,247.0,14
389300,SUBMISSION,,VEV_5000,XIREC,245.0,7
389300,SUBMISSION,,VEV_5000,XIREC,246.0,10
389400,SUBMISSION,,VELVETFRUIT_EXTRACT,XIREC,5239.0,1
389400,SUBMISSION,,VEV_5000,XIREC,244.0,11
389400,SUBMISSION,,VEV_5100,XIREC,153.0,10
389500,SUBMISSION,,VEV_5000,XIREC,246.0,16
389600,SUBMISSION,Mark 55,VELVETFRUIT_EXTRACT,XIREC,5239.0,7
389600,SUBMISSION,,VEV_5000,XIREC,245.0,10
389600,SUBMISSION,,VEV_5000,XIREC,246.0,3
389600,Mark 38,Mark 14,VEV_4000,XIREC,1249.0,3
389700,SUBMISSION,,VEV_5000,XIREC,247.0,13
389800,SUBMISSION,,VEV_5000,XIREC,247.0,13
389900,SUBMISSION,,VEV_5000,XIREC,246.0,10
389900,SUBMISSION,,VEV_5000,XIREC,247.0,3
390000,SUBMISSION,,VEV_5000,XIREC,246.0,7
390000,SUBMISSION,,VEV_5000,XIREC,247.0,6
390100,SUBMISSION,,VEV_5000,XIREC,246.0,9
390100,SUBMISSION,,VEV_5000,XIREC,247.0,4
390200,SUBMISSION,Mark 38,VEV_4000,XIREC,1230.0,1
390200,SUBMISSION,,VEV_5000,XIREC,246.0,9
390200,SUBMISSION,,VEV_5000,XIREC,247.0,4
390300,SUBMISSION,,VEV_4000,XIREC,1239.0,3
390300,SUBMISSION,,VEV_4500,XIREC,739.0,3
390300,SUBMISSION,,VEV_5000,XIREC,243.0,3
390300,SUBMISSION,,VEV_5000,XIREC,246.0,4
390300,Mark 01,Mark 22,VEV_5300,XIREC,38.0,3
390300,Mark 01,Mark 22,VEV_5400,XIREC,11.0,3
390300,Mark 01,Mark 22,VEV_5500,XIREC,4.0,3
390300,Mark 01,Mark 22,VEV_6000,XIREC,0.0,3
390300,Mark 01,Mark 22,VEV_6500,XIREC,0.0,3
390400,SUBMISSION,,VEV_5000,XIREC,247.0,13
390500,SUBMISSION,,VEV_5000,XIREC,248.0,9
390600,SUBMISSION,,VEV_5000,XIREC,249.0,8
390700,SUBMISSION,,VEV_5000,XIREC,249.0,6
390800,SUBMISSION,,VEV_5000,XIREC,249.0,6
390900,SUBMISSION,,VEV_5000,XIREC,250.0,5
391000,SUBMISSION,,VEV_5000,XIREC,248.0,9
391100,SUBMISSION,,VEV_5000,XIREC,249.0,6
391200,SUBMISSION,,VEV_5000,XIREC,248.0,8
391300,SUBMISSION,,VEV_5000,XIREC,249.0,5
391400,SUBMISSION,,VEV_5000,XIREC,249.0,5
391500,SUBMISSION,,VEV_5000,XIREC,250.0,2
391600,Mark 14,Mark 38,HYDROGEL_PACK,XIREC,9970.0,2
391700,Mark 38,Mark 14,HYDROGEL_PACK,XIREC,9988.0,2
392400,Mark 38,Mark 14,HYDROGEL_PACK,XIREC,9990.0,5
392600,SUBMISSION,,VEV_5000,XIREC,250.0,2
392700,SUBMISSION,,VEV_5000,XIREC,250.0,2
392800,SUBMISSION,,VEV_5000,XIREC,251.0,3
392900,SUBMISSION,,VEV_5000,XIREC,250.0,3
393000,SUBMISSION,,VEV_5000,XIREC,249.0,5
393100,SUBMISSION,,VEV_5000,XIREC,250.0,5
393200,SUBMISSION,,VEV_5000,XIREC,251.0,3
393400,SUBMISSION,,VEV_5000,XIREC,250.0,3
393500,SUBMISSION,,VEV_5000,XIREC,250.0,4
393600,SUBMISSION,,VEV_5000,XIREC,249.0,6
393700,SUBMISSION,,VEV_5000,XIREC,249.0,8
393800,SUBMISSION,,VEV_5000,XIREC,250.0,6
393900,SUBMISSION,,VEV_5000,XIREC,250.0,3
394000,SUBMISSION,,VEV_5000,XIREC,250.0,4
394100,SUBMISSION,,VEV_5000,XIREC,249.0,6
394100,Mark 38,Mark 14,HYDROGEL_PACK,XIREC,9975.0,6
394200,SUBMISSION,,VEV_5000,XIREC,250.0,4
394300,Mark 38,Mark 14,HYDROGEL_PACK,XIREC,9970.0,5
395300,SUBMISSION,,VEV_5000,XIREC,250.0,3
395400,SUBMISSION,,VEV_5000,XIREC,249.0,6
395500,SUBMISSION,,VEV_5000,XIREC,250.0,5
395600,SUBMISSION,,VEV_5000,XIREC,250.0,3
395700,SUBMISSION,,VEV_5000,XIREC,250.0,6
395800,SUBMISSION,,VEV_5000,XIREC,249.0,6
395900,SUBMISSION,,VEV_5000,XIREC,250.0,3
396000,SUBMISSION,,VEV_5000,XIREC,250.0,3
396100,SUBMISSION,,VEV_5000,XIREC,250.0,6
396200,SUBMISSION,,VEV_5000,XIREC,250.0,5
396400,SUBMISSION,,VEV_5000,XIREC,250.0,6
396500,SUBMISSION,,VEV_5000,XIREC,249.0,1
396500,SUBMISSION,,VEV_5000,XIREC,249.0,1
396500,SUBMISSION,,VEV_5100,XIREC,158.0,4
396600,SUBMISSION,,VEV_5100,XIREC,157.0,8
396700,SUBMISSION,,VEV_5000,XIREC,248.0,1
396700,SUBMISSION,,VEV_5000,XIREC,248.0,1
396700,SUBMISSION,,VEV_5100,XIREC,157.0,7
396800,SUBMISSION,,VEV_5100,XIREC,157.0,9
396900,SUBMISSION,,VEV_5000,XIREC,247.0,2
396900,SUBMISSION,,VEV_5000,XIREC,247.0,2
396900,SUBMISSION,,VEV_5100,XIREC,156.0,8
397000,SUBMISSION,,VEV_5100,XIREC,155.0,11
397000,SUBMISSION,,VEV_5100,XIREC,156.0,4
397100,SUBMISSION,,VEV_5100,XIREC,154.0,10
397100,SUBMISSION,,VEV_5100,XIREC,155.0,5
397200,SUBMISSION,,VEV_5000,XIREC,243.0,6
397200,SUBMISSION,,VEV_5000,XIREC,244.0,7
397200,SUBMISSION,,VEV_5100,XIREC,153.0,12
397300,SUBMISSION,Mark 38,VEV_4000,XIREC,1227.0,2
397300,SUBMISSION,,VEV_5100,XIREC,153.0,20
397400,SUBMISSION,,VELVETFRUIT_EXTRACT,XIREC,5237.0,5
397400,SUBMISSION,,VEV_5100,XIREC,151.0,25
397500,SUBMISSION,,VEV_5100,XIREC,151.0,10
397500,SUBMISSION,,VEV_5100,XIREC,152.0,18
397600,SUBMISSION,,VELVETFRUIT_EXTRACT,XIREC,5234.0,7
397600,SUBMISSION,,VEV_5000,XIREC,239.0,1
397600,SUBMISSION,,VEV_5000,XIREC,239.0,1
397600,SUBMISSION,,VEV_5100,XIREC,149.0,26
397700,SUBMISSION,,VEV_5100,XIREC,150.0,21
397800,SUBMISSION,,VEV_5100,XIREC,150.0,28
397900,SUBMISSION,,VEV_5100,XIREC,151.0,11
397900,SUBMISSION,,VEV_5100,XIREC,152.0,16
398000,SUBMISSION,,VEV_5100,XIREC,151.0,8
398000,SUBMISSION,,VEV_5100,XIREC,152.0,18
398100,SUBMISSION,,VEV_5100,XIREC,151.0,6
398100,SUBMISSION,,VEV_5100,XIREC,152.0,16
398200,SUBMISSION,,VEV_4000,XIREC,1233.0,2
398200,SUBMISSION,,VEV_4500,XIREC,733.0,2
398200,SUBMISSION,,VEV_5100,XIREC,148.0,2
398200,SUBMISSION,,VEV_5100,XIREC,151.0,2
398200,,SUBMISSION,VEV_5100,XIREC,147.0,9
398200,Mark 01,Mark 22,VEV_5400,XIREC,10.0,2
398200,Mark 01,Mark 22,VEV_5500,XIREC,4.0,2
398200,Mark 01,Mark 22,VEV_6000,XIREC,0.0,2
398200,Mark 01,Mark 22,VEV_6500,XIREC,0.0,2
398300,SUBMISSION,,VEV_5100,XIREC,151.0,6
398600,SUBMISSION,,VEV_5100,XIREC,150.0,1
398600,SUBMISSION,,VEV_5100,XIREC,150.0,1
398700,SUBMISSION,,VEV_5100,XIREC,149.0,1
398800,SUBMISSION,,VEV_5100,XIREC,148.0,1
401000,SUBMISSION,Mark 55,VELVETFRUIT_EXTRACT,XIREC,5231.0,8
401200,Mark 14,Mark 38,HYDROGEL_PACK,XIREC,9966.0,5
401500,Mark 55,Mark 01,VELVETFRUIT_EXTRACT,XIREC,5233.0,7
401800,SUBMISSION,,VEV_5100,XIREC,146.0,1
406100,SUBMISSION,Mark 55,VELVETFRUIT_EXTRACT,XIREC,5232.0,4
406300,SUBMISSION,Mark 38,VEV_4000,XIREC,1221.0,2
407000,SUBMISSION,Mark 55,VELVETFRUIT_EXTRACT,XIREC,5226.0,4
408000,Mark 38,Mark 14,HYDROGEL_PACK,XIREC,9991.0,3
409400,Mark 38,Mark 14,HYDROGEL_PACK,XIREC,9988.0,3
410100,Mark 38,Mark 14,HYDROGEL_PACK,XIREC,9988.0,6
410200,SUBMISSION,,VEV_4000,XIREC,1228.0,5
410200,SUBMISSION,,VEV_4500,XIREC,728.0,5
410200,Mark 01,Mark 22,VEV_5400,XIREC,9.0,5
410200,Mark 01,Mark 22,VEV_5500,XIREC,3.0,5
410200,Mark 01,Mark 22,VEV_6000,XIREC,0.0,5
410200,Mark 01,Mark 22,VEV_6500,XIREC,0.0,5
413100,Mark 38,Mark 14,HYDROGEL_PACK,XIREC,9977.0,2
413500,Mark 38,Mark 14,HYDROGEL_PACK,XIREC,9974.0,5
414900,SUBMISSION,,VEV_4000,XIREC,1226.0,3
414900,SUBMISSION,,VEV_4500,XIREC,726.0,3
414900,Mark 14,Mark 22,VEV_5200,XIREC,76.0,3
414900,Mark 01,Mark 22,VEV_5300,XIREC,34.0,3
414900,Mark 01,Mark 22,VEV_5400,XIREC,9.0,3
414900,Mark 01,Mark 22,VEV_5500,XIREC,3.0,3
414900,Mark 01,Mark 22,VEV_6000,XIREC,0.0,3
414900,Mark 01,Mark 22,VEV_6500,XIREC,0.0,3
415400,Mark 38,Mark 14,HYDROGEL_PACK,XIREC,9976.0,6
415500,SUBMISSION,,VEV_4000,XIREC,1228.0,4
415500,SUBMISSION,,VEV_4500,XIREC,728.0,4
415500,Mark 01,Mark 22,VEV_5400,XIREC,9.0,4
415500,Mark 01,Mark 22,VEV_5500,XIREC,3.0,4
415500,Mark 01,Mark 22,VEV_6000,XIREC,0.0,4
415500,Mark 01,Mark 22,VEV_6500,XIREC,0.0,4
416600,Mark 38,Mark 14,HYDROGEL_PACK,XIREC,9981.0,4
419300,SUBMISSION,Mark 38,VEV_4000,XIREC,1222.0,1
420200,Mark 38,Mark 14,HYDROGEL_PACK,XIREC,9975.0,4
421100,Mark 14,Mark 38,HYDROGEL_PACK,XIREC,9961.0,5
421400,Mark 55,Mark 14,VELVETFRUIT_EXTRACT,XIREC,5233.0,6
422200,Mark 14,Mark 38,HYDROGEL_PACK,XIREC,9963.0,2
423800,SUBMISSION,,VEV_4000,XIREC,1232.0,5
423800,SUBMISSION,,VEV_4500,XIREC,732.0,5
423800,Mark 38,Mark 14,HYDROGEL_PACK,XIREC,9969.0,3
423800,Mark 14,Mark 22,VEV_5200,XIREC,79.0,5
423800,Mark 01,Mark 22,VEV_5300,XIREC,36.0,5
423800,Mark 01,Mark 22,VEV_5400,XIREC,10.0,5
423800,Mark 14,Mark 22,VEV_5500,XIREC,4.0,5
423800,Mark 01,Mark 22,VEV_6000,XIREC,0.0,5
423800,Mark 01,Mark 22,VEV_6500,XIREC,0.0,5
424400,Mark 38,Mark 14,VEV_4000,XIREC,1244.0,2
424600,Mark 67,Mark 22,VELVETFRUIT_EXTRACT,XIREC,5232.0,6
425300,Mark 55,Mark 14,VELVETFRUIT_EXTRACT,XIREC,5238.0,3
427400,Mark 55,Mark 14,VELVETFRUIT_EXTRACT,XIREC,5241.0,5
428400,Mark 38,Mark 14,VEV_4000,XIREC,1248.0,1
429500,Mark 38,Mark 14,HYDROGEL_PACK,XIREC,9968.0,3
430200,Mark 38,Mark 14,HYDROGEL_PACK,XIREC,9974.0,4
430700,Mark 38,Mark 14,HYDROGEL_PACK,XIREC,9976.0,4
432100,SUBMISSION,Mark 55,VELVETFRUIT_EXTRACT,XIREC,5234.0,8
433000,SUBMISSION,Mark 55,VELVETFRUIT_EXTRACT,XIREC,5239.0,4
433100,,SUBMISSION,VEV_5100,XIREC,151.0,7
433100,Mark 14,Mark 22,VEV_5200,XIREC,83.0,2
433100,Mark 01,Mark 22,VEV_5300,XIREC,38.0,2
433100,Mark 01,Mark 22,VEV_5400,XIREC,11.0,2
433100,Mark 01,Mark 22,VEV_5500,XIREC,4.0,2
433100,Mark 01,Mark 22,VEV_6000,XIREC,0.0,2
433100,Mark 01,Mark 22,VEV_6500,XIREC,0.0,2
433900,Mark 38,Mark 14,HYDROGEL_PACK,XIREC,9970.0,4
434000,SUBMISSION,,VEV_5100,XIREC,153.0,1
434900,SUBMISSION,,VELVETFRUIT_EXTRACT,XIREC,5237.0,5
436100,Mark 55,Mark 01,VELVETFRUIT_EXTRACT,XIREC,5242.0,5
436200,Mark 14,Mark 38,HYDROGEL_PACK,XIREC,9968.0,2
438300,SUBMISSION,Mark 38,VEV_4000,XIREC,1231.0,1
438300,Mark 14,Mark 38,VEV_4000,XIREC,1230.0,2
438500,Mark 55,Mark 14,VELVETFRUIT_EXTRACT,XIREC,5241.0,6
438900,Mark 38,Mark 14,VEV_4000,XIREC,1249.0,3
441300,SUBMISSION,Mark 55,VELVETFRUIT_EXTRACT,XIREC,5236.0,4
441300,Mark 01,Mark 55,VELVETFRUIT_EXTRACT,XIREC,5235.0,1
443400,Mark 38,Mark 14,HYDROGEL_PACK,XIREC,9969.0,4
443600,SUBMISSION,,VEV_4000,XIREC,1237.0,4
443600,,SUBMISSION,VEV_5100,XIREC,150.0,12
443600,Mark 14,Mark 22,VEV_5200,XIREC,82.0,4
443600,Mark 01,Mark 22,VEV_5400,XIREC,11.0,4
443600,Mark 01,Mark 22,VEV_5500,XIREC,4.0,4
443600,Mark 01,Mark 22,VEV_6000,XIREC,0.0,4
443600,Mark 01,Mark 22,VEV_6500,XIREC,0.0,4
443700,SUBMISSION,,VEV_5100,XIREC,154.0,2
443800,SUBMISSION,,VEV_5100,XIREC,154.0,2
444200,Mark 55,Mark 01,VELVETFRUIT_EXTRACT,XIREC,5244.0,6
445300,Mark 38,Mark 14,HYDROGEL_PACK,XIREC,9974.0,2
448600,Mark 55,SUBMISSION,VELVETFRUIT_EXTRACT,XIREC,5252.0,7
448900,Mark 67,Mark 49,VELVETFRUIT_EXTRACT,XIREC,5247.0,9
449000,Mark 14,Mark 38,HYDROGEL_PACK,XIREC,9979.0,6
449500,Mark 14,Mark 38,VEV_4000,XIREC,1238.0,2
449900,SUBMISSION,,VELVETFRUIT_EXTRACT,XIREC,5248.0,4
450900,Mark 38,Mark 14,HYDROGEL_PACK,XIREC,9988.0,6
451200,SUBMISSION,,VEV_5100,XIREC,157.0,2
451300,SUBMISSION,,VEV_5100,XIREC,156.0,1
451400,SUBMISSION,,VEV_5100,XIREC,155.0,1
451400,SUBMISSION,,VEV_5100,XIREC,155.0,1
452000,Mark 14,Mark 38,HYDROGEL_PACK,XIREC,9965.0,3
452800,Mark 38,Mark 14,HYDROGEL_PACK,XIREC,9974.0,4
452900,SUBMISSION,,VEV_5100,XIREC,154.0,1
453000,Mark 55,Mark 14,VELVETFRUIT_EXTRACT,XIREC,5240.0,3
453800,SUBMISSION,Mark 55,VELVETFRUIT_EXTRACT,XIREC,5238.0,4
453800,Mark 14,Mark 55,VELVETFRUIT_EXTRACT,XIREC,5237.0,3
454700,Mark 38,SUBMISSION,VEV_4000,XIREC,1246.0,1
456200,SUBMISSION,,VEV_4000,XIREC,1237.0,2
456200,SUBMISSION,,VEV_4500,XIREC,737.0,2
456200,,SUBMISSION,VEV_5100,XIREC,150.0,10
456200,Mark 14,Mark 22,VEV_5200,XIREC,82.0,2
456200,Mark 01,Mark 22,VEV_5400,XIREC,11.0,2
456200,Mark 01,Mark 22,VEV_5500,XIREC,4.0,2
456200,Mark 01,Mark 22,VEV_6000,XIREC,0.0,2
456200,Mark 01,Mark 22,VEV_6500,XIREC,0.0,2
456300,SUBMISSION,,VEV_5100,XIREC,155.0,4
456400,SUBMISSION,,VEV_5100,XIREC,154.0,1
456400,SUBMISSION,,VEV_5100,XIREC,154.0,1
456800,SUBMISSION,,VEV_5100,XIREC,153.0,1
457600,Mark 55,Mark 14,VELVETFRUIT_EXTRACT,XIREC,5242.0,3
460100,SUBMISSION,Mark 55,VELVETFRUIT_EXTRACT,XIREC,5236.0,3
460100,Mark 14,Mark 55,VELVETFRUIT_EXTRACT,XIREC,5235.0,1
460500,SUBMISSION,,VEV_5100,XIREC,152.0,1
461200,SUBMISSION,,VEV_4000,XIREC,1235.0,3
461200,SUBMISSION,,VEV_4500,XIREC,735.0,3
461200,Mark 14,Mark 22,VEV_5300,XIREC,37.0,3
461200,Mark 01,Mark 22,VEV_5400,XIREC,10.0,3
461200,Mark 01,Mark 22,VEV_5500,XIREC,3.0,3
461200,Mark 01,Mark 22,VEV_6000,XIREC,0.0,3
461200,Mark 01,Mark 22,VEV_6500,XIREC,0.0,3
463600,SUBMISSION,,VELVETFRUIT_EXTRACT,XIREC,5238.0,2
463600,Mark 67,Mark 49,VELVETFRUIT_EXTRACT,XIREC,5238.0,11
463800,SUBMISSION,,VEV_5100,XIREC,154.0,2
463800,SUBMISSION,,VEV_5100,XIREC,154.0,2
464700,Mark 67,Mark 22,VELVETFRUIT_EXTRACT,XIREC,5238.0,5
466000,SUBMISSION,Mark 55,VELVETFRUIT_EXTRACT,XIREC,5235.0,2
466000,Mark 01,Mark 55,VELVETFRUIT_EXTRACT,XIREC,5234.0,1
466400,SUBMISSION,,VELVETFRUIT_EXTRACT,XIREC,5233.0,1
466400,Mark 67,Mark 49,VELVETFRUIT_EXTRACT,XIREC,5233.0,14
466600,SUBMISSION,,VEV_5100,XIREC,150.0,3
466600,SUBMISSION,,VEV_5100,XIREC,150.0,3
468600,Mark 55,Mark 01,VELVETFRUIT_EXTRACT,XIREC,5239.0,4
472900,Mark 55,Mark 14,VELVETFRUIT_EXTRACT,XIREC,5238.0,6
473000,Mark 55,Mark 01,VELVETFRUIT_EXTRACT,XIREC,5238.0,4
473800,Mark 55,Mark 14,VELVETFRUIT_EXTRACT,XIREC,5239.0,3
474000,Mark 55,Mark 01,VELVETFRUIT_EXTRACT,XIREC,5238.0,5
477300,SUBMISSION,Mark 55,VELVETFRUIT_EXTRACT,XIREC,5245.0,1
477300,Mark 01,Mark 55,VELVETFRUIT_EXTRACT,XIREC,5244.0,7
478900,Mark 38,Mark 14,HYDROGEL_PACK,XIREC,9997.0,3
480500,SUBMISSION,Mark 55,VELVETFRUIT_EXTRACT,XIREC,5241.0,1
480500,Mark 14,Mark 55,VELVETFRUIT_EXTRACT,XIREC,5240.0,2
480900,Mark 14,Mark 38,HYDROGEL_PACK,XIREC,9994.0,2
481400,Mark 14,Mark 38,HYDROGEL_PACK,XIREC,9996.0,2
481600,,SUBMISSION,HYDROGEL_PACK,XIREC,10001.0,11
482300,,SUBMISSION,VELVETFRUIT_EXTRACT,XIREC,5249.0,24
482400,Mark 38,SUBMISSION,HYDROGEL_PACK,XIREC,10012.0,3
483400,,SUBMISSION,VEV_5100,XIREC,157.0,8
483400,Mark 55,Mark 01,VELVETFRUIT_EXTRACT,XIREC,5249.0,3
483400,Mark 14,Mark 22,VEV_5300,XIREC,40.0,5
483400,Mark 01,Mark 22,VEV_5400,XIREC,12.0,5
483400,Mark 01,Mark 22,VEV_5500,XIREC,4.0,5
483400,Mark 01,Mark 22,VEV_6000,XIREC,0.0,5
483400,Mark 01,Mark 22,VEV_6500,XIREC,0.0,5
486000,SUBMISSION,Mark 55,VELVETFRUIT_EXTRACT,XIREC,5238.0,5
486200,Mark 55,Mark 01,VELVETFRUIT_EXTRACT,XIREC,5242.0,8
486700,SUBMISSION,Mark 55,VELVETFRUIT_EXTRACT,XIREC,5237.0,6
486700,Mark 14,Mark 55,VELVETFRUIT_EXTRACT,XIREC,5236.0,2
488200,SUBMISSION,Mark 38,HYDROGEL_PACK,XIREC,9995.0,2
488600,Mark 38,SUBMISSION,VEV_4000,XIREC,1246.0,2
488700,SUBMISSION,Mark 38,HYDROGEL_PACK,XIREC,9986.0,3
488700,Mark 14,Mark 38,HYDROGEL_PACK,XIREC,9985.0,2
490600,Mark 38,SUBMISSION,VEV_4000,XIREC,1250.0,2
492000,SUBMISSION,Mark 55,VELVETFRUIT_EXTRACT,XIREC,5242.0,3
492000,Mark 14,Mark 55,VELVETFRUIT_EXTRACT,XIREC,5241.0,2
492200,SUBMISSION,,VEV_5100,XIREC,158.0,1
492200,SUBMISSION,,VEV_5100,XIREC,158.0,1
492600,SUBMISSION,,VEV_5100,XIREC,156.0,1
492600,SUBMISSION,,VEV_5100,XIREC,156.0,1
493000,SUBMISSION,,VELVETFRUIT_EXTRACT,XIREC,5240.0,3
493000,Mark 67,Mark 49,VELVETFRUIT_EXTRACT,XIREC,5240.0,12
493400,SUBMISSION,,VEV_5100,XIREC,157.0,3
493500,SUBMISSION,Mark 55,VELVETFRUIT_EXTRACT,XIREC,5240.0,3
493500,Mark 01,Mark 55,VELVETFRUIT_EXTRACT,XIREC,5239.0,3
493800,Mark 38,SUBMISSION,HYDROGEL_PACK,XIREC,10019.0,6
494300,Mark 55,Mark 01,VELVETFRUIT_EXTRACT,XIREC,5244.0,6
495100,Mark 55,Mark 01,VELVETFRUIT_EXTRACT,XIREC,5247.0,8
495700,SUBMISSION,Mark 38,HYDROGEL_PACK,XIREC,9986.0,3
495700,SUBMISSION,,VEV_4000,XIREC,1242.0,5
495700,SUBMISSION,,VEV_4500,XIREC,742.0,5
495700,,SUBMISSION,VEV_5100,XIREC,154.0,7
495700,Mark 01,Mark 22,VEV_5400,XIREC,11.0,5
495700,Mark 01,Mark 22,VEV_5500,XIREC,4.0,5
495700,Mark 01,Mark 22,VEV_6000,XIREC,0.0,5
495700,Mark 01,Mark 22,VEV_6500,XIREC,0.0,5
496000,SUBMISSION,,VEV_5100,XIREC,158.0,2
496000,SUBMISSION,,VEV_5100,XIREC,158.0,2
498100,SUBMISSION,Mark 55,VELVETFRUIT_EXTRACT,XIREC,5243.0,1
498100,Mark 01,Mark 55,VELVETFRUIT_EXTRACT,XIREC,5242.0,7
498500,SUBMISSION,Mark 38,HYDROGEL_PACK,XIREC,9978.0,4
499900,Mark 38,SUBMISSION,VEV_4000,XIREC,1255.0,3
500000,Mark 55,Mark 14,VELVETFRUIT_EXTRACT,XIREC,5248.0,3
500600,SUBMISSION,Mark 38,HYDROGEL_PACK,XIREC,9977.0,3
500600,Mark 14,Mark 38,HYDROGEL_PACK,XIREC,9976.0,2
501300,Mark 55,Mark 01,VELVETFRUIT_EXTRACT,XIREC,5247.0,7
501600,SUBMISSION,Mark 38,HYDROGEL_PACK,XIREC,9977.0,2
501600,Mark 14,Mark 38,HYDROGEL_PACK,XIREC,9976.0,2
501900,SUBMISSION,,VEV_4000,XIREC,1241.0,3
501900,SUBMISSION,,VEV_4500,XIREC,741.0,3
501900,Mark 01,Mark 22,VEV_5300,XIREC,38.0,3
501900,Mark 01,Mark 22,VEV_5400,XIREC,11.0,3
501900,Mark 01,Mark 22,VEV_5500,XIREC,4.0,3
501900,Mark 01,Mark 22,VEV_6000,XIREC,0.0,3
501900,Mark 01,Mark 22,VEV_6500,XIREC,0.0,3
503600,SUBMISSION,Mark 38,HYDROGEL_PACK,XIREC,9976.0,1
503600,Mark 14,Mark 38,HYDROGEL_PACK,XIREC,9975.0,1
505100,SUBMISSION,Mark 55,VELVETFRUIT_EXTRACT,XIREC,5233.0,2
505100,Mark 01,Mark 55,VELVETFRUIT_EXTRACT,XIREC,5232.0,5
507400,SUBMISSION,,VELVETFRUIT_EXTRACT,XIREC,5235.0,1
508800,SUBMISSION,,VEV_4000,XIREC,1235.0,5
508800,SUBMISSION,,VEV_4500,XIREC,735.0,5
508800,,SUBMISSION,VEV_5100,XIREC,148.0,8
508800,Mark 01,Mark 22,VEV_5400,XIREC,10.0,5
508800,Mark 01,Mark 22,VEV_5500,XIREC,3.0,5
508800,Mark 01,Mark 22,VEV_6000,XIREC,0.0,5
508800,Mark 01,Mark 22,VEV_6500,XIREC,0.0,5
508900,SUBMISSION,,VEV_5100,XIREC,151.0,4
508900,SUBMISSION,,VEV_5100,XIREC,151.0,3
508900,SUBMISSION,,VEV_5100,XIREC,152.0,1
511000,SUBMISSION,Mark 38,HYDROGEL_PACK,XIREC,9990.0,1
511000,Mark 14,Mark 38,HYDROGEL_PACK,XIREC,9989.0,5
512800,SUBMISSION,Mark 38,HYDROGEL_PACK,XIREC,9983.0,1
512800,Mark 14,Mark 38,HYDROGEL_PACK,XIREC,9982.0,3
513600,Mark 55,Mark 14,VELVETFRUIT_EXTRACT,XIREC,5244.0,5
516500,Mark 14,Mark 38,HYDROGEL_PACK,XIREC,9977.0,5
519600,,SUBMISSION,VEV_5100,XIREC,158.0,6
519600,Mark 14,Mark 22,VEV_5200,XIREC,87.0,5
519600,Mark 01,Mark 22,VEV_5300,XIREC,40.0,5
519600,Mark 01,Mark 22,VEV_5400,XIREC,12.0,5
519600,Mark 01,Mark 22,VEV_5500,XIREC,4.0,5
519600,Mark 01,Mark 22,VEV_6000,XIREC,0.0,5
519600,Mark 01,Mark 22,VEV_6500,XIREC,0.0,5
519800,Mark 38,Mark 14,HYDROGEL_PACK,XIREC,9982.0,6
519800,Mark 01,Mark 55,VELVETFRUIT_EXTRACT,XIREC,5243.0,5
521000,Mark 38,SUBMISSION,VEV_4000,XIREC,1256.0,1
521700,Mark 67,Mark 22,VELVETFRUIT_EXTRACT,XIREC,5244.0,8
524600,SUBMISSION,,VELVETFRUIT_EXTRACT,XIREC,5244.0,1
524600,Mark 14,Mark 38,HYDROGEL_PACK,XIREC,9969.0,5
526300,Mark 14,Mark 38,HYDROGEL_PACK,XIREC,9966.0,3
527200,Mark 14,Mark 55,VELVETFRUIT_EXTRACT,XIREC,5244.0,7
527300,Mark 55,Mark 14,VELVETFRUIT_EXTRACT,XIREC,5248.0,5
529800,Mark 55,Mark 14,VELVETFRUIT_EXTRACT,XIREC,5249.0,3
530600,Mark 67,Mark 22,VELVETFRUIT_EXTRACT,XIREC,5246.0,5
530900,Mark 14,Mark 38,HYDROGEL_PACK,XIREC,9988.0,3
533300,SUBMISSION,,VEV_5100,XIREC,158.0,1
533300,SUBMISSION,,VEV_5100,XIREC,158.0,1
533300,Mark 55,Mark 22,VELVETFRUIT_EXTRACT,XIREC,5243.0,3
534700,Mark 14,Mark 38,HYDROGEL_PACK,XIREC,9958.0,3
534900,Mark 38,Mark 14,HYDROGEL_PACK,XIREC,9976.0,3
535100,Mark 14,Mark 38,HYDROGEL_PACK,XIREC,9961.0,2
536500,Mark 38,SUBMISSION,VEV_4000,XIREC,1251.0,2
538700,Mark 55,Mark 14,VELVETFRUIT_EXTRACT,XIREC,5247.0,5
540500,Mark 38,Mark 14,HYDROGEL_PACK,XIREC,9982.0,2
540600,Mark 38,Mark 14,HYDROGEL_PACK,XIREC,9980.0,2
541400,Mark 55,Mark 14,VELVETFRUIT_EXTRACT,XIREC,5243.0,8
542300,SUBMISSION,,VEV_5100,XIREC,154.0,2
542300,SUBMISSION,,VEV_5100,XIREC,154.0,2
543800,Mark 38,Mark 14,HYDROGEL_PACK,XIREC,9975.0,6
543900,Mark 14,Mark 38,VEV_4000,XIREC,1231.0,1
544400,Mark 38,Mark 14,HYDROGEL_PACK,XIREC,9976.0,6
544700,Mark 55,Mark 01,VELVETFRUIT_EXTRACT,XIREC,5243.0,8
545400,Mark 55,Mark 14,VELVETFRUIT_EXTRACT,XIREC,5240.0,7
545900,Mark 55,Mark 14,VELVETFRUIT_EXTRACT,XIREC,5238.0,5
547000,Mark 14,Mark 38,HYDROGEL_PACK,XIREC,9969.0,6
547100,Mark 67,Mark 49,VELVETFRUIT_EXTRACT,XIREC,5237.0,13
547200,SUBMISSION,,VEV_5100,XIREC,154.0,1
547600,SUBMISSION,,VEV_5100,XIREC,154.0,1
548000,Mark 01,Mark 55,VELVETFRUIT_EXTRACT,XIREC,5235.0,5
548500,Mark 14,Mark 38,HYDROGEL_PACK,XIREC,9963.0,6
548600,SUBMISSION,,VEV_4000,XIREC,1237.0,2
548600,SUBMISSION,,VEV_4500,XIREC,737.0,2
548600,,SUBMISSION,VEV_5100,XIREC,150.0,10
548600,Mark 01,Mark 22,VEV_5300,XIREC,36.0,2
548600,Mark 01,Mark 22,VEV_6000,XIREC,0.0,2
548600,Mark 01,Mark 22,VEV_6500,XIREC,0.0,2
548700,SUBMISSION,,VEV_5100,XIREC,154.0,3
548900,SUBMISSION,,VEV_5100,XIREC,153.0,2
548900,Mark 55,Mark 01,VELVETFRUIT_EXTRACT,XIREC,5240.0,7
549100,SUBMISSION,,VEV_5100,XIREC,153.0,1
549700,SUBMISSION,,VEV_5100,XIREC,151.0,2
550100,SUBMISSION,,VEV_5100,XIREC,150.0,1
550300,SUBMISSION,,VEV_5100,XIREC,149.0,1
551500,Mark 01,Mark 55,VELVETFRUIT_EXTRACT,XIREC,5238.0,6
553400,Mark 38,Mark 14,HYDROGEL_PACK,XIREC,9968.0,2
554600,SUBMISSION,,VEV_4000,XIREC,1242.0,5
554600,SUBMISSION,,VEV_4500,XIREC,742.0,5
554600,Mark 14,Mark 55,VELVETFRUIT_EXTRACT,XIREC,5240.0,7
554600,Mark 14,Mark 22,VEV_5300,XIREC,38.0,5
554600,Mark 01,Mark 22,VEV_5400,XIREC,11.0,5
554600,Mark 01,Mark 22,VEV_5500,XIREC,4.0,5
554600,Mark 01,Mark 22,VEV_6000,XIREC,0.0,5
554600,Mark 01,Mark 22,VEV_6500,XIREC,0.0,5
555000,Mark 55,Mark 01,VELVETFRUIT_EXTRACT,XIREC,5246.0,3
555700,SUBMISSION,,VEV_4000,XIREC,1241.0,3
555700,SUBMISSION,,VEV_4500,XIREC,741.0,3
555700,,SUBMISSION,VEV_5100,XIREC,153.0,12
555700,Mark 14,Mark 55,VELVETFRUIT_EXTRACT,XIREC,5239.0,7
555700,Mark 01,Mark 22,VEV_5400,XIREC,11.0,3
555700,Mark 01,Mark 22,VEV_5500,XIREC,4.0,3
555700,Mark 01,Mark 22,VEV_6000,XIREC,0.0,3
555700,Mark 01,Mark 22,VEV_6500,XIREC,0.0,3
555800,SUBMISSION,,VEV_5100,XIREC,157.0,9
555900,SUBMISSION,,VEV_5100,XIREC,156.0,1
556000,Mark 38,Mark 14,HYDROGEL_PACK,XIREC,9976.0,5
556100,Mark 38,Mark 14,HYDROGEL_PACK,XIREC,9976.0,5
556700,Mark 14,Mark 55,VELVETFRUIT_EXTRACT,XIREC,5238.0,8
558800,Mark 55,Mark 14,VELVETFRUIT_EXTRACT,XIREC,5241.0,8
558900,Mark 55,Mark 14,VELVETFRUIT_EXTRACT,XIREC,5241.0,7
561000,Mark 38,Mark 14,HYDROGEL_PACK,XIREC,9996.0,4
561100,Mark 14,Mark 55,VELVETFRUIT_EXTRACT,XIREC,5234.0,6
561300,Mark 14,Mark 55,VELVETFRUIT_EXTRACT,XIREC,5234.0,3
563200,Mark 14,Mark 38,VEV_4000,XIREC,1229.0,3
563700,Mark 38,SUBMISSION,VEV_4000,XIREC,1245.0,1
564900,Mark 14,Mark 55,VELVETFRUIT_EXTRACT,XIREC,5233.0,6
566100,Mark 14,Mark 55,VELVETFRUIT_EXTRACT,XIREC,5233.0,3
566300,Mark 55,Mark 01,VELVETFRUIT_EXTRACT,XIREC,5235.0,5
566700,SUBMISSION,,VEV_4000,XIREC,1231.0,2
566700,SUBMISSION,,VEV_4500,XIREC,731.0,2
566700,,SUBMISSION,VEV_5100,XIREC,144.0,31
566700,Mark 01,Mark 22,VEV_5400,XIREC,9.0,2
566700,Mark 01,Mark 22,VEV_5500,XIREC,3.0,2
566700,Mark 01,Mark 22,VEV_6000,XIREC,0.0,2
566700,Mark 01,Mark 22,VEV_6500,XIREC,0.0,2
566800,SUBMISSION,,VEV_5100,XIREC,148.0,12
566800,SUBMISSION,,VEV_5100,XIREC,149.0,13
566900,SUBMISSION,,VEV_5100,XIREC,148.0,5
566900,SUBMISSION,,VEV_5100,XIREC,148.0,5
568500,Mark 14,Mark 38,HYDROGEL_PACK,XIREC,9971.0,2
569800,Mark 01,Mark 55,VELVETFRUIT_EXTRACT,XIREC,5225.0,5
571300,Mark 14,Mark 38,VEV_4000,XIREC,1219.0,3
573500,Mark 01,Mark 55,VELVETFRUIT_EXTRACT,XIREC,5232.0,5
573500,Mark 14,Mark 38,VEV_4000,XIREC,1224.0,2
573700,Mark 55,Mark 01,VELVETFRUIT_EXTRACT,XIREC,5237.0,3
573800,Mark 38,Mark 14,HYDROGEL_PACK,XIREC,9989.0,3
574200,Mark 38,Mark 14,HYDROGEL_PACK,XIREC,9988.0,6
575100,SUBMISSION,,VEV_4000,XIREC,1231.0,4
575100,SUBMISSION,,VEV_4500,XIREC,731.0,4
575100,Mark 01,Mark 22,VEV_5400,XIREC,9.0,4
575100,Mark 01,Mark 22,VEV_5500,XIREC,3.0,4
575100,Mark 01,Mark 22,VEV_6000,XIREC,0.0,4
575100,Mark 01,Mark 22,VEV_6500,XIREC,0.0,4
576500,Mark 14,Mark 55,VELVETFRUIT_EXTRACT,XIREC,5225.0,7
576700,Mark 38,Mark 14,HYDROGEL_PACK,XIREC,10000.0,5
577700,Mark 14,Mark 55,VELVETFRUIT_EXTRACT,XIREC,5223.0,8
578300,Mark 38,Mark 14,HYDROGEL_PACK,XIREC,9992.0,6
578300,Mark 14,Mark 55,VELVETFRUIT_EXTRACT,XIREC,5223.0,8
581600,Mark 38,Mark 14,HYDROGEL_PACK,XIREC,10000.0,2
582600,Mark 14,Mark 38,HYDROGEL_PACK,XIREC,9980.0,4
584500,,SUBMISSION,HYDROGEL_PACK,XIREC,10001.0,13
585200,Mark 14,Mark 38,HYDROGEL_PACK,XIREC,10005.0,6
587100,SUBMISSION,,VEV_4000,XIREC,1212.0,4
587100,SUBMISSION,,VEV_4500,XIREC,712.0,4
587100,,SUBMISSION,VEV_5100,XIREC,129.0,29
587100,Mark 14,Mark 22,VEV_5300,XIREC,28.0,4
587100,Mark 01,Mark 22,VEV_5400,XIREC,7.0,4
587100,Mark 01,Mark 22,VEV_5500,XIREC,2.0,4
587100,Mark 01,Mark 22,VEV_6000,XIREC,0.0,4
587100,Mark 01,Mark 22,VEV_6500,XIREC,0.0,4
587200,Mark 55,Mark 14,VELVETFRUIT_EXTRACT,XIREC,5214.0,6
587500,Mark 14,Mark 38,VEV_4000,XIREC,1202.0,1
587700,Mark 38,SUBMISSION,HYDROGEL_PACK,XIREC,10012.0,4
588400,Mark 38,SUBMISSION,HYDROGEL_PACK,XIREC,10014.0,6
588400,Mark 55,Mark 14,VELVETFRUIT_EXTRACT,XIREC,5217.0,5
588500,SUBMISSION,,VEV_4000,XIREC,1214.0,4
588500,SUBMISSION,,VEV_4500,XIREC,714.0,4
588500,SUBMISSION,,VEV_5100,XIREC,132.0,4
588500,,SUBMISSION,VEV_5100,XIREC,131.0,23
588500,Mark 01,Mark 22,VEV_5300,XIREC,28.0,4
588500,Mark 01,Mark 22,VEV_5400,XIREC,7.0,4
588500,Mark 01,Mark 22,VEV_5500,XIREC,2.0,4
588500,Mark 01,Mark 22,VEV_6000,XIREC,0.0,4
588500,Mark 01,Mark 22,VEV_6500,XIREC,0.0,4
588800,Mark 38,SUBMISSION,HYDROGEL_PACK,XIREC,10015.0,2
589300,SUBMISSION,Mark 38,HYDROGEL_PACK,XIREC,10001.0,3
589400,Mark 01,Mark 55,VELVETFRUIT_EXTRACT,XIREC,5212.0,3
590700,Mark 38,SUBMISSION,VEV_4000,XIREC,1224.0,1
592000,Mark 55,Mark 01,VELVETFRUIT_EXTRACT,XIREC,5223.0,6
592200,Mark 38,SUBMISSION,HYDROGEL_PACK,XIREC,10019.0,4
592500,SUBMISSION,,VEV_5100,XIREC,140.0,12
592700,SUBMISSION,,VEV_5100,XIREC,138.0,8
593000,SUBMISSION,,VEV_4000,XIREC,1219.0,5
593000,SUBMISSION,,VEV_4500,XIREC,719.0,5
593000,SUBMISSION,,VEV_5100,XIREC,136.0,4
593000,,SUBMISSION,VEV_5100,XIREC,135.0,6
593000,Mark 01,Mark 22,VEV_5400,XIREC,8.0,5
593000,Mark 01,Mark 22,VEV_5500,XIREC,3.0,5
593000,Mark 01,Mark 22,VEV_6000,XIREC,0.0,5
593000,Mark 01,Mark 22,VEV_6500,XIREC,0.0,5
593100,SUBMISSION,,VEV_5100,XIREC,138.0,10
593200,SUBMISSION,,VEV_5100,XIREC,138.0,11
593300,,SUBMISSION,HYDROGEL_PACK,XIREC,10011.0,7
593400,,SUBMISSION,HYDROGEL_PACK,XIREC,10017.0,11
593400,,SUBMISSION,HYDROGEL_PACK,XIREC,10015.0,6
593500,,SUBMISSION,HYDROGEL_PACK,XIREC,10014.0,12
593600,,SUBMISSION,HYDROGEL_PACK,XIREC,10014.0,12
593700,,SUBMISSION,HYDROGEL_PACK,XIREC,10012.0,9
593800,,SUBMISSION,HYDROGEL_PACK,XIREC,10012.0,9
593900,,SUBMISSION,HYDROGEL_PACK,XIREC,10008.0,3
593900,SUBMISSION,,VEV_5100,XIREC,138.0,7
594000,,SUBMISSION,HYDROGEL_PACK,XIREC,10009.0,4
594000,SUBMISSION,,VEV_5100,XIREC,138.0,1
594100,,SUBMISSION,HYDROGEL_PACK,XIREC,10009.0,4
594200,,SUBMISSION,HYDROGEL_PACK,XIREC,10011.0,7
594300,,SUBMISSION,HYDROGEL_PACK,XIREC,10008.0,2
594800,,SUBMISSION,HYDROGEL_PACK,XIREC,10008.0,2
596100,Mark 14,Mark 38,HYDROGEL_PACK,XIREC,10002.0,3
596600,Mark 38,SUBMISSION,HYDROGEL_PACK,XIREC,10011.0,6
597500,Mark 38,SUBMISSION,HYDROGEL_PACK,XIREC,10014.0,4
598300,,SUBMISSION,HYDROGEL_PACK,XIREC,10007.0,2
598800,,SUBMISSION,HYDROGEL_PACK,XIREC,10006.0,1
599000,,SUBMISSION,HYDROGEL_PACK,XIREC,10006.0,1
599100,,SUBMISSION,HYDROGEL_PACK,XIREC,10007.0,2
599200,,SUBMISSION,HYDROGEL_PACK,XIREC,10007.0,2
600300,Mark 38,SUBMISSION,VEV_4000,XIREC,1253.0,2
600900,,SUBMISSION,HYDROGEL_PACK,XIREC,10006.0,1
601000,,SUBMISSION,HYDROGEL_PACK,XIREC,10006.0,1
601100,,SUBMISSION,HYDROGEL_PACK,XIREC,10009.0,7
601200,,SUBMISSION,HYDROGEL_PACK,XIREC,10011.0,11
601300,,SUBMISSION,HYDROGEL_PACK,XIREC,10011.0,11
601400,,SUBMISSION,HYDROGEL_PACK,XIREC,10014.0,14
601400,,SUBMISSION,HYDROGEL_PACK,XIREC,10011.0,3
601500,,SUBMISSION,HYDROGEL_PACK,XIREC,10012.0,11
601500,,SUBMISSION,HYDROGEL_PACK,XIREC,10010.0,2
601600,,SUBMISSION,HYDROGEL_PACK,XIREC,10013.0,15
601600,Mark 14,Mark 38,HYDROGEL_PACK,XIREC,10013.0,6
601700,,SUBMISSION,HYDROGEL_PACK,XIREC,10016.0,11
601700,,SUBMISSION,HYDROGEL_PACK,XIREC,10014.0,9
601800,,SUBMISSION,HYDROGEL_PACK,XIREC,10014.0,14
601800,,SUBMISSION,HYDROGEL_PACK,XIREC,10011.0,2
601900,,SUBMISSION,HYDROGEL_PACK,XIREC,10012.0,12
601900,,SUBMISSION,HYDROGEL_PACK,XIREC,10009.0,1
602000,,SUBMISSION,HYDROGEL_PACK,XIREC,10012.0,13
602100,,SUBMISSION,HYDROGEL_PACK,XIREC,10012.0,11
602100,,SUBMISSION,HYDROGEL_PACK,XIREC,10009.0,2
602200,,SUBMISSION,HYDROGEL_PACK,XIREC,10015.0,13
602200,,SUBMISSION,HYDROGEL_PACK,XIREC,10012.0,5
602300,,SUBMISSION,HYDROGEL_PACK,XIREC,10016.0,12
602300,,SUBMISSION,HYDROGEL_PACK,XIREC,10014.0,8
602400,,SUBMISSION,HYDROGEL_PACK,XIREC,10017.0,5
602500,,SUBMISSION,HYDROGEL_PACK,XIREC,10019.0,4
602700,,SUBMISSION,HYDROGEL_PACK,XIREC,10020.0,2
603200,,SUBMISSION,HYDROGEL_PACK,XIREC,10023.0,6
603800,,SUBMISSION,HYDROGEL_PACK,XIREC,10024.0,1
604100,Mark 01,Mark 22,VEV_5300,XIREC,38.0,2
604100,Mark 01,Mark 22,VEV_5400,XIREC,11.0,2
604100,Mark 01,Mark 22,VEV_5500,XIREC,4.0,2
604100,Mark 01,Mark 22,VEV_6000,XIREC,0.0,2
604100,Mark 01,Mark 22,VEV_6500,XIREC,0.0,2
604300,,SUBMISSION,HYDROGEL_PACK,XIREC,10026.0,3
604400,,SUBMISSION,HYDROGEL_PACK,XIREC,10027.0,1
604400,Mark 38,SUBMISSION,HYDROGEL_PACK,XIREC,10042.0,3
604500,Mark 55,Mark 14,VELVETFRUIT_EXTRACT,XIREC,5245.0,7
605100,Mark 14,Mark 38,VEV_4000,XIREC,1233.0,3
607200,,SUBMISSION,VELVETFRUIT_EXTRACT,XIREC,5249.0,8
607400,Mark 38,SUBMISSION,VEV_4000,XIREC,1258.0,2
608200,,SUBMISSION,VELVETFRUIT_EXTRACT,XIREC,5249.0,19
608800,Mark 55,SUBMISSION,VELVETFRUIT_EXTRACT,XIREC,5254.0,3
608900,Mark 14,Mark 38,HYDROGEL_PACK,XIREC,10031.0,2
610900,Mark 14,Mark 38,HYDROGEL_PACK,XIREC,10029.0,5
610900,Mark 14,Mark 38,VEV_4000,XIREC,1239.0,3
611300,Mark 67,Mark 22,VELVETFRUIT_EXTRACT,XIREC,5244.0,6
612300,SUBMISSION,Mark 55,VELVETFRUIT_EXTRACT,XIREC,5242.0,7
612300,Mark 14,Mark 55,VELVETFRUIT_EXTRACT,XIREC,5241.0,1
614100,Mark 67,Mark 22,VELVETFRUIT_EXTRACT,XIREC,5244.0,10
616700,Mark 55,Mark 14,VELVETFRUIT_EXTRACT,XIREC,5237.0,4
617200,Mark 55,Mark 01,VELVETFRUIT_EXTRACT,XIREC,5237.0,6
620000,Mark 14,Mark 38,HYDROGEL_PACK,XIREC,10010.0,5
620800,Mark 55,Mark 14,VELVETFRUIT_EXTRACT,XIREC,5234.0,4
622600,SUBMISSION,,VEV_4000,XIREC,1234.0,4
622600,SUBMISSION,,VEV_4500,XIREC,734.0,3
622600,,SUBMISSION,VEV_5100,XIREC,147.0,8
622600,Mark 01,Mark 22,VEV_5400,XIREC,10.0,4
622600,Mark 01,Mark 22,VEV_5500,XIREC,3.0,4
622600,Mark 01,Mark 22,VEV_6000,XIREC,0.0,4
622600,Mark 01,Mark 22,VEV_6500,XIREC,0.0,4
624000,Mark 14,Mark 38,VEV_4000,XIREC,1226.0,2
624200,Mark 14,Mark 38,VEV_4000,XIREC,1226.0,2
625900,Mark 38,SUBMISSION,VEV_4000,XIREC,1252.0,2
626300,Mark 55,Mark 14,VELVETFRUIT_EXTRACT,XIREC,5248.0,5
627100,Mark 38,SUBMISSION,VEV_4000,XIREC,1253.0,3
627400,Mark 55,Mark 14,VELVETFRUIT_EXTRACT,XIREC,5246.0,7
629200,SUBMISSION,Mark 55,VELVETFRUIT_EXTRACT,XIREC,5244.0,5
630700,Mark 14,Mark 38,HYDROGEL_PACK,XIREC,10010.0,3
630800,SUBMISSION,,VELVETFRUIT_EXTRACT,XIREC,5242.0,4
631400,Mark 14,Mark 38,HYDROGEL_PACK,XIREC,10002.0,3
633100,Mark 38,SUBMISSION,HYDROGEL_PACK,XIREC,10016.0,6
634300,Mark 38,SUBMISSION,HYDROGEL_PACK,XIREC,10008.0,4
634400,Mark 55,Mark 01,VELVETFRUIT_EXTRACT,XIREC,5245.0,5
635100,Mark 14,Mark 38,VEV_4000,XIREC,1235.0,3
636200,SUBMISSION,,VELVETFRUIT_EXTRACT,XIREC,5246.0,3
637900,Mark 38,SUBMISSION,VEV_4000,XIREC,1255.0,3
638600,SUBMISSION,,VELVETFRUIT_EXTRACT,XIREC,5246.0,3
640000,SUBMISSION,Mark 38,HYDROGEL_PACK,XIREC,10001.0,2
641500,Mark 55,Mark 14,VELVETFRUIT_EXTRACT,XIREC,5248.0,5
642400,,SUBMISSION,VEV_5100,XIREC,155.0,6
642400,Mark 01,Mark 22,VEV_5400,XIREC,11.0,2
642400,Mark 01,Mark 22,VEV_5500,XIREC,4.0,2
642400,Mark 01,Mark 22,VEV_6000,XIREC,0.0,2
642400,Mark 01,Mark 22,VEV_6500,XIREC,0.0,2
642800,SUBMISSION,,VEV_5100,XIREC,157.0,1
643000,SUBMISSION,Mark 55,VELVETFRUIT_EXTRACT,XIREC,5240.0,2
643000,Mark 14,Mark 55,VELVETFRUIT_EXTRACT,XIREC,5239.0,4
643300,Mark 38,SUBMISSION,VEV_4000,XIREC,1251.0,1
644500,Mark 01,Mark 22,VEV_5400,XIREC,11.0,4
644500,Mark 01,Mark 22,VEV_5500,XIREC,4.0,4
644500,Mark 01,Mark 22,VEV_6000,XIREC,0.0,4
644500,Mark 01,Mark 22,VEV_6500,XIREC,0.0,4
645000,Mark 14,Mark 38,HYDROGEL_PACK,XIREC,10016.0,4
648700,Mark 14,Mark 38,VEV_4000,XIREC,1235.0,3
650000,Mark 14,Mark 38,HYDROGEL_PACK,XIREC,10029.0,4
650200,Mark 55,Mark 01,VELVETFRUIT_EXTRACT,XIREC,5246.0,6
650600,Mark 67,Mark 49,VELVETFRUIT_EXTRACT,XIREC,5244.0,8
650700,SUBMISSION,,VEV_5100,XIREC,158.0,2
650700,SUBMISSION,,VEV_5100,XIREC,158.0,2
651100,SUBMISSION,,VELVETFRUIT_EXTRACT,XIREC,5240.0,2
651100,SUBMISSION,,VEV_5100,XIREC,157.0,2
651300,Mark 55,Mark 01,VELVETFRUIT_EXTRACT,XIREC,5247.0,8
653800,Mark 55,SUBMISSION,VELVETFRUIT_EXTRACT,XIREC,5252.0,5
655500,Mark 14,Mark 38,HYDROGEL_PACK,XIREC,10024.0,3
656600,Mark 67,SUBMISSION,VELVETFRUIT_EXTRACT,XIREC,5252.0,8
658100,Mark 38,SUBMISSION,VEV_4000,XIREC,1262.0,3
658300,SUBMISSION,Mark 55,VELVETFRUIT_EXTRACT,XIREC,5250.0,3
659500,Mark 38,SUBMISSION,HYDROGEL_PACK,XIREC,10045.0,5
659600,,SUBMISSION,VELVETFRUIT_EXTRACT,XIREC,5255.0,1
659700,,SUBMISSION,VELVETFRUIT_EXTRACT,XIREC,5255.0,1
659800,Mark 01,Mark 55,VELVETFRUIT_EXTRACT,XIREC,5256.0,6
659900,,SUBMISSION,VELVETFRUIT_EXTRACT,XIREC,5255.0,2
660000,,SUBMISSION,VELVETFRUIT_EXTRACT,XIREC,5255.0,2
660200,,SUBMISSION,VELVETFRUIT_EXTRACT,XIREC,5255.0,2
660300,,SUBMISSION,VELVETFRUIT_EXTRACT,XIREC,5255.0,2
660400,,SUBMISSION,VELVETFRUIT_EXTRACT,XIREC,5255.0,2
660500,,SUBMISSION,VELVETFRUIT_EXTRACT,XIREC,5255.0,4
660600,,SUBMISSION,VELVETFRUIT_EXTRACT,XIREC,5255.0,3
661900,Mark 14,Mark 38,HYDROGEL_PACK,XIREC,10024.0,6
662600,Mark 55,Mark 01,VELVETFRUIT_EXTRACT,XIREC,5251.0,6
663000,Mark 14,Mark 38,HYDROGEL_PACK,XIREC,10025.0,2
664900,,SUBMISSION,VELVETFRUIT_EXTRACT,XIREC,5254.0,2
665000,,SUBMISSION,VELVETFRUIT_EXTRACT,XIREC,5255.0,4
665100,,SUBMISSION,VELVETFRUIT_EXTRACT,XIREC,5255.0,4
665200,,SUBMISSION,VELVETFRUIT_EXTRACT,XIREC,5256.0,2
665300,,SUBMISSION,VELVETFRUIT_EXTRACT,XIREC,5256.0,7
665900,,SUBMISSION,VELVETFRUIT_EXTRACT,XIREC,5254.0,2
666000,,SUBMISSION,VELVETFRUIT_EXTRACT,XIREC,5254.0,2
666500,Mark 14,Mark 22,VEV_5200,XIREC,91.0,2
666500,Mark 01,Mark 22,VEV_5300,XIREC,42.0,2
666500,Mark 01,Mark 22,VEV_5400,XIREC,12.0,2
666500,Mark 01,Mark 22,VEV_5500,XIREC,4.0,2
666500,Mark 01,Mark 22,VEV_6000,XIREC,0.0,2
666500,Mark 01,Mark 22,VEV_6500,XIREC,0.0,2
666800,,SUBMISSION,VELVETFRUIT_EXTRACT,XIREC,5254.0,1
666900,,SUBMISSION,VELVETFRUIT_EXTRACT,XIREC,5254.0,1
667200,,SUBMISSION,VELVETFRUIT_EXTRACT,XIREC,5254.0,1
667400,,SUBMISSION,VELVETFRUIT_EXTRACT,XIREC,5254.0,3
667500,,SUBMISSION,VELVETFRUIT_EXTRACT,XIREC,5254.0,3
667600,,SUBMISSION,VELVETFRUIT_EXTRACT,XIREC,5255.0,4
667700,,SUBMISSION,VELVETFRUIT_EXTRACT,XIREC,5255.0,4
667800,,SUBMISSION,VELVETFRUIT_EXTRACT,XIREC,5257.0,12
667800,Mark 55,SUBMISSION,VELVETFRUIT_EXTRACT,XIREC,5261.0,5
667900,,SUBMISSION,VELVETFRUIT_EXTRACT,XIREC,5259.0,20
668000,,SUBMISSION,VELVETFRUIT_EXTRACT,XIREC,5258.0,15
668100,,SUBMISSION,VELVETFRUIT_EXTRACT,XIREC,5259.0,18
668200,,SUBMISSION,VELVETFRUIT_EXTRACT,XIREC,5259.0,18
668300,,SUBMISSION,VELVETFRUIT_EXTRACT,XIREC,5258.0,15
668400,,SUBMISSION,VELVETFRUIT_EXTRACT,XIREC,5258.0,15
668500,,SUBMISSION,VELVETFRUIT_EXTRACT,XIREC,5259.0,10
668500,,SUBMISSION,VELVETFRUIT_EXTRACT,XIREC,5257.0,5
668600,,SUBMISSION,VELVETFRUIT_EXTRACT,XIREC,5257.0,13
668700,,SUBMISSION,VELVETFRUIT_EXTRACT,XIREC,5259.0,17
668700,,SUBMISSION,VELVETFRUIT_EXTRACT,XIREC,5258.0,1
668800,,SUBMISSION,VELVETFRUIT_EXTRACT,XIREC,5257.0,13
668900,,SUBMISSION,VELVETFRUIT_EXTRACT,XIREC,5259.0,18
669000,,SUBMISSION,VELVETFRUIT_EXTRACT,XIREC,5261.0,27
669100,,SUBMISSION,VELVETFRUIT_EXTRACT,XIREC,5261.0,18
669100,,SUBMISSION,VELVETFRUIT_EXTRACT,XIREC,5260.0,7
669200,,SUBMISSION,VELVETFRUIT_EXTRACT,XIREC,5261.0,13
669200,,SUBMISSION,VEV_5000,XIREC,263.0,11
669300,,SUBMISSION,VEV_5000,XIREC,262.0,9
669300,,SUBMISSION,VEV_5000,XIREC,261.0,12
669400,,SUBMISSION,VEV_5000,XIREC,262.0,6
669400,,SUBMISSION,VEV_5000,XIREC,261.0,13
669500,,SUBMISSION,VEV_5000,XIREC,262.0,22
669600,,SUBMISSION,VEV_5000,XIREC,263.0,7
669600,,SUBMISSION,VEV_5000,XIREC,262.0,15
669600,,SUBMISSION,VEV_5100,XIREC,171.0,2
669700,,SUBMISSION,VELVETFRUIT_EXTRACT,XIREC,5265.0,7
669700,,SUBMISSION,VELVETFRUIT_EXTRACT,XIREC,5263.0,7
669700,,SUBMISSION,VEV_5000,XIREC,265.0,12
669700,,SUBMISSION,VEV_5000,XIREC,264.0,8
669800,,SUBMISSION,VEV_5000,XIREC,263.0,11
669800,,SUBMISSION,VEV_5000,XIREC,262.0,12
669900,Mark 38,SUBMISSION,VEV_4000,XIREC,1274.0,3
669900,,SUBMISSION,VEV_5000,XIREC,264.0,10
669900,,SUBMISSION,VEV_5000,XIREC,263.0,14
669900,,SUBMISSION,VEV_5100,XIREC,172.0,3
670000,,SUBMISSION,VEV_5000,XIREC,265.0,12
670000,,SUBMISSION,VEV_5000,XIREC,264.0,17
670000,,SUBMISSION,VEV_5100,XIREC,173.0,1
670100,,SUBMISSION,VEV_5000,XIREC,264.0,8
670100,,SUBMISSION,VEV_5000,XIREC,263.0,12
670100,,SUBMISSION,VEV_5100,XIREC,172.0,6
670200,,SUBMISSION,VEV_5000,XIREC,264.0,27
670200,,SUBMISSION,VEV_5100,XIREC,173.0,2
670300,,SUBMISSION,VEV_5000,XIREC,264.0,27
670400,,SUBMISSION,VEV_5000,XIREC,264.0,9
670400,,SUBMISSION,VEV_5000,XIREC,263.0,16
670500,,SUBMISSION,VEV_5000,XIREC,266.0,9
670500,,SUBMISSION,VEV_5000,XIREC,265.0,12
670500,,SUBMISSION,VEV_5100,XIREC,174.0,11
670600,,SUBMISSION,VEV_5000,XIREC,264.0,25
670700,,SUBMISSION,VEV_5000,XIREC,266.0,7
670700,,SUBMISSION,VEV_5000,XIREC,265.0,22
670700,,SUBMISSION,VEV_5100,XIREC,174.0,2
670800,,SUBMISSION,VEV_5000,XIREC,266.0,9
670800,,SUBMISSION,VEV_5000,XIREC,265.0,21
670800,,SUBMISSION,VEV_5100,XIREC,174.0,1
670900,,SUBMISSION,VEV_5000,XIREC,265.0,27
671000,,SUBMISSION,VEV_5000,XIREC,265.0,23
671000,,SUBMISSION,VEV_5100,XIREC,174.0,6
671100,,SUBMISSION,VEV_5100,XIREC,173.0,25
671200,,SUBMISSION,VEV_5100,XIREC,173.0,27
671300,,SUBMISSION,VEV_5100,XIREC,173.0,22
671400,,SUBMISSION,VEV_5100,XIREC,172.0,12
671400,,SUBMISSION,VEV_5100,XIREC,171.0,10
671500,,SUBMISSION,VEV_5000,XIREC,266.0,2
671500,,SUBMISSION,VEV_5000,XIREC,266.0,2
671500,,SUBMISSION,VEV_5100,XIREC,174.0,23
671600,,SUBMISSION,VEV_5100,XIREC,174.0,6
671600,,SUBMISSION,VEV_5100,XIREC,173.0,23
671700,,SUBMISSION,VEV_5100,XIREC,173.0,26
671800,,SUBMISSION,VEV_5100,XIREC,173.0,26
671900,,SUBMISSION,VEV_5100,XIREC,173.0,8
671900,,SUBMISSION,VEV_5100,XIREC,172.0,16
672000,,SUBMISSION,VEV_5100,XIREC,173.0,12
672000,,SUBMISSION,VEV_5100,XIREC,172.0,12
672100,,SUBMISSION,VEV_5100,XIREC,172.0,22
672200,,SUBMISSION,VEV_5100,XIREC,173.0,15
672300,,SUBMISSION,VEV_5100,XIREC,174.0,1
672400,,SUBMISSION,VEV_5100,XIREC,175.0,1
672400,,SUBMISSION,VEV_5100,XIREC,175.0,1
672500,,SUBMISSION,VELVETFRUIT_EXTRACT,XIREC,5266.0,1
672500,,SUBMISSION,VEV_5000,XIREC,268.0,2
672500,,SUBMISSION,VEV_5100,XIREC,176.0,1
672600,Mark 55,SUBMISSION,VELVETFRUIT_EXTRACT,XIREC,5270.0,3
672800,Mark 67,SUBMISSION,VELVETFRUIT_EXTRACT,XIREC,5270.0,10
673000,Mark 01,Mark 55,VELVETFRUIT_EXTRACT,XIREC,5270.0,5
673100,,SUBMISSION,VEV_5000,XIREC,274.0,1
673100,,SUBMISSION,VEV_5000,XIREC,274.0,1
673600,Mark 55,SUBMISSION,VELVETFRUIT_EXTRACT,XIREC,5274.0,6
674000,Mark 38,SUBMISSION,HYDROGEL_PACK,XIREC,10014.0,2
674400,Mark 38,SUBMISSION,HYDROGEL_PACK,XIREC,10011.0,4
675300,Mark 38,SUBMISSION,HYDROGEL_PACK,XIREC,10016.0,2
675600,Mark 38,SUBMISSION,HYDROGEL_PACK,XIREC,10017.0,3
675600,Mark 55,SUBMISSION,VELVETFRUIT_EXTRACT,XIREC,5271.0,7
676600,Mark 38,SUBMISSION,VEV_4000,XIREC,1278.0,2
678700,Mark 38,SUBMISSION,HYDROGEL_PACK,XIREC,10012.0,5
678700,Mark 38,Mark 14,HYDROGEL_PACK,XIREC,10013.0,1
679000,Mark 67,SUBMISSION,VELVETFRUIT_EXTRACT,XIREC,5272.0,5
681000,Mark 38,SUBMISSION,HYDROGEL_PACK,XIREC,10009.0,4
681000,Mark 38,Mark 14,HYDROGEL_PACK,XIREC,10010.0,1
681300,,SUBMISSION,VEV_4000,XIREC,1278.0,2
681300,,SUBMISSION,VEV_4500,XIREC,778.0,2
682800,Mark 55,SUBMISSION,VELVETFRUIT_EXTRACT,XIREC,5282.0,6
683900,Mark 55,SUBMISSION,VELVETFRUIT_EXTRACT,XIREC,5282.0,3
684500,Mark 01,Mark 55,VELVETFRUIT_EXTRACT,XIREC,5273.0,7
686100,SUBMISSION,Mark 38,HYDROGEL_PACK,XIREC,9997.0,6
686400,Mark 01,Mark 55,VELVETFRUIT_EXTRACT,XIREC,5274.0,8
686700,Mark 38,SUBMISSION,HYDROGEL_PACK,XIREC,10015.0,5
687700,Mark 67,SUBMISSION,VELVETFRUIT_EXTRACT,XIREC,5270.0,3
687700,Mark 01,Mark 55,VELVETFRUIT_EXTRACT,XIREC,5269.0,7
687700,Mark 67,Mark 22,VELVETFRUIT_EXTRACT,XIREC,5271.0,2
688500,,SUBMISSION,VEV_5100,XIREC,181.0,1
688500,Mark 01,Mark 55,VELVETFRUIT_EXTRACT,XIREC,5272.0,3
688600,Mark 01,Mark 22,VEV_5400,XIREC,16.0,2
688600,Mark 01,Mark 22,VEV_5500,XIREC,6.0,2
688600,Mark 01,Mark 22,VEV_6000,XIREC,0.0,2
688600,Mark 01,Mark 22,VEV_6500,XIREC,0.0,2
689700,SUBMISSION,Mark 38,HYDROGEL_PACK,XIREC,9998.0,5
690500,Mark 14,Mark 38,VEV_4000,XIREC,1263.0,1
690600,Mark 55,SUBMISSION,VELVETFRUIT_EXTRACT,XIREC,5274.0,2
690600,Mark 55,Mark 14,VELVETFRUIT_EXTRACT,XIREC,5275.0,3
690800,SUBMISSION,Mark 38,HYDROGEL_PACK,XIREC,9991.0,5
691100,Mark 01,Mark 22,VEV_5400,XIREC,15.0,5
691100,Mark 01,Mark 22,VEV_5500,XIREC,6.0,5
691100,Mark 01,Mark 22,VEV_6000,XIREC,0.0,5
691100,Mark 01,Mark 22,VEV_6500,XIREC,0.0,5
691200,Mark 14,Mark 55,VELVETFRUIT_EXTRACT,XIREC,5271.0,7
691600,SUBMISSION,Mark 38,HYDROGEL_PACK,XIREC,9991.0,5
692000,Mark 38,SUBMISSION,VEV_4000,XIREC,1281.0,1
692100,Mark 55,SUBMISSION,VELVETFRUIT_EXTRACT,XIREC,5271.0,2
692100,Mark 55,Mark 14,VELVETFRUIT_EXTRACT,XIREC,5272.0,6
692500,Mark 01,Mark 55,VELVETFRUIT_EXTRACT,XIREC,5268.0,6
693900,Mark 55,SUBMISSION,VELVETFRUIT_EXTRACT,XIREC,5270.0,1
693900,Mark 55,Mark 14,VELVETFRUIT_EXTRACT,XIREC,5271.0,2
694400,Mark 55,SUBMISSION,VELVETFRUIT_EXTRACT,XIREC,5270.0,1
694400,Mark 55,Mark 14,VELVETFRUIT_EXTRACT,XIREC,5271.0,2
694500,Mark 38,SUBMISSION,HYDROGEL_PACK,XIREC,10015.0,4
695800,Mark 01,Mark 22,VEV_5500,XIREC,5.0,5
695800,Mark 01,Mark 22,VEV_6000,XIREC,0.0,5
695800,Mark 01,Mark 22,VEV_6500,XIREC,0.0,5
695900,,SUBMISSION,VELVETFRUIT_EXTRACT,XIREC,5265.0,1
696000,Mark 38,SUBMISSION,HYDROGEL_PACK,XIREC,10015.0,2
697000,Mark 38,SUBMISSION,HYDROGEL_PACK,XIREC,10016.0,4
697000,,SUBMISSION,VEV_4000,XIREC,1270.0,3
697000,,SUBMISSION,VEV_4500,XIREC,770.0,3
697400,Mark 38,SUBMISSION,HYDROGEL_PACK,XIREC,10017.0,2
697700,,SUBMISSION,VEV_4000,XIREC,1273.0,5
697700,,SUBMISSION,VEV_4500,XIREC,773.0,5
698800,SUBMISSION,Mark 38,HYDROGEL_PACK,XIREC,10000.0,2
699800,Mark 14,Mark 38,VEV_4000,XIREC,1260.0,3
700500,Mark 67,Mark 22,VELVETFRUIT_EXTRACT,XIREC,5264.0,10
701000,Mark 14,Mark 55,VELVETFRUIT_EXTRACT,XIREC,5263.0,4
701300,,SUBMISSION,VEV_4000,XIREC,1265.0,3
701300,,SUBMISSION,VEV_4500,XIREC,765.0,3
702100,Mark 55,Mark 14,VELVETFRUIT_EXTRACT,XIREC,5265.0,5
702200,Mark 14,Mark 55,VELVETFRUIT_EXTRACT,XIREC,5260.0,3
704600,Mark 55,Mark 01,VELVETFRUIT_EXTRACT,XIREC,5265.0,8
705100,Mark 55,Mark 01,VELVETFRUIT_EXTRACT,XIREC,5267.0,7
705700,Mark 01,Mark 55,VELVETFRUIT_EXTRACT,XIREC,5261.0,4
705900,Mark 38,SUBMISSION,HYDROGEL_PACK,XIREC,10031.0,6
707900,Mark 14,Mark 38,HYDROGEL_PACK,XIREC,10021.0,6
711200,Mark 14,Mark 38,VEV_4000,XIREC,1248.0,3
711900,Mark 01,Mark 22,VEV_5300,XIREC,43.0,3
711900,Mark 01,Mark 22,VEV_5400,XIREC,13.0,3
711900,Mark 01,Mark 22,VEV_5500,XIREC,5.0,3
711900,Mark 01,Mark 22,VEV_6000,XIREC,0.0,3
711900,Mark 01,Mark 22,VEV_6500,XIREC,0.0,3
713000,Mark 55,Mark 01,VELVETFRUIT_EXTRACT,XIREC,5255.0,8
713100,SUBMISSION,,VELVETFRUIT_EXTRACT,XIREC,5253.0,16
715300,SUBMISSION,,VELVETFRUIT_EXTRACT,XIREC,5244.0,8
715300,SUBMISSION,Mark 49,VELVETFRUIT_EXTRACT,XIREC,5244.0,8
715500,Mark 14,Mark 38,HYDROGEL_PACK,XIREC,10036.0,6
716100,SUBMISSION,,VELVETFRUIT_EXTRACT,XIREC,5248.0,14
716900,Mark 14,Mark 38,HYDROGEL_PACK,XIREC,10028.0,3
717300,SUBMISSION,,VELVETFRUIT_EXTRACT,XIREC,5244.0,12
717300,SUBMISSION,Mark 49,VELVETFRUIT_EXTRACT,XIREC,5244.0,12
719000,Mark 14,Mark 38,HYDROGEL_PACK,XIREC,10033.0,5
720100,SUBMISSION,,VELVETFRUIT_EXTRACT,XIREC,5243.0,2
720200,SUBMISSION,,VELVETFRUIT_EXTRACT,XIREC,5243.0,2
720300,SUBMISSION,,VELVETFRUIT_EXTRACT,XIREC,5243.0,3
720400,SUBMISSION,,VELVETFRUIT_EXTRACT,XIREC,5242.0,4
720500,SUBMISSION,,VELVETFRUIT_EXTRACT,XIREC,5237.0,10
720500,SUBMISSION,,VELVETFRUIT_EXTRACT,XIREC,5237.0,1
720500,SUBMISSION,Mark 49,VELVETFRUIT_EXTRACT,XIREC,5237.0,11
720600,SUBMISSION,,VELVETFRUIT_EXTRACT,XIREC,5241.0,7
720700,SUBMISSION,,VELVETFRUIT_EXTRACT,XIREC,5240.0,8
720800,SUBMISSION,,VELVETFRUIT_EXTRACT,XIREC,5241.0,6
720900,SUBMISSION,,VELVETFRUIT_EXTRACT,XIREC,5241.0,3
721000,SUBMISSION,,VELVETFRUIT_EXTRACT,XIREC,5242.0,5
721100,SUBMISSION,,VELVETFRUIT_EXTRACT,XIREC,5240.0,8
721200,SUBMISSION,,VELVETFRUIT_EXTRACT,XIREC,5242.0,2
721200,SUBMISSION,Mark 55,VELVETFRUIT_EXTRACT,XIREC,5240.0,3
721300,SUBMISSION,,VELVETFRUIT_EXTRACT,XIREC,5243.0,3
721400,SUBMISSION,,VELVETFRUIT_EXTRACT,XIREC,5242.0,4
721500,SUBMISSION,,VELVETFRUIT_EXTRACT,XIREC,5243.0,2
721600,SUBMISSION,,VELVETFRUIT_EXTRACT,XIREC,5242.0,4
721700,SUBMISSION,,VELVETFRUIT_EXTRACT,XIREC,5242.0,4
721800,SUBMISSION,,VELVETFRUIT_EXTRACT,XIREC,5242.0,4
721900,SUBMISSION,,VELVETFRUIT_EXTRACT,XIREC,5240.0,8
722000,SUBMISSION,,VELVETFRUIT_EXTRACT,XIREC,5240.0,8
722100,SUBMISSION,,VELVETFRUIT_EXTRACT,XIREC,5241.0,6
722200,SUBMISSION,,VELVETFRUIT_EXTRACT,XIREC,5241.0,6
722300,SUBMISSION,,VELVETFRUIT_EXTRACT,XIREC,5242.0,4
722300,Mark 55,Mark 01,VELVETFRUIT_EXTRACT,XIREC,5242.0,4
722400,SUBMISSION,,VELVETFRUIT_EXTRACT,XIREC,5241.0,7
722500,SUBMISSION,,VELVETFRUIT_EXTRACT,XIREC,5241.0,7
722600,SUBMISSION,,VELVETFRUIT_EXTRACT,XIREC,5242.0,5
722700,SUBMISSION,,VELVETFRUIT_EXTRACT,XIREC,5242.0,5
722800,SUBMISSION,,VELVETFRUIT_EXTRACT,XIREC,5242.0,6
722900,SUBMISSION,,VELVETFRUIT_EXTRACT,XIREC,5241.0,7
723000,SUBMISSION,,VELVETFRUIT_EXTRACT,XIREC,5242.0,5
723100,SUBMISSION,,VELVETFRUIT_EXTRACT,XIREC,5242.0,5
723200,SUBMISSION,,VELVETFRUIT_EXTRACT,XIREC,5242.0,5
723300,SUBMISSION,,VELVETFRUIT_EXTRACT,XIREC,5241.0,7
723400,SUBMISSION,,VELVETFRUIT_EXTRACT,XIREC,5241.0,7
723500,SUBMISSION,,VELVETFRUIT_EXTRACT,XIREC,5240.0,9
723600,SUBMISSION,,VELVETFRUIT_EXTRACT,XIREC,5238.0,11
723700,SUBMISSION,,VELVETFRUIT_EXTRACT,XIREC,5238.0,13
723800,SUBMISSION,,VELVETFRUIT_EXTRACT,XIREC,5238.0,13
723900,SUBMISSION,,VELVETFRUIT_EXTRACT,XIREC,5238.0,7
723900,SUBMISSION,,VEV_5000,XIREC,243.0,6
724000,SUBMISSION,,VEV_5000,XIREC,242.0,6
724000,SUBMISSION,,VEV_5000,XIREC,243.0,7
724100,SUBMISSION,,VELVETFRUIT_EXTRACT,XIREC,5237.0,3
724100,SUBMISSION,,VEV_5000,XIREC,241.0,7
724100,SUBMISSION,,VEV_5000,XIREC,242.0,5
724200,SUBMISSION,,VEV_5000,XIREC,241.0,11
724200,SUBMISSION,,VEV_5000,XIREC,242.0,4
724300,SUBMISSION,,VEV_5000,XIREC,242.0,7
724300,SUBMISSION,,VEV_5000,XIREC,243.0,6
724400,SUBMISSION,,VELVETFRUIT_EXTRACT,XIREC,5234.0,4
724400,SUBMISSION,,VEV_5000,XIREC,241.0,8
724400,SUBMISSION,,VEV_5100,XIREC,151.0,6
724500,SUBMISSION,,VEV_5000,XIREC,243.0,11
724600,SUBMISSION,,VEV_5000,XIREC,242.0,12
724600,SUBMISSION,,VEV_5000,XIREC,243.0,1
724700,SUBMISSION,,VEV_5000,XIREC,242.0,12
724700,SUBMISSION,,VEV_5000,XIREC,243.0,1
724800,SUBMISSION,,VEV_5000,XIREC,242.0,6
724800,SUBMISSION,,VEV_5000,XIREC,243.0,7
724900,SUBMISSION,,VEV_5000,XIREC,242.0,6
724900,SUBMISSION,,VEV_5000,XIREC,243.0,7
725000,SUBMISSION,,VEV_5000,XIREC,243.0,11
725100,SUBMISSION,,VEV_5000,XIREC,243.0,10
725100,SUBMISSION,,VEV_5000,XIREC,244.0,1
725200,SUBMISSION,,VEV_5000,XIREC,242.0,11
725200,SUBMISSION,,VEV_5000,XIREC,243.0,2
725300,SUBMISSION,,VEV_5000,XIREC,243.0,11
725400,SUBMISSION,,VEV_5000,XIREC,242.0,7
725400,SUBMISSION,,VEV_5000,XIREC,243.0,5
725500,SUBMISSION,,VEV_5000,XIREC,241.0,10
725500,SUBMISSION,,VEV_5000,XIREC,242.0,4
725600,SUBMISSION,,VEV_5000,XIREC,242.0,11
725600,SUBMISSION,,VEV_5000,XIREC,243.0,1
725700,SUBMISSION,,VEV_5000,XIREC,242.0,14
725800,SUBMISSION,,VEV_5000,XIREC,241.0,12
725800,SUBMISSION,,VEV_5000,XIREC,242.0,2
725900,SUBMISSION,,VEV_5000,XIREC,240.0,9
725900,SUBMISSION,,VEV_5000,XIREC,241.0,7
726000,SUBMISSION,,VEV_5000,XIREC,240.0,8
726000,SUBMISSION,,VEV_5000,XIREC,241.0,6
726100,SUBMISSION,Mark 55,VELVETFRUIT_EXTRACT,XIREC,5232.0,5
726100,SUBMISSION,,VEV_5000,XIREC,240.0,10
726100,SUBMISSION,,VEV_5000,XIREC,241.0,6
726200,SUBMISSION,,VEV_5000,XIREC,240.0,17
726300,SUBMISSION,,VEV_5000,XIREC,238.0,8
726300,SUBMISSION,,VEV_5000,XIREC,239.0,12
726400,SUBMISSION,,VEV_5000,XIREC,237.0,11
726400,SUBMISSION,,VEV_5000,XIREC,238.0,10
726500,SUBMISSION,,VEV_5000,XIREC,238.0,21
726600,SUBMISSION,,VELVETFRUIT_EXTRACT,XIREC,5233.0,1
726600,SUBMISSION,,VEV_4000,XIREC,1229.0,2
726600,SUBMISSION,,VEV_4500,XIREC,729.0,2
726600,SUBMISSION,,VEV_5000,XIREC,234.0,2
726600,SUBMISSION,,VEV_5000,XIREC,237.0,10
726600,SUBMISSION,,VEV_5000,XIREC,238.0,5
726600,Mark 01,Mark 22,VEV_5400,XIREC,8.0,2
726600,Mark 01,Mark 22,VEV_5500,XIREC,3.0,2
726600,Mark 01,Mark 22,VEV_6000,XIREC,0.0,2
726600,Mark 01,Mark 22,VEV_6500,XIREC,0.0,2
726700,SUBMISSION,,VELVETFRUIT_EXTRACT,XIREC,5232.0,1
726700,SUBMISSION,,VEV_5000,XIREC,237.0,22
726800,SUBMISSION,,VEV_5000,XIREC,238.0,19
726900,SUBMISSION,,VEV_5000,XIREC,238.0,17
726900,SUBMISSION,,VEV_5100,XIREC,148.0,3
727000,SUBMISSION,,VEV_5100,XIREC,148.0,18
727100,SUBMISSION,,VEV_5100,XIREC,148.0,18
727200,SUBMISSION,,VEV_5100,XIREC,148.0,10
727200,SUBMISSION,,VEV_5100,XIREC,149.0,8
727300,SUBMISSION,,VEV_5100,XIREC,149.0,17
727400,SUBMISSION,,VEV_5100,XIREC,148.0,16
727500,SUBMISSION,,VEV_5100,XIREC,149.0,9
727500,SUBMISSION,,VEV_5100,XIREC,150.0,7
727600,SUBMISSION,,VEV_5100,XIREC,149.0,16
727700,Mark 38,SUBMISSION,HYDROGEL_PACK,XIREC,10039.0,6
727700,SUBMISSION,,VEV_5100,XIREC,149.0,18
727800,SUBMISSION,,VEV_5100,XIREC,148.0,18
727900,SUBMISSION,,VEV_5100,XIREC,149.0,16
727900,Mark 14,Mark 38,VEV_4000,XIREC,1222.0,2
728000,SUBMISSION,,VEV_5100,XIREC,149.0,17
728100,SUBMISSION,,VEV_5100,XIREC,149.0,9
728100,SUBMISSION,,VEV_5100,XIREC,150.0,7
728200,SUBMISSION,,VEV_5100,XIREC,150.0,14
728300,SUBMISSION,,VEV_5100,XIREC,150.0,14
728400,SUBMISSION,,VEV_5100,XIREC,149.0,16
728500,SUBMISSION,,VEV_5100,XIREC,148.0,7
728500,SUBMISSION,,VEV_5100,XIREC,149.0,10
728600,SUBMISSION,,VEV_5100,XIREC,149.0,16
728700,SUBMISSION,,VEV_5100,XIREC,149.0,15
728800,SUBMISSION,,VEV_5100,XIREC,149.0,15
728900,SUBMISSION,,VELVETFRUIT_EXTRACT,XIREC,5229.0,2
728900,SUBMISSION,,VEV_5000,XIREC,236.0,2
728900,SUBMISSION,,VEV_5100,XIREC,146.0,6
729600,SUBMISSION,,VELVETFRUIT_EXTRACT,XIREC,5229.0,2
729600,SUBMISSION,,VEV_5000,XIREC,234.0,1
729600,SUBMISSION,,VEV_5100,XIREC,144.0,1
729800,SUBMISSION,,VELVETFRUIT_EXTRACT,XIREC,5229.0,1
729800,SUBMISSION,,VEV_5000,XIREC,233.0,1
729800,SUBMISSION,,VEV_5000,XIREC,233.0,1
729900,SUBMISSION,,VELVETFRUIT_EXTRACT,XIREC,5227.0,3
730200,SUBMISSION,,VEV_5100,XIREC,143.0,1
730300,SUBMISSION,Mark 55,VELVETFRUIT_EXTRACT,XIREC,5224.0,5
730500,SUBMISSION,,VEV_5000,XIREC,230.0,1
730500,SUBMISSION,,VEV_5000,XIREC,230.0,1
733200,SUBMISSION,,VEV_4000,XIREC,1230.0,4
733200,SUBMISSION,,VEV_4500,XIREC,730.0,4
733200,Mark 01,Mark 22,VEV_5400,XIREC,8.0,4
733200,Mark 01,Mark 22,VEV_5500,XIREC,3.0,4
733200,Mark 01,Mark 22,VEV_6000,XIREC,0.0,4
733200,Mark 01,Mark 22,VEV_6500,XIREC,0.0,4
734200,Mark 38,SUBMISSION,HYDROGEL_PACK,XIREC,10028.0,4
734200,Mark 38,Mark 14,HYDROGEL_PACK,XIREC,10029.0,1
735100,SUBMISSION,Mark 55,VELVETFRUIT_EXTRACT,XIREC,5228.0,3
735900,SUBMISSION,,VELVETFRUIT_EXTRACT,XIREC,5229.0,8
736100,Mark 38,SUBMISSION,VEV_4000,XIREC,1238.0,1
736200,Mark 14,Mark 38,HYDROGEL_PACK,XIREC,10004.0,6
737300,Mark 38,SUBMISSION,HYDROGEL_PACK,XIREC,10013.0,2
737300,Mark 38,Mark 14,HYDROGEL_PACK,XIREC,10014.0,4
737500,Mark 55,Mark 14,VELVETFRUIT_EXTRACT,XIREC,5226.0,3
737600,SUBMISSION,Mark 55,VELVETFRUIT_EXTRACT,XIREC,5222.0,5
738000,SUBMISSION,Mark 55,VELVETFRUIT_EXTRACT,XIREC,5221.0,8
738500,SUBMISSION,Mark 55,VELVETFRUIT_EXTRACT,XIREC,5217.0,4
738800,SUBMISSION,Mark 55,VELVETFRUIT_EXTRACT,XIREC,5216.0,3
