timestamp;buyer;seller;symbol;currency;price;quantity
500;SUBMISSION;;INTARIAN_PEPPER_ROOT;SEASHELLS;12007;11
700;SUBMISSION;;INTARIAN_PEPPER_ROOT;SEASHELLS;12007;11
900;SUBMISSION;;INTARIAN_PEPPER_ROOT;SEASHELLS;12007;8
1000;SUBMISSION;;INTARIAN_PEPPER_ROOT;SEASHELLS;12007;11
1800;SUBMISSION;;INTARIAN_PEPPER_ROOT;SEASHELLS;12008;10
1900;SUBMISSION;;INTARIAN_PEPPER_ROOT;SEASHELLS;12008;9
2600;SUBMISSION;;INTARIAN_PEPPER_ROOT;SEASHELLS;12009;9
2700;SUBMISSION;;INTARIAN_PEPPER_ROOT;SEASHELLS;12009;11
3600;;SUBMISSION;ASH_COATED_OSMIUM;SEASHELLS;10003;5
6300;;SUBMISSION;ASH_COATED_OSMIUM;SEASHELLS;10008;5
7000;;SUBMISSION;ASH_COATED_OSMIUM;SEASHELLS;10007;4
7100;;SUBMISSION;ASH_COATED_OSMIUM;SEASHELLS;10007;3
7800;SUBMISSION;;ASH_COATED_OSMIUM;SEASHELLS;9998;7
8600;;SUBMISSION;ASH_COATED_OSMIUM;SEASHELLS;10007;5
9300;SUBMISSION;;ASH_COATED_OSMIUM;SEASHELLS;9993;7
9700;;SUBMISSION;ASH_COATED_OSMIUM;SEASHELLS;10008;5
12500;;SUBMISSION;ASH_COATED_OSMIUM;SEASHELLS;10012;10
12600;;SUBMISSION;ASH_COATED_OSMIUM;SEASHELLS;10010;9
13000;;SUBMISSION;ASH_COATED_OSMIUM;SEASHELLS;10004;9
17500;SUBMISSION;;ASH_COATED_OSMIUM;SEASHELLS;9999;7
17700;;SUBMISSION;ASH_COATED_OSMIUM;SEASHELLS;10008;5
18200;SUBMISSION;;ASH_COATED_OSMIUM;SEASHELLS;9999;9
21400;SUBMISSION;;ASH_COATED_OSMIUM;SEASHELLS;9998;9
21600;SUBMISSION;;ASH_COATED_OSMIUM;SEASHELLS;9998;9
22000;SUBMISSION;;ASH_COATED_OSMIUM;SEASHELLS;9994;5
23200;SUBMISSION;;ASH_COATED_OSMIUM;SEASHELLS;9994;6
23600;SUBMISSION;;ASH_COATED_OSMIUM;SEASHELLS;9991;6
24100;SUBMISSION;;ASH_COATED_OSMIUM;SEASHELLS;9998;5
24600;;SUBMISSION;ASH_COATED_OSMIUM;SEASHELLS;10007;5
26900;;SUBMISSION;ASH_COATED_OSMIUM;SEASHELLS;10003;9
30100;;SUBMISSION;ASH_COATED_OSMIUM;SEASHELLS;10008;5
31200;SUBMISSION;;ASH_COATED_OSMIUM;SEASHELLS;9998;8
31500;SUBMISSION;;ASH_COATED_OSMIUM;SEASHELLS;9994;10
32800;;SUBMISSION;ASH_COATED_OSMIUM;SEASHELLS;10002;6
33800;;SUBMISSION;ASH_COATED_OSMIUM;SEASHELLS;10009;4
34200;;SUBMISSION;ASH_COATED_OSMIUM;SEASHELLS;10002;9
35100;SUBMISSION;;ASH_COATED_OSMIUM;SEASHELLS;9994;7
37300;;SUBMISSION;ASH_COATED_OSMIUM;SEASHELLS;10007;7
37900;SUBMISSION;;ASH_COATED_OSMIUM;SEASHELLS;9998;9
38800;;SUBMISSION;ASH_COATED_OSMIUM;SEASHELLS;10002;4
40500;;SUBMISSION;ASH_COATED_OSMIUM;SEASHELLS;10008;8
41100;SUBMISSION;;ASH_COATED_OSMIUM;SEASHELLS;9994;6
41900;SUBMISSION;;ASH_COATED_OSMIUM;SEASHELLS;9994;6
43200;;SUBMISSION;ASH_COATED_OSMIUM;SEASHELLS;10003;7
46300;SUBMISSION;;ASH_COATED_OSMIUM;SEASHELLS;9993;4
50900;SUBMISSION;;ASH_COATED_OSMIUM;SEASHELLS;9996;6
51000;SUBMISSION;;ASH_COATED_OSMIUM;SEASHELLS;9995;4
52500;;SUBMISSION;ASH_COATED_OSMIUM;SEASHELLS;10005;5
56500;SUBMISSION;;ASH_COATED_OSMIUM;SEASHELLS;9986;2
61000;SUBMISSION;;ASH_COATED_OSMIUM;SEASHELLS;9997;2
61800;;SUBMISSION;ASH_COATED_OSMIUM;SEASHELLS;10004;5
62300;;SUBMISSION;ASH_COATED_OSMIUM;SEASHELLS;10004;2
62800;;SUBMISSION;ASH_COATED_OSMIUM;SEASHELLS;10004;9
63300;SUBMISSION;;ASH_COATED_OSMIUM;SEASHELLS;9998;5
64200;SUBMISSION;;ASH_COATED_OSMIUM;SEASHELLS;9998;4
65300;SUBMISSION;;ASH_COATED_OSMIUM;SEASHELLS;9997;2
67300;SUBMISSION;;ASH_COATED_OSMIUM;SEASHELLS;9994;4
68000;;SUBMISSION;ASH_COATED_OSMIUM;SEASHELLS;10004;5
70300;SUBMISSION;;ASH_COATED_OSMIUM;SEASHELLS;9995;4
70700;SUBMISSION;;ASH_COATED_OSMIUM;SEASHELLS;9995;6
71300;SUBMISSION;;ASH_COATED_OSMIUM;SEASHELLS;9990;10
72900;SUBMISSION;;ASH_COATED_OSMIUM;SEASHELLS;9997;7
78300;SUBMISSION;;ASH_COATED_OSMIUM;SEASHELLS;9995;2
79400;;SUBMISSION;ASH_COATED_OSMIUM;SEASHELLS;10012;4
79600;;SUBMISSION;ASH_COATED_OSMIUM;SEASHELLS;10009;5
81400;;SUBMISSION;ASH_COATED_OSMIUM;SEASHELLS;10007;2
86800;SUBMISSION;;ASH_COATED_OSMIUM;SEASHELLS;9996;5
86800;SUBMISSION;;ASH_COATED_OSMIUM;SEASHELLS;9992;10
89000;;SUBMISSION;ASH_COATED_OSMIUM;SEASHELLS;10011;4
92000;;SUBMISSION;ASH_COATED_OSMIUM;SEASHELLS;10000;3
97500;SUBMISSION;;ASH_COATED_OSMIUM;SEASHELLS;9991;6
97600;;SUBMISSION;ASH_COATED_OSMIUM;SEASHELLS;10007;6
101100;;SUBMISSION;ASH_COATED_OSMIUM;SEASHELLS;10002;3
102000;;SUBMISSION;ASH_COATED_OSMIUM;SEASHELLS;10005;7
111300;SUBMISSION;;ASH_COATED_OSMIUM;SEASHELLS;9996;3
112200;;SUBMISSION;ASH_COATED_OSMIUM;SEASHELLS;10009;2
113900;;SUBMISSION;ASH_COATED_OSMIUM;SEASHELLS;10004;5
116900;;SUBMISSION;ASH_COATED_OSMIUM;SEASHELLS;10001;3
120700;SUBMISSION;;ASH_COATED_OSMIUM;SEASHELLS;9997;5
120800;;SUBMISSION;ASH_COATED_OSMIUM;SEASHELLS;10002;5
120800;;SUBMISSION;ASH_COATED_OSMIUM;SEASHELLS;10002;5
131600;;SUBMISSION;ASH_COATED_OSMIUM;SEASHELLS;10002;9
132200;;SUBMISSION;ASH_COATED_OSMIUM;SEASHELLS;10002;5
132300;;SUBMISSION;ASH_COATED_OSMIUM;SEASHELLS;10007;4
134100;SUBMISSION;;ASH_COATED_OSMIUM;SEASHELLS;9992;2
137400;SUBMISSION;;ASH_COATED_OSMIUM;SEASHELLS;9994;7
139000;SUBMISSION;;ASH_COATED_OSMIUM;SEASHELLS;9995;7
139100;;SUBMISSION;ASH_COATED_OSMIUM;SEASHELLS;10009;2
139200;;SUBMISSION;ASH_COATED_OSMIUM;SEASHELLS;10004;9
141800;;SUBMISSION;ASH_COATED_OSMIUM;SEASHELLS;10003;7
146500;SUBMISSION;;ASH_COATED_OSMIUM;SEASHELLS;9999;8
151400;SUBMISSION;;ASH_COATED_OSMIUM;SEASHELLS;9992;6
153700;SUBMISSION;;ASH_COATED_OSMIUM;SEASHELLS;9997;5
153800;SUBMISSION;;ASH_COATED_OSMIUM;SEASHELLS;9997;5
161400;;SUBMISSION;ASH_COATED_OSMIUM;SEASHELLS;10003;3
166700;;SUBMISSION;ASH_COATED_OSMIUM;SEASHELLS;10015;6
167300;;SUBMISSION;ASH_COATED_OSMIUM;SEASHELLS;10008;10
167900;;SUBMISSION;ASH_COATED_OSMIUM;SEASHELLS;10013;4
169500;;SUBMISSION;ASH_COATED_OSMIUM;SEASHELLS;10006;8
169500;;SUBMISSION;ASH_COATED_OSMIUM;SEASHELLS;10012;5
171200;SUBMISSION;;ASH_COATED_OSMIUM;SEASHELLS;9999;3
172200;SUBMISSION;;ASH_COATED_OSMIUM;SEASHELLS;9996;2
173400;;SUBMISSION;ASH_COATED_OSMIUM;SEASHELLS;10005;2
176700;;SUBMISSION;ASH_COATED_OSMIUM;SEASHELLS;10005;8
186800;;SUBMISSION;ASH_COATED_OSMIUM;SEASHELLS;10014;5
186900;;SUBMISSION;ASH_COATED_OSMIUM;SEASHELLS;10005;5
187700;SUBMISSION;;ASH_COATED_OSMIUM;SEASHELLS;10000;2
191200;;SUBMISSION;ASH_COATED_OSMIUM;SEASHELLS;10012;10
192800;;SUBMISSION;ASH_COATED_OSMIUM;SEASHELLS;10012;3
193800;SUBMISSION;;ASH_COATED_OSMIUM;SEASHELLS;9998;3
194000;;SUBMISSION;ASH_COATED_OSMIUM;SEASHELLS;10007;4
194400;SUBMISSION;;ASH_COATED_OSMIUM;SEASHELLS;9998;4
197200;;SUBMISSION;ASH_COATED_OSMIUM;SEASHELLS;10007;4
198500;;SUBMISSION;ASH_COATED_OSMIUM;SEASHELLS;10013;2
202000;SUBMISSION;;ASH_COATED_OSMIUM;SEASHELLS;9997;2
204900;;SUBMISSION;ASH_COATED_OSMIUM;SEASHELLS;10009;9
205800;SUBMISSION;;ASH_COATED_OSMIUM;SEASHELLS;9999;3
206400;SUBMISSION;;ASH_COATED_OSMIUM;SEASHELLS;9999;9
207200;;SUBMISSION;ASH_COATED_OSMIUM;SEASHELLS;10007;2
209000;SUBMISSION;;ASH_COATED_OSMIUM;SEASHELLS;10000;5
209800;SUBMISSION;;ASH_COATED_OSMIUM;SEASHELLS;9990;9
210100;;SUBMISSION;ASH_COATED_OSMIUM;SEASHELLS;10005;3
211000;SUBMISSION;;ASH_COATED_OSMIUM;SEASHELLS;9991;8
212000;SUBMISSION;;ASH_COATED_OSMIUM;SEASHELLS;9991;7
213900;SUBMISSION;;ASH_COATED_OSMIUM;SEASHELLS;9999;4
214400;SUBMISSION;;ASH_COATED_OSMIUM;SEASHELLS;9989;8
214600;;SUBMISSION;ASH_COATED_OSMIUM;SEASHELLS;10006;6
215100;SUBMISSION;;ASH_COATED_OSMIUM;SEASHELLS;9997;10
219100;SUBMISSION;;ASH_COATED_OSMIUM;SEASHELLS;9994;5
219600;;SUBMISSION;ASH_COATED_OSMIUM;SEASHELLS;10003;4
223700;SUBMISSION;;ASH_COATED_OSMIUM;SEASHELLS;9999;7
224700;SUBMISSION;;ASH_COATED_OSMIUM;SEASHELLS;9993;7
226400;SUBMISSION;;ASH_COATED_OSMIUM;SEASHELLS;9992;5
230100;;SUBMISSION;ASH_COATED_OSMIUM;SEASHELLS;10006;4
230600;;SUBMISSION;ASH_COATED_OSMIUM;SEASHELLS;10007;7
233600;SUBMISSION;;ASH_COATED_OSMIUM;SEASHELLS;9991;7
234200;SUBMISSION;;ASH_COATED_OSMIUM;SEASHELLS;9990;6
235100;;SUBMISSION;ASH_COATED_OSMIUM;SEASHELLS;10004;6
235800;;SUBMISSION;ASH_COATED_OSMIUM;SEASHELLS;10003;5
235900;SUBMISSION;;ASH_COATED_OSMIUM;SEASHELLS;9998;2
238200;SUBMISSION;;ASH_COATED_OSMIUM;SEASHELLS;9987;8
242100;SUBMISSION;;ASH_COATED_OSMIUM;SEASHELLS;9997;3
243700;SUBMISSION;;ASH_COATED_OSMIUM;SEASHELLS;9993;4
246200;SUBMISSION;;ASH_COATED_OSMIUM;SEASHELLS;9987;3
248200;SUBMISSION;;ASH_COATED_OSMIUM;SEASHELLS;9995;5
251000;SUBMISSION;;ASH_COATED_OSMIUM;SEASHELLS;9986;4
251900;;SUBMISSION;ASH_COATED_OSMIUM;SEASHELLS;10001;3
253600;SUBMISSION;;ASH_COATED_OSMIUM;SEASHELLS;9986;3
255000;SUBMISSION;;ASH_COATED_OSMIUM;SEASHELLS;9996;5
255300;SUBMISSION;;ASH_COATED_OSMIUM;SEASHELLS;9992;8
255500;SUBMISSION;;ASH_COATED_OSMIUM;SEASHELLS;9992;10
255700;;SUBMISSION;ASH_COATED_OSMIUM;SEASHELLS;10001;4
256000;;SUBMISSION;ASH_COATED_OSMIUM;SEASHELLS;10002;5
256100;SUBMISSION;;ASH_COATED_OSMIUM;SEASHELLS;9993;6
258200;;SUBMISSION;ASH_COATED_OSMIUM;SEASHELLS;10002;3
258500;SUBMISSION;;ASH_COATED_OSMIUM;SEASHELLS;9989;9
261600;;SUBMISSION;ASH_COATED_OSMIUM;SEASHELLS;10000;10
261700;;SUBMISSION;ASH_COATED_OSMIUM;SEASHELLS;10000;9
262400;;SUBMISSION;ASH_COATED_OSMIUM;SEASHELLS;10006;10
266100;;SUBMISSION;ASH_COATED_OSMIUM;SEASHELLS;10003;9
266300;;SUBMISSION;ASH_COATED_OSMIUM;SEASHELLS;10009;3
267000;;SUBMISSION;ASH_COATED_OSMIUM;SEASHELLS;10008;5
272000;;SUBMISSION;ASH_COATED_OSMIUM;SEASHELLS;10013;3
273000;SUBMISSION;;ASH_COATED_OSMIUM;SEASHELLS;9997;6
274000;;SUBMISSION;ASH_COATED_OSMIUM;SEASHELLS;10010;3
276900;;SUBMISSION;ASH_COATED_OSMIUM;SEASHELLS;10009;5
280600;SUBMISSION;;ASH_COATED_OSMIUM;SEASHELLS;9995;6
282000;;SUBMISSION;ASH_COATED_OSMIUM;SEASHELLS;10004;10
282800;SUBMISSION;;ASH_COATED_OSMIUM;SEASHELLS;9993;8
284800;;SUBMISSION;ASH_COATED_OSMIUM;SEASHELLS;10002;2
287000;;SUBMISSION;ASH_COATED_OSMIUM;SEASHELLS;10005;2
289600;;SUBMISSION;ASH_COATED_OSMIUM;SEASHELLS;10003;9
292000;SUBMISSION;;ASH_COATED_OSMIUM;SEASHELLS;9992;7
293700;;SUBMISSION;ASH_COATED_OSMIUM;SEASHELLS;10009;4
295400;;SUBMISSION;ASH_COATED_OSMIUM;SEASHELLS;10007;10
296100;SUBMISSION;;ASH_COATED_OSMIUM;SEASHELLS;9998;8
297500;;SUBMISSION;ASH_COATED_OSMIUM;SEASHELLS;10004;9
298500;;SUBMISSION;ASH_COATED_OSMIUM;SEASHELLS;10014;6
299300;;SUBMISSION;ASH_COATED_OSMIUM;SEASHELLS;10005;6
299900;SUBMISSION;;ASH_COATED_OSMIUM;SEASHELLS;9997;4
301700;SUBMISSION;;ASH_COATED_OSMIUM;SEASHELLS;9999;9
302600;;SUBMISSION;ASH_COATED_OSMIUM;SEASHELLS;10011;2
303200;;SUBMISSION;ASH_COATED_OSMIUM;SEASHELLS;10009;8
305000;SUBMISSION;;ASH_COATED_OSMIUM;SEASHELLS;9999;4
308900;SUBMISSION;;ASH_COATED_OSMIUM;SEASHELLS;9999;10
309000;SUBMISSION;;ASH_COATED_OSMIUM;SEASHELLS;9998;9
310900;SUBMISSION;;ASH_COATED_OSMIUM;SEASHELLS;9998;5
311500;SUBMISSION;;ASH_COATED_OSMIUM;SEASHELLS;9994;10
313100;;SUBMISSION;ASH_COATED_OSMIUM;SEASHELLS;10010;5
315300;SUBMISSION;;ASH_COATED_OSMIUM;SEASHELLS;9996;5
315400;;SUBMISSION;ASH_COATED_OSMIUM;SEASHELLS;10001;3
318400;;SUBMISSION;ASH_COATED_OSMIUM;SEASHELLS;10001;5
318600;SUBMISSION;;ASH_COATED_OSMIUM;SEASHELLS;9994;5
320400;;SUBMISSION;ASH_COATED_OSMIUM;SEASHELLS;10014;7
321800;SUBMISSION;;ASH_COATED_OSMIUM;SEASHELLS;9996;10
323000;;SUBMISSION;ASH_COATED_OSMIUM;SEASHELLS;10001;5
323700;SUBMISSION;;ASH_COATED_OSMIUM;SEASHELLS;9996;6
325600;SUBMISSION;;ASH_COATED_OSMIUM;SEASHELLS;9994;6
330800;;SUBMISSION;ASH_COATED_OSMIUM;SEASHELLS;10004;7
332900;SUBMISSION;;ASH_COATED_OSMIUM;SEASHELLS;9996;5
335800;SUBMISSION;;ASH_COATED_OSMIUM;SEASHELLS;9995;10
335900;;SUBMISSION;ASH_COATED_OSMIUM;SEASHELLS;10000;3
337100;;SUBMISSION;ASH_COATED_OSMIUM;SEASHELLS;10011;8
340500;;SUBMISSION;ASH_COATED_OSMIUM;SEASHELLS;10008;4
340900;;SUBMISSION;ASH_COATED_OSMIUM;SEASHELLS;10002;4
342900;SUBMISSION;;ASH_COATED_OSMIUM;SEASHELLS;9996;9
349400;;SUBMISSION;ASH_COATED_OSMIUM;SEASHELLS;10003;10
350000;;SUBMISSION;ASH_COATED_OSMIUM;SEASHELLS;10008;3
351300;;SUBMISSION;ASH_COATED_OSMIUM;SEASHELLS;10003;9
351800;;SUBMISSION;ASH_COATED_OSMIUM;SEASHELLS;10009;5
352200;SUBMISSION;;ASH_COATED_OSMIUM;SEASHELLS;9996;4
353800;;SUBMISSION;ASH_COATED_OSMIUM;SEASHELLS;10003;8
354400;;SUBMISSION;ASH_COATED_OSMIUM;SEASHELLS;10009;3
360900;;SUBMISSION;ASH_COATED_OSMIUM;SEASHELLS;10009;5
366200;;SUBMISSION;ASH_COATED_OSMIUM;SEASHELLS;10011;5
366200;;SUBMISSION;ASH_COATED_OSMIUM;SEASHELLS;10011;7
368900;SUBMISSION;;ASH_COATED_OSMIUM;SEASHELLS;9999;8
369000;;SUBMISSION;ASH_COATED_OSMIUM;SEASHELLS;10004;9
371900;SUBMISSION;;ASH_COATED_OSMIUM;SEASHELLS;10000;5
376000;;SUBMISSION;ASH_COATED_OSMIUM;SEASHELLS;10010;2
379500;SUBMISSION;;ASH_COATED_OSMIUM;SEASHELLS;9994;9
379800;SUBMISSION;;ASH_COATED_OSMIUM;SEASHELLS;9996;8
380200;SUBMISSION;;ASH_COATED_OSMIUM;SEASHELLS;9995;5
380400;SUBMISSION;;ASH_COATED_OSMIUM;SEASHELLS;9995;6
383000;;SUBMISSION;ASH_COATED_OSMIUM;SEASHELLS;10002;4
383300;;SUBMISSION;ASH_COATED_OSMIUM;SEASHELLS;10008;8
384100;SUBMISSION;;ASH_COATED_OSMIUM;SEASHELLS;9994;3
384800;SUBMISSION;;ASH_COATED_OSMIUM;SEASHELLS;9994;7
388200;;SUBMISSION;ASH_COATED_OSMIUM;SEASHELLS;10010;10
388500;;SUBMISSION;ASH_COATED_OSMIUM;SEASHELLS;10010;7
389500;SUBMISSION;;ASH_COATED_OSMIUM;SEASHELLS;9993;2
392200;SUBMISSION;;ASH_COATED_OSMIUM;SEASHELLS;9993;4
394100;;SUBMISSION;ASH_COATED_OSMIUM;SEASHELLS;10004;8
396400;SUBMISSION;;ASH_COATED_OSMIUM;SEASHELLS;9999;7
398600;;SUBMISSION;ASH_COATED_OSMIUM;SEASHELLS;10011;9
399300;;SUBMISSION;ASH_COATED_OSMIUM;SEASHELLS;10010;5
401200;;SUBMISSION;ASH_COATED_OSMIUM;SEASHELLS;10011;5
402700;SUBMISSION;;ASH_COATED_OSMIUM;SEASHELLS;10000;8
405700;SUBMISSION;;ASH_COATED_OSMIUM;SEASHELLS;9994;6
408200;SUBMISSION;;ASH_COATED_OSMIUM;SEASHELLS;9993;6
409000;SUBMISSION;;ASH_COATED_OSMIUM;SEASHELLS;9995;2
410100;;SUBMISSION;ASH_COATED_OSMIUM;SEASHELLS;10009;3
410200;;SUBMISSION;ASH_COATED_OSMIUM;SEASHELLS;10012;5
412500;SUBMISSION;;ASH_COATED_OSMIUM;SEASHELLS;9993;7
413900;;SUBMISSION;ASH_COATED_OSMIUM;SEASHELLS;10011;5
414200;SUBMISSION;;ASH_COATED_OSMIUM;SEASHELLS;9999;7
416000;SUBMISSION;;ASH_COATED_OSMIUM;SEASHELLS;9999;5
422200;;SUBMISSION;ASH_COATED_OSMIUM;SEASHELLS;10008;6
423200;SUBMISSION;;ASH_COATED_OSMIUM;SEASHELLS;9994;6
424000;;SUBMISSION;ASH_COATED_OSMIUM;SEASHELLS;10006;8
425300;;SUBMISSION;ASH_COATED_OSMIUM;SEASHELLS;10007;4
425600;;SUBMISSION;ASH_COATED_OSMIUM;SEASHELLS;10005;8
426000;;SUBMISSION;ASH_COATED_OSMIUM;SEASHELLS;10006;7
430500;SUBMISSION;;ASH_COATED_OSMIUM;SEASHELLS;9992;4
432600;SUBMISSION;;ASH_COATED_OSMIUM;SEASHELLS;9992;6
435000;;SUBMISSION;ASH_COATED_OSMIUM;SEASHELLS;10007;4
436300;SUBMISSION;;ASH_COATED_OSMIUM;SEASHELLS;9998;3
437200;SUBMISSION;;ASH_COATED_OSMIUM;SEASHELLS;9995;7
438900;;SUBMISSION;ASH_COATED_OSMIUM;SEASHELLS;10010;5
439500;SUBMISSION;;ASH_COATED_OSMIUM;SEASHELLS;9990;6
441100;SUBMISSION;;ASH_COATED_OSMIUM;SEASHELLS;9994;3
444900;SUBMISSION;;ASH_COATED_OSMIUM;SEASHELLS;9999;10
448900;;SUBMISSION;ASH_COATED_OSMIUM;SEASHELLS;10009;5
453200;;SUBMISSION;ASH_COATED_OSMIUM;SEASHELLS;10002;3
461700;;SUBMISSION;ASH_COATED_OSMIUM;SEASHELLS;10003;3
462200;;SUBMISSION;ASH_COATED_OSMIUM;SEASHELLS;10007;8
462600;;SUBMISSION;ASH_COATED_OSMIUM;SEASHELLS;10003;3
466000;;SUBMISSION;ASH_COATED_OSMIUM;SEASHELLS;10006;6
469200;;SUBMISSION;ASH_COATED_OSMIUM;SEASHELLS;10013;3
470800;;SUBMISSION;ASH_COATED_OSMIUM;SEASHELLS;10013;9
475200;SUBMISSION;;ASH_COATED_OSMIUM;SEASHELLS;9996;6
477400;;SUBMISSION;ASH_COATED_OSMIUM;SEASHELLS;10009;5
477900;;SUBMISSION;ASH_COATED_OSMIUM;SEASHELLS;10007;3
478200;;SUBMISSION;ASH_COATED_OSMIUM;SEASHELLS;10007;3
482200;SUBMISSION;;ASH_COATED_OSMIUM;SEASHELLS;9999;2
484100;SUBMISSION;;ASH_COATED_OSMIUM;SEASHELLS;10000;4
484300;SUBMISSION;;ASH_COATED_OSMIUM;SEASHELLS;9989;9
485200;SUBMISSION;;ASH_COATED_OSMIUM;SEASHELLS;9990;6
486400;;SUBMISSION;ASH_COATED_OSMIUM;SEASHELLS;10008;5
489100;SUBMISSION;;ASH_COATED_OSMIUM;SEASHELLS;9995;6
490700;SUBMISSION;;ASH_COATED_OSMIUM;SEASHELLS;9994;3
490800;;SUBMISSION;ASH_COATED_OSMIUM;SEASHELLS;10003;9
492600;SUBMISSION;;ASH_COATED_OSMIUM;SEASHELLS;10000;10
496300;SUBMISSION;;ASH_COATED_OSMIUM;SEASHELLS;9992;3
497100;SUBMISSION;;ASH_COATED_OSMIUM;SEASHELLS;9999;9
498300;SUBMISSION;;ASH_COATED_OSMIUM;SEASHELLS;9994;7
499800;SUBMISSION;;ASH_COATED_OSMIUM;SEASHELLS;9998;5
500000;SUBMISSION;;ASH_COATED_OSMIUM;SEASHELLS;9998;8
501000;SUBMISSION;;ASH_COATED_OSMIUM;SEASHELLS;9993;2
505400;;SUBMISSION;ASH_COATED_OSMIUM;SEASHELLS;10010;5
506500;;SUBMISSION;ASH_COATED_OSMIUM;SEASHELLS;10011;3
510900;;SUBMISSION;ASH_COATED_OSMIUM;SEASHELLS;10002;2
519200;;SUBMISSION;ASH_COATED_OSMIUM;SEASHELLS;10005;2
520900;;SUBMISSION;ASH_COATED_OSMIUM;SEASHELLS;10015;6
521700;;SUBMISSION;ASH_COATED_OSMIUM;SEASHELLS;10014;5
521900;;SUBMISSION;ASH_COATED_OSMIUM;SEASHELLS;10009;9
525500;;SUBMISSION;ASH_COATED_OSMIUM;SEASHELLS;10012;3
526000;;SUBMISSION;ASH_COATED_OSMIUM;SEASHELLS;10012;7
526400;;SUBMISSION;ASH_COATED_OSMIUM;SEASHELLS;10012;5
527700;SUBMISSION;;ASH_COATED_OSMIUM;SEASHELLS;9995;3
529500;;SUBMISSION;ASH_COATED_OSMIUM;SEASHELLS;10007;5
531200;;SUBMISSION;ASH_COATED_OSMIUM;SEASHELLS;10012;2
532700;;SUBMISSION;ASH_COATED_OSMIUM;SEASHELLS;10008;7
533600;;SUBMISSION;ASH_COATED_OSMIUM;SEASHELLS;10006;5
533800;;SUBMISSION;ASH_COATED_OSMIUM;SEASHELLS;10014;4
534100;;SUBMISSION;ASH_COATED_OSMIUM;SEASHELLS;10010;7
536100;;SUBMISSION;ASH_COATED_OSMIUM;SEASHELLS;10013;8
537800;;SUBMISSION;ASH_COATED_OSMIUM;SEASHELLS;10009;5
542500;;SUBMISSION;ASH_COATED_OSMIUM;SEASHELLS;10006;4
587200;SUBMISSION;;ASH_COATED_OSMIUM;SEASHELLS;9998;5
589200;SUBMISSION;;ASH_COATED_OSMIUM;SEASHELLS;9995;2
591500;;SUBMISSION;ASH_COATED_OSMIUM;SEASHELLS;10012;7
601100;SUBMISSION;;ASH_COATED_OSMIUM;SEASHELLS;10000;4
603100;;SUBMISSION;ASH_COATED_OSMIUM;SEASHELLS;10014;4
607300;SUBMISSION;;ASH_COATED_OSMIUM;SEASHELLS;9997;3
608300;;SUBMISSION;ASH_COATED_OSMIUM;SEASHELLS;10010;3
611400;SUBMISSION;;ASH_COATED_OSMIUM;SEASHELLS;9998;8
615100;SUBMISSION;;ASH_COATED_OSMIUM;SEASHELLS;9994;3
618800;;SUBMISSION;ASH_COATED_OSMIUM;SEASHELLS;10008;10
623900;;SUBMISSION;ASH_COATED_OSMIUM;SEASHELLS;10013;1
624100;SUBMISSION;;ASH_COATED_OSMIUM;SEASHELLS;9996;4
626000;SUBMISSION;;ASH_COATED_OSMIUM;SEASHELLS;9994;2
626700;;SUBMISSION;ASH_COATED_OSMIUM;SEASHELLS;10007;4
630100;;SUBMISSION;ASH_COATED_OSMIUM;SEASHELLS;10008;2
632400;SUBMISSION;;ASH_COATED_OSMIUM;SEASHELLS;9995;5
634300;;SUBMISSION;ASH_COATED_OSMIUM;SEASHELLS;10010;5
635800;SUBMISSION;;ASH_COATED_OSMIUM;SEASHELLS;10000;6
638000;;SUBMISSION;ASH_COATED_OSMIUM;SEASHELLS;10012;4
639500;SUBMISSION;;ASH_COATED_OSMIUM;SEASHELLS;9996;7
639600;SUBMISSION;;ASH_COATED_OSMIUM;SEASHELLS;9997;4
641900;;SUBMISSION;ASH_COATED_OSMIUM;SEASHELLS;10006;6
648300;SUBMISSION;;ASH_COATED_OSMIUM;SEASHELLS;10000;8
649200;SUBMISSION;;ASH_COATED_OSMIUM;SEASHELLS;10000;3
649900;SUBMISSION;;ASH_COATED_OSMIUM;SEASHELLS;9992;4
654200;SUBMISSION;;ASH_COATED_OSMIUM;SEASHELLS;9991;5
654400;SUBMISSION;;ASH_COATED_OSMIUM;SEASHELLS;9992;3
655300;SUBMISSION;;ASH_COATED_OSMIUM;SEASHELLS;9997;4
656800;SUBMISSION;;ASH_COATED_OSMIUM;SEASHELLS;10000;4
656900;SUBMISSION;;ASH_COATED_OSMIUM;SEASHELLS;9996;5
656900;SUBMISSION;;ASH_COATED_OSMIUM;SEASHELLS;9998;5
657800;SUBMISSION;;ASH_COATED_OSMIUM;SEASHELLS;10000;3
657900;;SUBMISSION;ASH_COATED_OSMIUM;SEASHELLS;10006;10
659800;SUBMISSION;;ASH_COATED_OSMIUM;SEASHELLS;9997;2
660600;SUBMISSION;;ASH_COATED_OSMIUM;SEASHELLS;9985;6
661900;SUBMISSION;;ASH_COATED_OSMIUM;SEASHELLS;9995;4
663100;SUBMISSION;;ASH_COATED_OSMIUM;SEASHELLS;9994;4
663400;SUBMISSION;;ASH_COATED_OSMIUM;SEASHELLS;9994;5
664300;SUBMISSION;;ASH_COATED_OSMIUM;SEASHELLS;9994;4
664800;SUBMISSION;;ASH_COATED_OSMIUM;SEASHELLS;9999;10
666000;SUBMISSION;;ASH_COATED_OSMIUM;SEASHELLS;9998;11
666300;SUBMISSION;;ASH_COATED_OSMIUM;SEASHELLS;9998;10
666800;SUBMISSION;;ASH_COATED_OSMIUM;SEASHELLS;9997;11
666900;SUBMISSION;;ASH_COATED_OSMIUM;SEASHELLS;9987;6
667500;SUBMISSION;;ASH_COATED_OSMIUM;SEASHELLS;9985;4
669300;SUBMISSION;;ASH_COATED_OSMIUM;SEASHELLS;9995;5
670500;;SUBMISSION;ASH_COATED_OSMIUM;SEASHELLS;10002;2
670800;SUBMISSION;;ASH_COATED_OSMIUM;SEASHELLS;9988;9
676700;SUBMISSION;;ASH_COATED_OSMIUM;SEASHELLS;9985;5
680300;SUBMISSION;;ASH_COATED_OSMIUM;SEASHELLS;9988;6
681500;SUBMISSION;;ASH_COATED_OSMIUM;SEASHELLS;9984;3
682900;;SUBMISSION;ASH_COATED_OSMIUM;SEASHELLS;10002;7
683500;SUBMISSION;;ASH_COATED_OSMIUM;SEASHELLS;9992;7
684100;SUBMISSION;;ASH_COATED_OSMIUM;SEASHELLS;9988;8
684700;SUBMISSION;;ASH_COATED_OSMIUM;SEASHELLS;9986;3
685000;SUBMISSION;;ASH_COATED_OSMIUM;SEASHELLS;9990;5
693100;;SUBMISSION;ASH_COATED_OSMIUM;SEASHELLS;10000;4
694700;;SUBMISSION;ASH_COATED_OSMIUM;SEASHELLS;10000;8
695100;SUBMISSION;;ASH_COATED_OSMIUM;SEASHELLS;9990;9
696600;;SUBMISSION;ASH_COATED_OSMIUM;SEASHELLS;10000;3
699500;SUBMISSION;;ASH_COATED_OSMIUM;SEASHELLS;9991;4
702100;SUBMISSION;;ASH_COATED_OSMIUM;SEASHELLS;9987;2
743700;;SUBMISSION;ASH_COATED_OSMIUM;SEASHELLS;10002;8
744900;SUBMISSION;;ASH_COATED_OSMIUM;SEASHELLS;9991;4
745000;;SUBMISSION;ASH_COATED_OSMIUM;SEASHELLS;10000;6
753500;SUBMISSION;;ASH_COATED_OSMIUM;SEASHELLS;9989;7
755400;SUBMISSION;;ASH_COATED_OSMIUM;SEASHELLS;9990;3
757100;;SUBMISSION;ASH_COATED_OSMIUM;SEASHELLS;10005;6
759600;;SUBMISSION;ASH_COATED_OSMIUM;SEASHELLS;10005;3
762600;SUBMISSION;;ASH_COATED_OSMIUM;SEASHELLS;9991;7
765700;SUBMISSION;;ASH_COATED_OSMIUM;SEASHELLS;9990;2
767600;;SUBMISSION;ASH_COATED_OSMIUM;SEASHELLS;10005;10
769400;SUBMISSION;;ASH_COATED_OSMIUM;SEASHELLS;9992;6
769500;SUBMISSION;;ASH_COATED_OSMIUM;SEASHELLS;9991;4
773700;;SUBMISSION;ASH_COATED_OSMIUM;SEASHELLS;10001;4
779300;SUBMISSION;;ASH_COATED_OSMIUM;SEASHELLS;9989;4
780800;;SUBMISSION;ASH_COATED_OSMIUM;SEASHELLS;10005;6
781500;;SUBMISSION;ASH_COATED_OSMIUM;SEASHELLS;10007;3
782400;SUBMISSION;;ASH_COATED_OSMIUM;SEASHELLS;9988;4
782700;;SUBMISSION;ASH_COATED_OSMIUM;SEASHELLS;10003;6
783400;;SUBMISSION;ASH_COATED_OSMIUM;SEASHELLS;10004;2
784600;;SUBMISSION;ASH_COATED_OSMIUM;SEASHELLS;10005;4
785800;SUBMISSION;;ASH_COATED_OSMIUM;SEASHELLS;9994;10
787100;;SUBMISSION;ASH_COATED_OSMIUM;SEASHELLS;10007;4
788800;SUBMISSION;;ASH_COATED_OSMIUM;SEASHELLS;9990;6
793200;;SUBMISSION;ASH_COATED_OSMIUM;SEASHELLS;10004;4
794800;SUBMISSION;;ASH_COATED_OSMIUM;SEASHELLS;9991;5
797200;;SUBMISSION;ASH_COATED_OSMIUM;SEASHELLS;10003;10
797300;;SUBMISSION;ASH_COATED_OSMIUM;SEASHELLS;10003;6
798000;;SUBMISSION;ASH_COATED_OSMIUM;SEASHELLS;10005;3
802800;;SUBMISSION;ASH_COATED_OSMIUM;SEASHELLS;10005;5
803300;;SUBMISSION;ASH_COATED_OSMIUM;SEASHELLS;10005;10
804000;SUBMISSION;;ASH_COATED_OSMIUM;SEASHELLS;9988;3
804400;;SUBMISSION;ASH_COATED_OSMIUM;SEASHELLS;10008;4
805400;;SUBMISSION;ASH_COATED_OSMIUM;SEASHELLS;10005;2
808300;;SUBMISSION;ASH_COATED_OSMIUM;SEASHELLS;10009;5
808600;SUBMISSION;;ASH_COATED_OSMIUM;SEASHELLS;9994;2
809300;;SUBMISSION;ASH_COATED_OSMIUM;SEASHELLS;10010;5
812300;SUBMISSION;;ASH_COATED_OSMIUM;SEASHELLS;9992;2
812600;;SUBMISSION;ASH_COATED_OSMIUM;SEASHELLS;10009;2
812800;;SUBMISSION;ASH_COATED_OSMIUM;SEASHELLS;10003;4
814300;SUBMISSION;;ASH_COATED_OSMIUM;SEASHELLS;9995;5
814900;;SUBMISSION;ASH_COATED_OSMIUM;SEASHELLS;10004;6
815000;SUBMISSION;;ASH_COATED_OSMIUM;SEASHELLS;9995;4
818800;;SUBMISSION;ASH_COATED_OSMIUM;SEASHELLS;10002;5
821100;SUBMISSION;;ASH_COATED_OSMIUM;SEASHELLS;9996;9
821800;;SUBMISSION;ASH_COATED_OSMIUM;SEASHELLS;10004;6
828400;;SUBMISSION;ASH_COATED_OSMIUM;SEASHELLS;10001;5
830800;SUBMISSION;;ASH_COATED_OSMIUM;SEASHELLS;9996;9
831100;;SUBMISSION;ASH_COATED_OSMIUM;SEASHELLS;10011;4
834500;;SUBMISSION;ASH_COATED_OSMIUM;SEASHELLS;10005;5
834900;;SUBMISSION;ASH_COATED_OSMIUM;SEASHELLS;10005;3
836700;;SUBMISSION;ASH_COATED_OSMIUM;SEASHELLS;10004;4
837700;;SUBMISSION;ASH_COATED_OSMIUM;SEASHELLS;10003;4
838100;;SUBMISSION;ASH_COATED_OSMIUM;SEASHELLS;10003;5
842100;;SUBMISSION;ASH_COATED_OSMIUM;SEASHELLS;10011;5
843200;;SUBMISSION;ASH_COATED_OSMIUM;SEASHELLS;10002;2
843500;;SUBMISSION;ASH_COATED_OSMIUM;SEASHELLS;10002;4
843800;;SUBMISSION;ASH_COATED_OSMIUM;SEASHELLS;10012;4
848100;;SUBMISSION;ASH_COATED_OSMIUM;SEASHELLS;10004;2
850200;;SUBMISSION;ASH_COATED_OSMIUM;SEASHELLS;10004;2
850400;;SUBMISSION;ASH_COATED_OSMIUM;SEASHELLS;10008;9
851000;;SUBMISSION;ASH_COATED_OSMIUM;SEASHELLS;10003;3
852800;;SUBMISSION;ASH_COATED_OSMIUM;SEASHELLS;10007;6
853100;SUBMISSION;;ASH_COATED_OSMIUM;SEASHELLS;9997;5
853200;;SUBMISSION;ASH_COATED_OSMIUM;SEASHELLS;10006;10
854000;;SUBMISSION;ASH_COATED_OSMIUM;SEASHELLS;10013;6
856500;SUBMISSION;;ASH_COATED_OSMIUM;SEASHELLS;9993;5
860600;SUBMISSION;;ASH_COATED_OSMIUM;SEASHELLS;9993;2
861400;SUBMISSION;;ASH_COATED_OSMIUM;SEASHELLS;9994;4
861600;;SUBMISSION;ASH_COATED_OSMIUM;SEASHELLS;10008;2
863400;SUBMISSION;;ASH_COATED_OSMIUM;SEASHELLS;9999;2
864000;;SUBMISSION;ASH_COATED_OSMIUM;SEASHELLS;10006;3
864600;SUBMISSION;;ASH_COATED_OSMIUM;SEASHELLS;9991;3
870800;SUBMISSION;;ASH_COATED_OSMIUM;SEASHELLS;9996;8
871500;SUBMISSION;;ASH_COATED_OSMIUM;SEASHELLS;9996;6
871900;;SUBMISSION;ASH_COATED_OSMIUM;SEASHELLS;10008;5
872600;SUBMISSION;;ASH_COATED_OSMIUM;SEASHELLS;9992;3
875700;SUBMISSION;;ASH_COATED_OSMIUM;SEASHELLS;9989;10
877700;SUBMISSION;;ASH_COATED_OSMIUM;SEASHELLS;9996;9
879400;SUBMISSION;;ASH_COATED_OSMIUM;SEASHELLS;9997;4
880100;SUBMISSION;;ASH_COATED_OSMIUM;SEASHELLS;9993;3
881300;SUBMISSION;;ASH_COATED_OSMIUM;SEASHELLS;9992;4
882400;;SUBMISSION;ASH_COATED_OSMIUM;SEASHELLS;10006;5
883800;;SUBMISSION;ASH_COATED_OSMIUM;SEASHELLS;10005;5
884800;SUBMISSION;;ASH_COATED_OSMIUM;SEASHELLS;9995;5
885400;SUBMISSION;;ASH_COATED_OSMIUM;SEASHELLS;9989;2
885600;;SUBMISSION;ASH_COATED_OSMIUM;SEASHELLS;10005;4
890400;SUBMISSION;;ASH_COATED_OSMIUM;SEASHELLS;9997;3
890500;SUBMISSION;;ASH_COATED_OSMIUM;SEASHELLS;9989;5
891900;;SUBMISSION;ASH_COATED_OSMIUM;SEASHELLS;10007;6
892800;SUBMISSION;;ASH_COATED_OSMIUM;SEASHELLS;9990;6
893400;SUBMISSION;;ASH_COATED_OSMIUM;SEASHELLS;9996;10
897000;SUBMISSION;;ASH_COATED_OSMIUM;SEASHELLS;9997;4
900200;;SUBMISSION;ASH_COATED_OSMIUM;SEASHELLS;10001;4
904600;;SUBMISSION;ASH_COATED_OSMIUM;SEASHELLS;10005;4
906000;;SUBMISSION;ASH_COATED_OSMIUM;SEASHELLS;10001;5
907400;;SUBMISSION;ASH_COATED_OSMIUM;SEASHELLS;10008;7
908400;;SUBMISSION;ASH_COATED_OSMIUM;SEASHELLS;10009;6
908600;;SUBMISSION;ASH_COATED_OSMIUM;SEASHELLS;10006;4
912000;;SUBMISSION;ASH_COATED_OSMIUM;SEASHELLS;10002;15
912900;;SUBMISSION;ASH_COATED_OSMIUM;SEASHELLS;10003;14
913400;;SUBMISSION;ASH_COATED_OSMIUM;SEASHELLS;10013;8
913700;;SUBMISSION;ASH_COATED_OSMIUM;SEASHELLS;10004;13
914800;;SUBMISSION;ASH_COATED_OSMIUM;SEASHELLS;10009;4
916000;;SUBMISSION;ASH_COATED_OSMIUM;SEASHELLS;10005;14
916100;;SUBMISSION;ASH_COATED_OSMIUM;SEASHELLS;10010;3
917200;;SUBMISSION;ASH_COATED_OSMIUM;SEASHELLS;10012;6
927400;SUBMISSION;;ASH_COATED_OSMIUM;SEASHELLS;9997;9
928900;;SUBMISSION;ASH_COATED_OSMIUM;SEASHELLS;10014;2
930200;SUBMISSION;;ASH_COATED_OSMIUM;SEASHELLS;9998;3
930300;;SUBMISSION;ASH_COATED_OSMIUM;SEASHELLS;10006;4
933000;;SUBMISSION;ASH_COATED_OSMIUM;SEASHELLS;10016;6
998400;SUBMISSION;;ASH_COATED_OSMIUM;SEASHELLS;10000;5
