timestamp;buyer;seller;symbol;currency;price;quantity
1300;SUBMISSION;;VEV_4000;SEASHELLS;1256;3
2700;SUBMISSION;;VELVETFRUIT_EXTRACT;SEASHELLS;5270;8
2900;;SUBMISSION;VELVETFRUIT_EXTRACT;SEASHELLS;5271;8
4800;;SUBMISSION;VELVETFRUIT_EXTRACT;SEASHELLS;5272;3
5700;SUBMISSION;;VELVETFRUIT_EXTRACT;SEASHELLS;5274;5
10200;SUBMISSION;;HYDROGEL_PACK;SEASHELLS;10019;6
10700;;SUBMISSION;VELVETFRUIT_EXTRACT;SEASHELLS;5264;4
11200;;SUBMISSION;HYDROGEL_PACK;SEASHELLS;10029;4
12600;SUBMISSION;;VELVETFRUIT_EXTRACT;SEASHELLS;5265;3
13900;;SUBMISSION;VELVETFRUIT_EXTRACT;SEASHELLS;5268;4
15700;;SUBMISSION;HYDROGEL_PACK;SEASHELLS;10033;2
16300;;SUBMISSION;VELVETFRUIT_EXTRACT;SEASHELLS;5274;5
17400;SUBMISSION;;VELVETFRUIT_EXTRACT;SEASHELLS;5275;3
19100;;SUBMISSION;HYDROGEL_PACK;SEASHELLS;10019;6
19700;SUBMISSION;;VELVETFRUIT_EXTRACT;SEASHELLS;5266;13
23100;SUBMISSION;;VELVETFRUIT_EXTRACT;SEASHELLS;5265;4
26500;;SUBMISSION;VELVETFRUIT_EXTRACT;SEASHELLS;5268;6
29200;SUBMISSION;;HYDROGEL_PACK;SEASHELLS;9994;4
33300;;SUBMISSION;VELVETFRUIT_EXTRACT;SEASHELLS;5270;7
35700;;SUBMISSION;VELVETFRUIT_EXTRACT;SEASHELLS;5269;3
35800;SUBMISSION;;VELVETFRUIT_EXTRACT;SEASHELLS;5265;7
36100;;SUBMISSION;VELVETFRUIT_EXTRACT;SEASHELLS;5270;4
38400;SUBMISSION;;VELVETFRUIT_EXTRACT;SEASHELLS;5266;8
41100;;SUBMISSION;HYDROGEL_PACK;SEASHELLS;9996;6
41700;;SUBMISSION;VELVETFRUIT_EXTRACT;SEASHELLS;5253;5
42000;SUBMISSION;;VELVETFRUIT_EXTRACT;SEASHELLS;5248;8
43000;SUBMISSION;;VELVETFRUIT_EXTRACT;SEASHELLS;5251;8
44000;SUBMISSION;;HYDROGEL_PACK;SEASHELLS;9981;4
45100;;SUBMISSION;HYDROGEL_PACK;SEASHELLS;9989;3
45100;SUBMISSION;;VEV_5400;SEASHELLS;15;4
48100;;SUBMISSION;VELVETFRUIT_EXTRACT;SEASHELLS;5260;7
49800;;SUBMISSION;HYDROGEL_PACK;SEASHELLS;9959;3
50900;SUBMISSION;;HYDROGEL_PACK;SEASHELLS;9954;14
50900;SUBMISSION;;HYDROGEL_PACK;SEASHELLS;9957;16
51000;SUBMISSION;;HYDROGEL_PACK;SEASHELLS;9952;11
51000;SUBMISSION;;HYDROGEL_PACK;SEASHELLS;9955;19
51100;SUBMISSION;;HYDROGEL_PACK;SEASHELLS;9954;11
51100;SUBMISSION;;HYDROGEL_PACK;SEASHELLS;9957;19
51300;SUBMISSION;;HYDROGEL_PACK;SEASHELLS;9951;14
51300;SUBMISSION;;HYDROGEL_PACK;SEASHELLS;9953;16
51400;SUBMISSION;;HYDROGEL_PACK;SEASHELLS;9949;11
51400;SUBMISSION;;HYDROGEL_PACK;SEASHELLS;9952;19
51500;SUBMISSION;;HYDROGEL_PACK;SEASHELLS;9950;15
51500;SUBMISSION;;HYDROGEL_PACK;SEASHELLS;9952;15
51600;SUBMISSION;;HYDROGEL_PACK;SEASHELLS;9952;11
51600;SUBMISSION;;HYDROGEL_PACK;SEASHELLS;9955;14
52600;;SUBMISSION;VELVETFRUIT_EXTRACT;SEASHELLS;5262;8
53200;;SUBMISSION;VELVETFRUIT_EXTRACT;SEASHELLS;5263;5
53600;SUBMISSION;;VELVETFRUIT_EXTRACT;SEASHELLS;5258;5
58300;;SUBMISSION;HYDROGEL_PACK;SEASHELLS;9958;6
59200;;SUBMISSION;VELVETFRUIT_EXTRACT;SEASHELLS;5243;8
60700;;SUBMISSION;HYDROGEL_PACK;SEASHELLS;9968;5
64300;SUBMISSION;;VELVETFRUIT_EXTRACT;SEASHELLS;5250;3
67600;;SUBMISSION;VELVETFRUIT_EXTRACT;SEASHELLS;5261;4
70000;SUBMISSION;;VELVETFRUIT_EXTRACT;SEASHELLS;5256;6
70400;;SUBMISSION;VELVETFRUIT_EXTRACT;SEASHELLS;5259;5
70900;;SUBMISSION;HYDROGEL_PACK;SEASHELLS;9988;2
72700;;SUBMISSION;HYDROGEL_PACK;SEASHELLS;9982;3
73100;SUBMISSION;;VELVETFRUIT_EXTRACT;SEASHELLS;5257;7
73200;SUBMISSION;;VELVETFRUIT_EXTRACT;SEASHELLS;5255;5
76700;;SUBMISSION;VELVETFRUIT_EXTRACT;SEASHELLS;5257;4
79300;SUBMISSION;;VEV_5300;SEASHELLS;47;1
83000;;SUBMISSION;VELVETFRUIT_EXTRACT;SEASHELLS;5270;6
84100;;SUBMISSION;VELVETFRUIT_EXTRACT;SEASHELLS;5271;8
85500;;SUBMISSION;HYDROGEL_PACK;SEASHELLS;9948;2
85500;;SUBMISSION;VELVETFRUIT_EXTRACT;SEASHELLS;5272;8
89300;SUBMISSION;;HYDROGEL_PACK;SEASHELLS;9936;14
89300;SUBMISSION;;HYDROGEL_PACK;SEASHELLS;9938;4
91700;SUBMISSION;;VELVETFRUIT_EXTRACT;SEASHELLS;5265;8
92600;;SUBMISSION;VELVETFRUIT_EXTRACT;SEASHELLS;5270;4
95100;SUBMISSION;;VELVETFRUIT_EXTRACT;SEASHELLS;5263;8
97200;;SUBMISSION;VELVETFRUIT_EXTRACT;SEASHELLS;5264;7
97400;SUBMISSION;;VELVETFRUIT_EXTRACT;SEASHELLS;5259;5
101800;;SUBMISSION;HYDROGEL_PACK;SEASHELLS;9978;3
102400;;SUBMISSION;HYDROGEL_PACK;SEASHELLS;9978;3
103500;SUBMISSION;;VELVETFRUIT_EXTRACT;SEASHELLS;5264;8
104500;;SUBMISSION;HYDROGEL_PACK;SEASHELLS;9978;2
106300;;SUBMISSION;VELVETFRUIT_EXTRACT;SEASHELLS;5261;7
108800;;SUBMISSION;VELVETFRUIT_EXTRACT;SEASHELLS;5262;3
109400;;SUBMISSION;VELVETFRUIT_EXTRACT;SEASHELLS;5265;6
109600;;SUBMISSION;HYDROGEL_PACK;SEASHELLS;9984;6
111300;;SUBMISSION;VELVETFRUIT_EXTRACT;SEASHELLS;5262;7
114500;;SUBMISSION;HYDROGEL_PACK;SEASHELLS;9988;5
122900;SUBMISSION;;VELVETFRUIT_EXTRACT;SEASHELLS;5259;8
124900;;SUBMISSION;HYDROGEL_PACK;SEASHELLS;10019;3
126800;;SUBMISSION;HYDROGEL_PACK;SEASHELLS;10012;2
129400;;SUBMISSION;HYDROGEL_PACK;SEASHELLS;10005;4
129600;SUBMISSION;;VELVETFRUIT_EXTRACT;SEASHELLS;5256;6
130100;;SUBMISSION;VELVETFRUIT_EXTRACT;SEASHELLS;5255;5
130300;SUBMISSION;;VELVETFRUIT_EXTRACT;SEASHELLS;5253;6
133000;;SUBMISSION;VELVETFRUIT_EXTRACT;SEASHELLS;5259;7
135500;;SUBMISSION;VELVETFRUIT_EXTRACT;SEASHELLS;5258;7
138700;;SUBMISSION;VELVETFRUIT_EXTRACT;SEASHELLS;5261;3
145100;;SUBMISSION;HYDROGEL_PACK;SEASHELLS;10007;5
147200;SUBMISSION;;VELVETFRUIT_EXTRACT;SEASHELLS;5260;8
150600;;SUBMISSION;HYDROGEL_PACK;SEASHELLS;10023;4
154300;;SUBMISSION;VELVETFRUIT_EXTRACT;SEASHELLS;5274;6
155100;;SUBMISSION;VELVETFRUIT_EXTRACT;SEASHELLS;5276;8
155800;SUBMISSION;;VELVETFRUIT_EXTRACT;SEASHELLS;5275;7
156200;SUBMISSION;;VELVETFRUIT_EXTRACT;SEASHELLS;5275;14
157000;;SUBMISSION;HYDROGEL_PACK;SEASHELLS;10019;4
161100;;SUBMISSION;HYDROGEL_PACK;SEASHELLS;10023;4
164200;SUBMISSION;;VELVETFRUIT_EXTRACT;SEASHELLS;5279;7
169000;;SUBMISSION;HYDROGEL_PACK;SEASHELLS;10023;2
169200;;SUBMISSION;HYDROGEL_PACK;SEASHELLS;10020;5
169900;SUBMISSION;;VELVETFRUIT_EXTRACT;SEASHELLS;5268;3
170100;;SUBMISSION;HYDROGEL_PACK;SEASHELLS;10015;4
170500;;SUBMISSION;VELVETFRUIT_EXTRACT;SEASHELLS;5271;7
171500;SUBMISSION;;VELVETFRUIT_EXTRACT;SEASHELLS;5272;7
172600;;SUBMISSION;VELVETFRUIT_EXTRACT;SEASHELLS;5275;8
175000;;SUBMISSION;VELVETFRUIT_EXTRACT;SEASHELLS;5278;4
178200;SUBMISSION;;VELVETFRUIT_EXTRACT;SEASHELLS;5273;3
179100;;SUBMISSION;VELVETFRUIT_EXTRACT;SEASHELLS;5274;8
188200;SUBMISSION;;VELVETFRUIT_EXTRACT;SEASHELLS;5256;3
189700;SUBMISSION;;VELVETFRUIT_EXTRACT;SEASHELLS;5258;6
193400;;SUBMISSION;HYDROGEL_PACK;SEASHELLS;9989;4
194900;SUBMISSION;;VELVETFRUIT_EXTRACT;SEASHELLS;5258;6
195500;;SUBMISSION;VELVETFRUIT_EXTRACT;SEASHELLS;5263;6
196700;SUBMISSION;;VELVETFRUIT_EXTRACT;SEASHELLS;5262;6
199400;SUBMISSION;;VELVETFRUIT_EXTRACT;SEASHELLS;5262;8
203500;;SUBMISSION;VELVETFRUIT_EXTRACT;SEASHELLS;5262;4
206000;;SUBMISSION;VELVETFRUIT_EXTRACT;SEASHELLS;5267;6
206200;;SUBMISSION;HYDROGEL_PACK;SEASHELLS;9987;3
209400;SUBMISSION;;VELVETFRUIT_EXTRACT;SEASHELLS;5266;4
211400;SUBMISSION;;VELVETFRUIT_EXTRACT;SEASHELLS;5265;7
212100;;SUBMISSION;VELVETFRUIT_EXTRACT;SEASHELLS;5270;4
212900;SUBMISSION;;VELVETFRUIT_EXTRACT;SEASHELLS;5267;5
217800;SUBMISSION;;VELVETFRUIT_EXTRACT;SEASHELLS;5261;6
220800;;SUBMISSION;VELVETFRUIT_EXTRACT;SEASHELLS;5264;6
221200;;SUBMISSION;HYDROGEL_PACK;SEASHELLS;9959;6
224300;;SUBMISSION;HYDROGEL_PACK;SEASHELLS;9938;4
224400;SUBMISSION;;HYDROGEL_PACK;SEASHELLS;9933;5
224400;SUBMISSION;;HYDROGEL_PACK;SEASHELLS;9941;12
224400;SUBMISSION;;HYDROGEL_PACK;SEASHELLS;9944;13
224500;SUBMISSION;;HYDROGEL_PACK;SEASHELLS;9940;12
224500;SUBMISSION;;HYDROGEL_PACK;SEASHELLS;9942;18
224600;SUBMISSION;;HYDROGEL_PACK;SEASHELLS;9937;13
225500;SUBMISSION;;VEV_5300;SEASHELLS;50;3
229400;SUBMISSION;;VELVETFRUIT_EXTRACT;SEASHELLS;5261;7
232000;;SUBMISSION;VELVETFRUIT_EXTRACT;SEASHELLS;5266;8
233000;;SUBMISSION;HYDROGEL_PACK;SEASHELLS;9921;3
233100;SUBMISSION;;HYDROGEL_PACK;SEASHELLS;9927;3
237400;;SUBMISSION;VELVETFRUIT_EXTRACT;SEASHELLS;5272;6
237700;;SUBMISSION;VELVETFRUIT_EXTRACT;SEASHELLS;5272;8
239800;;SUBMISSION;HYDROGEL_PACK;SEASHELLS;9919;5
239900;SUBMISSION;;HYDROGEL_PACK;SEASHELLS;9927;5
243500;;SUBMISSION;VELVETFRUIT_EXTRACT;SEASHELLS;5273;4
244900;;SUBMISSION;VELVETFRUIT_EXTRACT;SEASHELLS;5275;4
254300;;SUBMISSION;HYDROGEL_PACK;SEASHELLS;9945;2
257500;SUBMISSION;;HYDROGEL_PACK;SEASHELLS;9932;2
258900;;SUBMISSION;HYDROGEL_PACK;SEASHELLS;9922;2
259000;SUBMISSION;;HYDROGEL_PACK;SEASHELLS;9930;2
259500;SUBMISSION;;VELVETFRUIT_EXTRACT;SEASHELLS;5274;4
263900;SUBMISSION;;VELVETFRUIT_EXTRACT;SEASHELLS;5282;4
264200;;SUBMISSION;HYDROGEL_PACK;SEASHELLS;9921;6
264300;SUBMISSION;;HYDROGEL_PACK;SEASHELLS;9923;6
265100;SUBMISSION;;VELVETFRUIT_EXTRACT;SEASHELLS;5286;6
265500;SUBMISSION;;VELVETFRUIT_EXTRACT;SEASHELLS;5286;6
266300;;SUBMISSION;VEV_5100;SEASHELLS;195;7
266300;;SUBMISSION;VEV_5100;SEASHELLS;194;23
266400;;SUBMISSION;VEV_5100;SEASHELLS;196;9
266400;;SUBMISSION;VEV_5100;SEASHELLS;195;16
266500;;SUBMISSION;VEV_5100;SEASHELLS;195;6
266500;;SUBMISSION;VEV_5100;SEASHELLS;194;12
267000;;SUBMISSION;VELVETFRUIT_EXTRACT;SEASHELLS;5288;6
267400;SUBMISSION;;VELVETFRUIT_EXTRACT;SEASHELLS;5284;4
267900;;SUBMISSION;HYDROGEL_PACK;SEASHELLS;9922;6
268100;SUBMISSION;;HYDROGEL_PACK;SEASHELLS;9931;6
268200;SUBMISSION;;VELVETFRUIT_EXTRACT;SEASHELLS;5281;7
268600;SUBMISSION;;VELVETFRUIT_EXTRACT;SEASHELLS;5282;5
272700;SUBMISSION;;VELVETFRUIT_EXTRACT;SEASHELLS;5278;3
272900;;SUBMISSION;HYDROGEL_PACK;SEASHELLS;9919;5
273000;SUBMISSION;;HYDROGEL_PACK;SEASHELLS;9922;5
273400;;SUBMISSION;HYDROGEL_PACK;SEASHELLS;9917;3
273500;SUBMISSION;;HYDROGEL_PACK;SEASHELLS;9921;3
273500;;SUBMISSION;HYDROGEL_PACK;SEASHELLS;9916;6
273600;SUBMISSION;;HYDROGEL_PACK;SEASHELLS;9921;6
274300;;SUBMISSION;VELVETFRUIT_EXTRACT;SEASHELLS;5279;8
274600;SUBMISSION;;VELVETFRUIT_EXTRACT;SEASHELLS;5275;3
278700;;SUBMISSION;VELVETFRUIT_EXTRACT;SEASHELLS;5273;6
278800;;SUBMISSION;VELVETFRUIT_EXTRACT;SEASHELLS;5275;4
280700;SUBMISSION;;VELVETFRUIT_EXTRACT;SEASHELLS;5269;6
282600;;SUBMISSION;VELVETFRUIT_EXTRACT;SEASHELLS;5271;6
283300;SUBMISSION;;VELVETFRUIT_EXTRACT;SEASHELLS;5271;5
283700;;SUBMISSION;HYDROGEL_PACK;SEASHELLS;9916;5
283800;SUBMISSION;;HYDROGEL_PACK;SEASHELLS;9921;5
284300;;SUBMISSION;HYDROGEL_PACK;SEASHELLS;9917;6
284400;SUBMISSION;;HYDROGEL_PACK;SEASHELLS;9926;6
285600;;SUBMISSION;VELVETFRUIT_EXTRACT;SEASHELLS;5277;4
288000;;SUBMISSION;HYDROGEL_PACK;SEASHELLS;9930;5
288000;SUBMISSION;;VELVETFRUIT_EXTRACT;SEASHELLS;5275;8
289700;SUBMISSION;;HYDROGEL_PACK;SEASHELLS;9926;5
292800;;SUBMISSION;HYDROGEL_PACK;SEASHELLS;9915;6
292900;SUBMISSION;;HYDROGEL_PACK;SEASHELLS;9922;6
293100;;SUBMISSION;VELVETFRUIT_EXTRACT;SEASHELLS;5273;5
293400;;SUBMISSION;VELVETFRUIT_EXTRACT;SEASHELLS;5272;5
293700;SUBMISSION;;VELVETFRUIT_EXTRACT;SEASHELLS;5268;8
296800;SUBMISSION;;VELVETFRUIT_EXTRACT;SEASHELLS;5269;8
297000;SUBMISSION;;VELVETFRUIT_EXTRACT;SEASHELLS;5267;15
299100;;SUBMISSION;HYDROGEL_PACK;SEASHELLS;9957;3
305700;;SUBMISSION;HYDROGEL_PACK;SEASHELLS;9945;6
306000;;SUBMISSION;VELVETFRUIT_EXTRACT;SEASHELLS;5273;5
306100;;SUBMISSION;HYDROGEL_PACK;SEASHELLS;9946;5
310100;;SUBMISSION;HYDROGEL_PACK;SEASHELLS;9936;4
311700;;SUBMISSION;VELVETFRUIT_EXTRACT;SEASHELLS;5272;6
311800;;SUBMISSION;HYDROGEL_PACK;SEASHELLS;9939;2
314800;;SUBMISSION;HYDROGEL_PACK;SEASHELLS;9948;3
315400;;SUBMISSION;HYDROGEL_PACK;SEASHELLS;9951;4
316900;;SUBMISSION;HYDROGEL_PACK;SEASHELLS;9950;2
323200;;SUBMISSION;VELVETFRUIT_EXTRACT;SEASHELLS;5275;5
327600;;SUBMISSION;VELVETFRUIT_EXTRACT;SEASHELLS;5265;5
328500;;SUBMISSION;VELVETFRUIT_EXTRACT;SEASHELLS;5268;7
328700;;SUBMISSION;VELVETFRUIT_EXTRACT;SEASHELLS;5267;5
328900;;SUBMISSION;HYDROGEL_PACK;SEASHELLS;9953;2
330400;SUBMISSION;;VELVETFRUIT_EXTRACT;SEASHELLS;5262;8
332600;;SUBMISSION;VELVETFRUIT_EXTRACT;SEASHELLS;5273;8
333900;;SUBMISSION;VELVETFRUIT_EXTRACT;SEASHELLS;5272;7
336800;SUBMISSION;;VELVETFRUIT_EXTRACT;SEASHELLS;5269;5
341400;SUBMISSION;;VEV_5500;SEASHELLS;7;2
342300;;SUBMISSION;HYDROGEL_PACK;SEASHELLS;9961;2
344000;SUBMISSION;;VELVETFRUIT_EXTRACT;SEASHELLS;5270;3
344600;;SUBMISSION;HYDROGEL_PACK;SEASHELLS;9953;6
344600;SUBMISSION;;VELVETFRUIT_EXTRACT;SEASHELLS;5266;7
344900;SUBMISSION;;VELVETFRUIT_EXTRACT;SEASHELLS;5266;6
346100;;SUBMISSION;HYDROGEL_PACK;SEASHELLS;9941;2
347400;;SUBMISSION;HYDROGEL_PACK;SEASHELLS;9942;4
350600;;SUBMISSION;VELVETFRUIT_EXTRACT;SEASHELLS;5265;5
352300;;SUBMISSION;VELVETFRUIT_EXTRACT;SEASHELLS;5256;8
353600;SUBMISSION;;VELVETFRUIT_EXTRACT;SEASHELLS;5255;7
356500;;SUBMISSION;VELVETFRUIT_EXTRACT;SEASHELLS;5262;6
358300;SUBMISSION;;VELVETFRUIT_EXTRACT;SEASHELLS;5262;7
358400;;SUBMISSION;VELVETFRUIT_EXTRACT;SEASHELLS;5265;5
360000;;SUBMISSION;VELVETFRUIT_EXTRACT;SEASHELLS;5266;7
361300;;SUBMISSION;VELVETFRUIT_EXTRACT;SEASHELLS;5266;3
361600;SUBMISSION;;VELVETFRUIT_EXTRACT;SEASHELLS;5261;5
362500;SUBMISSION;;VELVETFRUIT_EXTRACT;SEASHELLS;5261;5
364700;SUBMISSION;;VELVETFRUIT_EXTRACT;SEASHELLS;5257;10
366500;;SUBMISSION;HYDROGEL_PACK;SEASHELLS;9996;2
372300;SUBMISSION;;VELVETFRUIT_EXTRACT;SEASHELLS;5251;6
373100;;SUBMISSION;VELVETFRUIT_EXTRACT;SEASHELLS;5255;6
382200;;SUBMISSION;VELVETFRUIT_EXTRACT;SEASHELLS;5252;5
383100;;SUBMISSION;VELVETFRUIT_EXTRACT;SEASHELLS;5253;6
385100;SUBMISSION;;VELVETFRUIT_EXTRACT;SEASHELLS;5245;9
386900;SUBMISSION;;VEV_5100;SEASHELLS;157;27
387000;SUBMISSION;;VEV_5100;SEASHELLS;156;24
387000;SUBMISSION;;VEV_5200;SEASHELLS;86;24
387100;SUBMISSION;;VEV_5100;SEASHELLS;156;30
387100;SUBMISSION;;VEV_5200;SEASHELLS;86;30
387200;SUBMISSION;;VEV_5100;SEASHELLS;157;30
387300;SUBMISSION;;VEV_5100;SEASHELLS;156;30
387300;SUBMISSION;;VEV_5200;SEASHELLS;86;30
387400;SUBMISSION;;VEV_5100;SEASHELLS;156;29
387400;SUBMISSION;;VEV_5200;SEASHELLS;86;29
387500;;SUBMISSION;HYDROGEL_PACK;SEASHELLS;9986;3
387500;SUBMISSION;;VEV_5100;SEASHELLS;156;9
387500;SUBMISSION;;VEV_5100;SEASHELLS;157;17
387500;SUBMISSION;;VEV_5200;SEASHELLS;86;9
387500;SUBMISSION;;VEV_5200;SEASHELLS;87;17
387600;SUBMISSION;;VEV_5100;SEASHELLS;157;30
387700;SUBMISSION;;VEV_5100;SEASHELLS;156;11
387700;SUBMISSION;;VEV_5100;SEASHELLS;157;16
387700;SUBMISSION;;VEV_5200;SEASHELLS;86;11
387700;SUBMISSION;;VEV_5200;SEASHELLS;87;16
387800;SUBMISSION;;VEV_5100;SEASHELLS;157;19
387900;SUBMISSION;;VEV_5100;SEASHELLS;156;29
387900;SUBMISSION;;VEV_5200;SEASHELLS;86;29
388000;SUBMISSION;;VEV_5000;SEASHELLS;246;24
388000;SUBMISSION;;VEV_5100;SEASHELLS;155;24
388000;SUBMISSION;;VEV_5200;SEASHELLS;85;10
388000;SUBMISSION;;VEV_5200;SEASHELLS;86;14
388100;SUBMISSION;;VEV_5100;SEASHELLS;156;30
388100;SUBMISSION;;VEV_5200;SEASHELLS;86;30
388200;SUBMISSION;;VEV_5100;SEASHELLS;156;13
388200;SUBMISSION;;VEV_5200;SEASHELLS;86;20
388300;SUBMISSION;;VEV_5000;SEASHELLS;246;11
388300;SUBMISSION;;VEV_5000;SEASHELLS;247;18
388300;SUBMISSION;;VEV_5200;SEASHELLS;86;26
388400;SUBMISSION;;VEV_5000;SEASHELLS;246;7
388400;SUBMISSION;;VEV_5000;SEASHELLS;247;19
388500;SUBMISSION;;VEV_5000;SEASHELLS;246;9
388500;SUBMISSION;;VEV_5000;SEASHELLS;247;19
388600;SUBMISSION;;VEV_5000;SEASHELLS;246;6
388600;SUBMISSION;;VEV_5000;SEASHELLS;247;16
388700;SUBMISSION;;VEV_5000;SEASHELLS;246;30
388800;SUBMISSION;;VELVETFRUIT_EXTRACT;SEASHELLS;5238;7
388800;SUBMISSION;;VELVETFRUIT_EXTRACT;SEASHELLS;5241;19
388800;SUBMISSION;;VELVETFRUIT_EXTRACT;SEASHELLS;5242;4
388800;SUBMISSION;;VEV_5000;SEASHELLS;246;30
388900;SUBMISSION;;VEV_5000;SEASHELLS;246;11
388900;SUBMISSION;;VEV_5000;SEASHELLS;247;13
389000;SUBMISSION;;VEV_4000;SEASHELLS;1239;2
389000;SUBMISSION;;VEV_4000;SEASHELLS;1249;13
389000;SUBMISSION;;VEV_4000;SEASHELLS;1252;15
389000;SUBMISSION;;VEV_4500;SEASHELLS;739;2
389000;SUBMISSION;;VEV_4500;SEASHELLS;747;11
389000;SUBMISSION;;VEV_4500;SEASHELLS;749;15
389000;SUBMISSION;;VEV_5000;SEASHELLS;243;2
389000;SUBMISSION;;VEV_5000;SEASHELLS;246;11
389000;SUBMISSION;;VEV_5000;SEASHELLS;247;15
389300;SUBMISSION;;VEV_5000;SEASHELLS;245;7
389300;SUBMISSION;;VEV_5000;SEASHELLS;246;23
389300;SUBMISSION;;VEV_5300;SEASHELLS;39;25
389400;SUBMISSION;;VELVETFRUIT_EXTRACT;SEASHELLS;5239;19
389400;SUBMISSION;;VELVETFRUIT_EXTRACT;SEASHELLS;5240;11
389400;SUBMISSION;;VEV_4000;SEASHELLS;1247;13
389400;SUBMISSION;;VEV_4000;SEASHELLS;1250;17
389400;SUBMISSION;;VEV_4500;SEASHELLS;745;11
389400;SUBMISSION;;VEV_4500;SEASHELLS;746;19
389400;SUBMISSION;;VEV_5000;SEASHELLS;244;11
389400;SUBMISSION;;VEV_5000;SEASHELLS;245;13
389400;SUBMISSION;;VEV_5300;SEASHELLS;39;19
389600;;SUBMISSION;VEV_4000;SEASHELLS;1248;3
389600;SUBMISSION;;VEV_5300;SEASHELLS;39;21
390300;SUBMISSION;;VEV_4000;SEASHELLS;1239;3
390300;SUBMISSION;;VEV_4000;SEASHELLS;1250;11
390300;SUBMISSION;;VEV_4000;SEASHELLS;1252;16
390300;SUBMISSION;;VEV_4500;SEASHELLS;739;3
390300;SUBMISSION;;VEV_4500;SEASHELLS;747;8
390300;SUBMISSION;;VEV_4500;SEASHELLS;749;17
391700;;SUBMISSION;HYDROGEL_PACK;SEASHELLS;9983;2
392400;;SUBMISSION;HYDROGEL_PACK;SEASHELLS;9985;5
394100;;SUBMISSION;HYDROGEL_PACK;SEASHELLS;9970;6
394300;;SUBMISSION;HYDROGEL_PACK;SEASHELLS;9966;5
397200;SUBMISSION;;VELVETFRUIT_EXTRACT;SEASHELLS;5239;30
397200;SUBMISSION;;VEV_4000;SEASHELLS;1246;12
397200;SUBMISSION;;VEV_4000;SEASHELLS;1249;18
397200;SUBMISSION;;VEV_4500;SEASHELLS;744;6
397200;SUBMISSION;;VEV_4500;SEASHELLS;746;19
397300;SUBMISSION;;VEV_4000;SEASHELLS;1246;15
397300;SUBMISSION;;VEV_4000;SEASHELLS;1249;15
397300;SUBMISSION;;VEV_4500;SEASHELLS;744;10
397300;SUBMISSION;;VEV_4500;SEASHELLS;746;12
397400;SUBMISSION;;VELVETFRUIT_EXTRACT;SEASHELLS;5237;30
397400;SUBMISSION;;VEV_4000;SEASHELLS;1244;13
397400;SUBMISSION;;VEV_4000;SEASHELLS;1247;17
397400;SUBMISSION;;VEV_4500;SEASHELLS;742;12
397400;SUBMISSION;;VEV_4500;SEASHELLS;744;13
397400;SUBMISSION;;VEV_5300;SEASHELLS;38;18
397500;SUBMISSION;;VELVETFRUIT_EXTRACT;SEASHELLS;5237;23
397500;SUBMISSION;;VELVETFRUIT_EXTRACT;SEASHELLS;5238;7
397500;SUBMISSION;;VEV_4000;SEASHELLS;1245;14
397500;SUBMISSION;;VEV_4000;SEASHELLS;1247;16
397500;SUBMISSION;;VEV_4500;SEASHELLS;742;10
397500;SUBMISSION;;VEV_4500;SEASHELLS;744;18
397500;SUBMISSION;;VEV_5300;SEASHELLS;38;20
397600;SUBMISSION;;VELVETFRUIT_EXTRACT;SEASHELLS;5234;22
397600;SUBMISSION;;VELVETFRUIT_EXTRACT;SEASHELLS;5235;8
397600;SUBMISSION;;VEV_4000;SEASHELLS;1242;15
397600;SUBMISSION;;VEV_4000;SEASHELLS;1244;15
397600;SUBMISSION;;VEV_4500;SEASHELLS;739;10
397600;SUBMISSION;;VEV_4500;SEASHELLS;741;16
397600;SUBMISSION;;VEV_5300;SEASHELLS;37;19
397600;SUBMISSION;;VEV_5500;SEASHELLS;4;6
397600;SUBMISSION;;VEV_5500;SEASHELLS;5;13
397700;SUBMISSION;;VELVETFRUIT_EXTRACT;SEASHELLS;5235;4
397700;SUBMISSION;;VEV_4000;SEASHELLS;1243;12
397700;SUBMISSION;;VEV_4000;SEASHELLS;1246;18
397700;SUBMISSION;;VEV_4500;SEASHELLS;741;8
397700;SUBMISSION;;VEV_4500;SEASHELLS;743;13
397700;SUBMISSION;;VEV_5300;SEASHELLS;38;20
397800;SUBMISSION;;VEV_4000;SEASHELLS;1243;13
397800;SUBMISSION;;VEV_4000;SEASHELLS;1246;12
397800;SUBMISSION;;VEV_4500;SEASHELLS;741;12
397800;SUBMISSION;;VEV_4500;SEASHELLS;743;18
397800;SUBMISSION;;VEV_5300;SEASHELLS;38;18
397900;SUBMISSION;;VEV_4500;SEASHELLS;743;11
397900;SUBMISSION;;VEV_4500;SEASHELLS;744;19
397900;SUBMISSION;;VEV_5300;SEASHELLS;38;26
398000;SUBMISSION;;VEV_4500;SEASHELLS;742;2
398000;SUBMISSION;;VEV_5300;SEASHELLS;38;27
398100;SUBMISSION;;VEV_5300;SEASHELLS;38;29
398200;SUBMISSION;;VEV_5300;SEASHELLS;37;2
398200;SUBMISSION;;VEV_5300;SEASHELLS;38;18
398300;SUBMISSION;;VEV_5300;SEASHELLS;38;21
398400;SUBMISSION;;VEV_5300;SEASHELLS;38;8
398700;SUBMISSION;;VEV_5500;SEASHELLS;4;7
398700;SUBMISSION;;VEV_5500;SEASHELLS;5;10
398800;SUBMISSION;;VEV_5500;SEASHELLS;4;22
401100;SUBMISSION;;VEV_5500;SEASHELLS;4;21
401200;SUBMISSION;;VEV_5500;SEASHELLS;4;22
401300;SUBMISSION;;VEV_5500;SEASHELLS;4;22
401400;SUBMISSION;;VEV_5500;SEASHELLS;4;24
401500;;SUBMISSION;VELVETFRUIT_EXTRACT;SEASHELLS;5228;7
401500;SUBMISSION;;VEV_5500;SEASHELLS;4;26
401600;SUBMISSION;;VELVETFRUIT_EXTRACT;SEASHELLS;5231;7
401600;SUBMISSION;;VEV_5500;SEASHELLS;4;26
401700;SUBMISSION;;VEV_5500;SEASHELLS;4;16
401800;SUBMISSION;;VEV_5500;SEASHELLS;4;18
401900;SUBMISSION;;VEV_5500;SEASHELLS;4;22
402000;SUBMISSION;;VEV_5500;SEASHELLS;4;24
402100;SUBMISSION;;VEV_5500;SEASHELLS;4;14
408000;;SUBMISSION;HYDROGEL_PACK;SEASHELLS;9986;3
409400;;SUBMISSION;HYDROGEL_PACK;SEASHELLS;9983;3
410100;;SUBMISSION;HYDROGEL_PACK;SEASHELLS;9984;6
413100;;SUBMISSION;HYDROGEL_PACK;SEASHELLS;9973;2
413500;;SUBMISSION;HYDROGEL_PACK;SEASHELLS;9970;5
415400;;SUBMISSION;HYDROGEL_PACK;SEASHELLS;9972;6
416600;;SUBMISSION;HYDROGEL_PACK;SEASHELLS;9978;4
420200;;SUBMISSION;HYDROGEL_PACK;SEASHELLS;9971;4
421400;;SUBMISSION;VELVETFRUIT_EXTRACT;SEASHELLS;5229;6
421500;SUBMISSION;;VELVETFRUIT_EXTRACT;SEASHELLS;5233;6
423800;;SUBMISSION;HYDROGEL_PACK;SEASHELLS;9965;3
424400;;SUBMISSION;VEV_4000;SEASHELLS;1239;2
424500;SUBMISSION;;VEV_4000;SEASHELLS;1244;2
424600;;SUBMISSION;VELVETFRUIT_EXTRACT;SEASHELLS;5231;6
424700;SUBMISSION;;VELVETFRUIT_EXTRACT;SEASHELLS;5235;6
425300;;SUBMISSION;VELVETFRUIT_EXTRACT;SEASHELLS;5234;3
426000;SUBMISSION;;VELVETFRUIT_EXTRACT;SEASHELLS;5237;3
427400;;SUBMISSION;VELVETFRUIT_EXTRACT;SEASHELLS;5237;5
428400;;SUBMISSION;VEV_4000;SEASHELLS;1243;1
428700;SUBMISSION;;VELVETFRUIT_EXTRACT;SEASHELLS;5237;5
428700;SUBMISSION;;VEV_4000;SEASHELLS;1244;1
429500;;SUBMISSION;HYDROGEL_PACK;SEASHELLS;9964;3
430200;;SUBMISSION;HYDROGEL_PACK;SEASHELLS;9971;4
430700;;SUBMISSION;HYDROGEL_PACK;SEASHELLS;9973;4
433900;;SUBMISSION;HYDROGEL_PACK;SEASHELLS;9967;4
434900;SUBMISSION;;VELVETFRUIT_EXTRACT;SEASHELLS;5237;5
436100;;SUBMISSION;VELVETFRUIT_EXTRACT;SEASHELLS;5238;5
438500;;SUBMISSION;VELVETFRUIT_EXTRACT;SEASHELLS;5237;6
438900;;SUBMISSION;VEV_4000;SEASHELLS;1244;3
442800;SUBMISSION;;VELVETFRUIT_EXTRACT;SEASHELLS;5234;6
443400;;SUBMISSION;HYDROGEL_PACK;SEASHELLS;9966;4
443600;SUBMISSION;;VEV_4000;SEASHELLS;1237;3
444200;;SUBMISSION;VELVETFRUIT_EXTRACT;SEASHELLS;5240;6
445300;;SUBMISSION;HYDROGEL_PACK;SEASHELLS;9971;2
448600;;SUBMISSION;VELVETFRUIT_EXTRACT;SEASHELLS;5248;7
448900;;SUBMISSION;VELVETFRUIT_EXTRACT;SEASHELLS;5246;9
449000;SUBMISSION;;HYDROGEL_PACK;SEASHELLS;9980;6
450900;;SUBMISSION;HYDROGEL_PACK;SEASHELLS;9985;6
452800;;SUBMISSION;HYDROGEL_PACK;SEASHELLS;9971;4
453000;;SUBMISSION;VELVETFRUIT_EXTRACT;SEASHELLS;5236;3
454700;;SUBMISSION;VEV_4000;SEASHELLS;1241;1
456200;SUBMISSION;;VEV_4000;SEASHELLS;1237;1
457600;;SUBMISSION;VELVETFRUIT_EXTRACT;SEASHELLS;5238;3
464700;;SUBMISSION;VELVETFRUIT_EXTRACT;SEASHELLS;5237;5
468600;;SUBMISSION;VELVETFRUIT_EXTRACT;SEASHELLS;5235;4
472900;;SUBMISSION;VELVETFRUIT_EXTRACT;SEASHELLS;5234;6
473000;;SUBMISSION;VELVETFRUIT_EXTRACT;SEASHELLS;5234;4
473800;;SUBMISSION;VELVETFRUIT_EXTRACT;SEASHELLS;5235;3
474000;;SUBMISSION;VELVETFRUIT_EXTRACT;SEASHELLS;5234;5
478900;;SUBMISSION;HYDROGEL_PACK;SEASHELLS;9993;3
480900;SUBMISSION;;HYDROGEL_PACK;SEASHELLS;9995;2
481400;SUBMISSION;;HYDROGEL_PACK;SEASHELLS;9997;2
482400;;SUBMISSION;HYDROGEL_PACK;SEASHELLS;10009;3
483400;;SUBMISSION;VELVETFRUIT_EXTRACT;SEASHELLS;5245;3
486200;;SUBMISSION;VELVETFRUIT_EXTRACT;SEASHELLS;5238;8
488600;;SUBMISSION;VEV_4000;SEASHELLS;1242;2
490600;;SUBMISSION;VEV_4000;SEASHELLS;1246;2
493000;SUBMISSION;;VELVETFRUIT_EXTRACT;SEASHELLS;5240;12
493000;;SUBMISSION;VELVETFRUIT_EXTRACT;SEASHELLS;5240;12
493800;;SUBMISSION;HYDROGEL_PACK;SEASHELLS;10017;6
494300;;SUBMISSION;VELVETFRUIT_EXTRACT;SEASHELLS;5240;6
495100;;SUBMISSION;VELVETFRUIT_EXTRACT;SEASHELLS;5245;8
495700;SUBMISSION;;HYDROGEL_PACK;SEASHELLS;9986;3
498500;SUBMISSION;;HYDROGEL_PACK;SEASHELLS;9978;4
499900;;SUBMISSION;VEV_4000;SEASHELLS;1251;3
500000;;SUBMISSION;VELVETFRUIT_EXTRACT;SEASHELLS;5245;3
501300;;SUBMISSION;VELVETFRUIT_EXTRACT;SEASHELLS;5244;7
501600;SUBMISSION;;HYDROGEL_PACK;SEASHELLS;9977;4
507400;SUBMISSION;;VELVETFRUIT_EXTRACT;SEASHELLS;5235;8
508800;SUBMISSION;;VEV_4000;SEASHELLS;1235;5
508800;SUBMISSION;;VEV_4000;SEASHELLS;1246;2
513600;;SUBMISSION;VELVETFRUIT_EXTRACT;SEASHELLS;5241;5
519800;;SUBMISSION;HYDROGEL_PACK;SEASHELLS;9979;6
521000;;SUBMISSION;VEV_4000;SEASHELLS;1252;1
521700;;SUBMISSION;VELVETFRUIT_EXTRACT;SEASHELLS;5243;8
524600;SUBMISSION;;HYDROGEL_PACK;SEASHELLS;9970;5
524600;SUBMISSION;;VELVETFRUIT_EXTRACT;SEASHELLS;5244;9
527300;;SUBMISSION;VELVETFRUIT_EXTRACT;SEASHELLS;5245;5
529800;;SUBMISSION;VELVETFRUIT_EXTRACT;SEASHELLS;5246;3
530600;;SUBMISSION;VELVETFRUIT_EXTRACT;SEASHELLS;5245;5
533300;;SUBMISSION;VELVETFRUIT_EXTRACT;SEASHELLS;5241;3
534900;;SUBMISSION;HYDROGEL_PACK;SEASHELLS;9973;3
536500;;SUBMISSION;VEV_4000;SEASHELLS;1247;2
538700;;SUBMISSION;VELVETFRUIT_EXTRACT;SEASHELLS;5244;5
540500;;SUBMISSION;HYDROGEL_PACK;SEASHELLS;9980;2
540600;;SUBMISSION;HYDROGEL_PACK;SEASHELLS;9978;2
541400;;SUBMISSION;VELVETFRUIT_EXTRACT;SEASHELLS;5241;8
543800;;SUBMISSION;HYDROGEL_PACK;SEASHELLS;9973;6
544400;;SUBMISSION;HYDROGEL_PACK;SEASHELLS;9974;6
544700;;SUBMISSION;VELVETFRUIT_EXTRACT;SEASHELLS;5240;8
545400;;SUBMISSION;VELVETFRUIT_EXTRACT;SEASHELLS;5238;7
545900;;SUBMISSION;VELVETFRUIT_EXTRACT;SEASHELLS;5236;5
548900;;SUBMISSION;VELVETFRUIT_EXTRACT;SEASHELLS;5238;7
553400;;SUBMISSION;HYDROGEL_PACK;SEASHELLS;9966;2
554600;;SUBMISSION;VEV_5300;SEASHELLS;38;5
555000;;SUBMISSION;VELVETFRUIT_EXTRACT;SEASHELLS;5244;3
556000;;SUBMISSION;HYDROGEL_PACK;SEASHELLS;9973;5
556100;;SUBMISSION;HYDROGEL_PACK;SEASHELLS;9973;5
558800;;SUBMISSION;VELVETFRUIT_EXTRACT;SEASHELLS;5239;8
558900;;SUBMISSION;VELVETFRUIT_EXTRACT;SEASHELLS;5240;7
561000;;SUBMISSION;HYDROGEL_PACK;SEASHELLS;9994;4
563700;;SUBMISSION;VEV_4000;SEASHELLS;1241;1
566300;;SUBMISSION;VELVETFRUIT_EXTRACT;SEASHELLS;5233;5
566600;SUBMISSION;;VEV_5300;SEASHELLS;35;5
566700;SUBMISSION;;VEV_4000;SEASHELLS;1231;2
566700;SUBMISSION;;VEV_4000;SEASHELLS;1241;2
567800;SUBMISSION;;VELVETFRUIT_EXTRACT;SEASHELLS;5229;10
567800;SUBMISSION;;VELVETFRUIT_EXTRACT;SEASHELLS;5232;20
568000;SUBMISSION;;VELVETFRUIT_EXTRACT;SEASHELLS;5229;22
568000;SUBMISSION;;VELVETFRUIT_EXTRACT;SEASHELLS;5230;8
568100;SUBMISSION;;VELVETFRUIT_EXTRACT;SEASHELLS;5229;17
568100;SUBMISSION;;VELVETFRUIT_EXTRACT;SEASHELLS;5230;13
568200;SUBMISSION;;VELVETFRUIT_EXTRACT;SEASHELLS;5229;22
568200;SUBMISSION;;VELVETFRUIT_EXTRACT;SEASHELLS;5230;8
568300;SUBMISSION;;VELVETFRUIT_EXTRACT;SEASHELLS;5229;30
568400;SUBMISSION;;VELVETFRUIT_EXTRACT;SEASHELLS;5230;15
568500;SUBMISSION;;HYDROGEL_PACK;SEASHELLS;9973;2
568900;SUBMISSION;;VELVETFRUIT_EXTRACT;SEASHELLS;5228;5
573700;;SUBMISSION;VELVETFRUIT_EXTRACT;SEASHELLS;5233;3
573800;;SUBMISSION;HYDROGEL_PACK;SEASHELLS;9986;3
574200;;SUBMISSION;HYDROGEL_PACK;SEASHELLS;9985;6
576700;;SUBMISSION;HYDROGEL_PACK;SEASHELLS;9997;5
578300;;SUBMISSION;HYDROGEL_PACK;SEASHELLS;9990;6
581600;;SUBMISSION;HYDROGEL_PACK;SEASHELLS;9999;2
582600;SUBMISSION;;HYDROGEL_PACK;SEASHELLS;9981;4
587200;;SUBMISSION;VELVETFRUIT_EXTRACT;SEASHELLS;5210;6
587300;SUBMISSION;;VELVETFRUIT_EXTRACT;SEASHELLS;5215;4
587700;;SUBMISSION;HYDROGEL_PACK;SEASHELLS;10012;4
588400;;SUBMISSION;HYDROGEL_PACK;SEASHELLS;10014;6
588400;;SUBMISSION;VELVETFRUIT_EXTRACT;SEASHELLS;5213;5
588500;SUBMISSION;;VELVETFRUIT_EXTRACT;SEASHELLS;5217;5
588800;;SUBMISSION;HYDROGEL_PACK;SEASHELLS;10015;2
589300;SUBMISSION;;HYDROGEL_PACK;SEASHELLS;10002;3
590700;;SUBMISSION;VEV_4000;SEASHELLS;1220;1
590800;SUBMISSION;;VEV_4000;SEASHELLS;1224;1
592000;;SUBMISSION;VELVETFRUIT_EXTRACT;SEASHELLS;5219;6
592100;SUBMISSION;;VELVETFRUIT_EXTRACT;SEASHELLS;5223;6
592200;;SUBMISSION;HYDROGEL_PACK;SEASHELLS;10018;4
596100;SUBMISSION;;HYDROGEL_PACK;SEASHELLS;10003;3
596600;;SUBMISSION;HYDROGEL_PACK;SEASHELLS;10011;6
597500;;SUBMISSION;HYDROGEL_PACK;SEASHELLS;10014;4
600300;;SUBMISSION;VEV_4000;SEASHELLS;1249;2
601600;SUBMISSION;;HYDROGEL_PACK;SEASHELLS;10014;6
603200;;SUBMISSION;HYDROGEL_PACK;SEASHELLS;10023;12
603200;;SUBMISSION;HYDROGEL_PACK;SEASHELLS;10020;18
603300;;SUBMISSION;HYDROGEL_PACK;SEASHELLS;10021;11
603300;;SUBMISSION;HYDROGEL_PACK;SEASHELLS;10018;19
603400;;SUBMISSION;HYDROGEL_PACK;SEASHELLS;10021;13
603400;;SUBMISSION;HYDROGEL_PACK;SEASHELLS;10019;17
603700;;SUBMISSION;HYDROGEL_PACK;SEASHELLS;10023;14
603700;;SUBMISSION;HYDROGEL_PACK;SEASHELLS;10020;16
603700;SUBMISSION;;VELVETFRUIT_EXTRACT;SEASHELLS;5244;5
603800;;SUBMISSION;HYDROGEL_PACK;SEASHELLS;10024;12
603800;;SUBMISSION;HYDROGEL_PACK;SEASHELLS;10021;18
603900;;SUBMISSION;HYDROGEL_PACK;SEASHELLS;10023;14
603900;;SUBMISSION;HYDROGEL_PACK;SEASHELLS;10021;16
604000;;SUBMISSION;HYDROGEL_PACK;SEASHELLS;10022;15
604000;;SUBMISSION;HYDROGEL_PACK;SEASHELLS;10020;3
604500;;SUBMISSION;VELVETFRUIT_EXTRACT;SEASHELLS;5241;7
607400;;SUBMISSION;VEV_4000;SEASHELLS;1254;2
608800;;SUBMISSION;VELVETFRUIT_EXTRACT;SEASHELLS;5251;3
608900;SUBMISSION;;HYDROGEL_PACK;SEASHELLS;10037;2
609000;;SUBMISSION;HYDROGEL_PACK;SEASHELLS;10028;2
610900;SUBMISSION;;HYDROGEL_PACK;SEASHELLS;10034;5
611000;;SUBMISSION;HYDROGEL_PACK;SEASHELLS;10026;5
611300;;SUBMISSION;VELVETFRUIT_EXTRACT;SEASHELLS;5243;6
614100;;SUBMISSION;VELVETFRUIT_EXTRACT;SEASHELLS;5243;10
616700;;SUBMISSION;VELVETFRUIT_EXTRACT;SEASHELLS;5233;4
617200;;SUBMISSION;VELVETFRUIT_EXTRACT;SEASHELLS;5233;6
620000;SUBMISSION;;HYDROGEL_PACK;SEASHELLS;10016;5
620800;;SUBMISSION;VELVETFRUIT_EXTRACT;SEASHELLS;5230;4
621800;SUBMISSION;;VELVETFRUIT_EXTRACT;SEASHELLS;5229;30
621800;SUBMISSION;;VEV_4000;SEASHELLS;1237;4
625200;;SUBMISSION;HYDROGEL_PACK;SEASHELLS;10023;5
625900;;SUBMISSION;VEV_4000;SEASHELLS;1248;2
626300;;SUBMISSION;VELVETFRUIT_EXTRACT;SEASHELLS;5244;5
627100;;SUBMISSION;VEV_4000;SEASHELLS;1249;3
627400;;SUBMISSION;VELVETFRUIT_EXTRACT;SEASHELLS;5242;7
630700;SUBMISSION;;HYDROGEL_PACK;SEASHELLS;10016;3
630800;SUBMISSION;;VELVETFRUIT_EXTRACT;SEASHELLS;5242;13
631400;SUBMISSION;;HYDROGEL_PACK;SEASHELLS;10008;3
634400;;SUBMISSION;VELVETFRUIT_EXTRACT;SEASHELLS;5240;5
637900;;SUBMISSION;VEV_4000;SEASHELLS;1251;3
638600;SUBMISSION;;VELVETFRUIT_EXTRACT;SEASHELLS;5246;8
640000;SUBMISSION;;HYDROGEL_PACK;SEASHELLS;10007;2
641500;;SUBMISSION;VELVETFRUIT_EXTRACT;SEASHELLS;5244;5
643300;;SUBMISSION;VEV_4000;SEASHELLS;1247;1
645000;SUBMISSION;;HYDROGEL_PACK;SEASHELLS;10022;4
645700;;SUBMISSION;HYDROGEL_PACK;SEASHELLS;10027;12
650000;SUBMISSION;;HYDROGEL_PACK;SEASHELLS;10035;4
650100;;SUBMISSION;HYDROGEL_PACK;SEASHELLS;10033;4
650200;;SUBMISSION;VELVETFRUIT_EXTRACT;SEASHELLS;5242;6
650600;;SUBMISSION;VELVETFRUIT_EXTRACT;SEASHELLS;5243;8
651300;;SUBMISSION;VELVETFRUIT_EXTRACT;SEASHELLS;5243;8
653800;;SUBMISSION;VELVETFRUIT_EXTRACT;SEASHELLS;5248;5
655500;SUBMISSION;;HYDROGEL_PACK;SEASHELLS;10030;3
655600;;SUBMISSION;HYDROGEL_PACK;SEASHELLS;10026;3
656600;;SUBMISSION;VELVETFRUIT_EXTRACT;SEASHELLS;5252;8
658100;;SUBMISSION;VEV_4000;SEASHELLS;1258;3
661900;SUBMISSION;;HYDROGEL_PACK;SEASHELLS;10031;6
662100;;SUBMISSION;HYDROGEL_PACK;SEASHELLS;10025;6
662600;;SUBMISSION;VELVETFRUIT_EXTRACT;SEASHELLS;5247;6
663000;SUBMISSION;;HYDROGEL_PACK;SEASHELLS;10032;2
663200;;SUBMISSION;HYDROGEL_PACK;SEASHELLS;10026;2
667800;;SUBMISSION;VELVETFRUIT_EXTRACT;SEASHELLS;5258;5
669900;;SUBMISSION;VEV_4000;SEASHELLS;1270;3
672600;;SUBMISSION;VELVETFRUIT_EXTRACT;SEASHELLS;5267;3
672800;;SUBMISSION;VELVETFRUIT_EXTRACT;SEASHELLS;5270;10
673600;;SUBMISSION;VELVETFRUIT_EXTRACT;SEASHELLS;5271;6
675600;;SUBMISSION;VELVETFRUIT_EXTRACT;SEASHELLS;5269;7
676600;;SUBMISSION;VEV_4000;SEASHELLS;1274;2
679000;;SUBMISSION;VELVETFRUIT_EXTRACT;SEASHELLS;5272;5
681300;;SUBMISSION;VEV_4000;SEASHELLS;1278;2
681300;;SUBMISSION;VEV_4000;SEASHELLS;1267;11
681300;;SUBMISSION;VEV_4000;SEASHELLS;1265;15
682200;;SUBMISSION;VEV_5000;SEASHELLS;280;7
682200;;SUBMISSION;VEV_5000;SEASHELLS;279;21
682200;;SUBMISSION;VEV_5100;SEASHELLS;187;7
682200;;SUBMISSION;VEV_5100;SEASHELLS;186;21
682300;;SUBMISSION;VEV_5100;SEASHELLS;186;9
682300;;SUBMISSION;VEV_5100;SEASHELLS;185;13
682700;;SUBMISSION;VEV_5100;SEASHELLS;186;6
682700;;SUBMISSION;VEV_5100;SEASHELLS;185;17
682800;;SUBMISSION;VELVETFRUIT_EXTRACT;SEASHELLS;5280;6
682800;;SUBMISSION;VEV_5100;SEASHELLS;186;19
682900;;SUBMISSION;VEV_5100;SEASHELLS;186;11
682900;;SUBMISSION;VEV_5100;SEASHELLS;185;19
683000;;SUBMISSION;VEV_5100;SEASHELLS;186;30
683100;;SUBMISSION;VEV_5100;SEASHELLS;186;30
683300;;SUBMISSION;VEV_5100;SEASHELLS;186;25
683400;;SUBMISSION;VEV_5100;SEASHELLS;186;11
683400;;SUBMISSION;VEV_5100;SEASHELLS;185;18
683500;;SUBMISSION;VEV_5100;SEASHELLS;186;6
683500;;SUBMISSION;VEV_5100;SEASHELLS;185;23
683600;;SUBMISSION;VEV_5100;SEASHELLS;187;8
683600;;SUBMISSION;VEV_5100;SEASHELLS;186;22
683700;;SUBMISSION;VEV_5000;SEASHELLS;280;7
683700;;SUBMISSION;VEV_5000;SEASHELLS;279;12
683700;;SUBMISSION;VEV_5100;SEASHELLS;187;19
683800;;SUBMISSION;VEV_5100;SEASHELLS;186;23
683900;;SUBMISSION;VELVETFRUIT_EXTRACT;SEASHELLS;5280;3
683900;;SUBMISSION;VEV_5100;SEASHELLS;186;7
683900;;SUBMISSION;VEV_5100;SEASHELLS;185;23
684000;;SUBMISSION;VEV_5100;SEASHELLS;186;24
684100;;SUBMISSION;VEV_5000;SEASHELLS;280;12
684100;;SUBMISSION;VEV_5000;SEASHELLS;279;15
684100;;SUBMISSION;VEV_5100;SEASHELLS;187;12
684100;;SUBMISSION;VEV_5100;SEASHELLS;186;15
686100;SUBMISSION;;HYDROGEL_PACK;SEASHELLS;10001;6
687700;;SUBMISSION;VELVETFRUIT_EXTRACT;SEASHELLS;5270;5
689700;SUBMISSION;;HYDROGEL_PACK;SEASHELLS;10002;5
690600;;SUBMISSION;VELVETFRUIT_EXTRACT;SEASHELLS;5272;5
690800;SUBMISSION;;HYDROGEL_PACK;SEASHELLS;9996;5
691600;SUBMISSION;;HYDROGEL_PACK;SEASHELLS;9996;5
692000;;SUBMISSION;VEV_4000;SEASHELLS;1277;1
692100;;SUBMISSION;VELVETFRUIT_EXTRACT;SEASHELLS;5269;8
693900;;SUBMISSION;VELVETFRUIT_EXTRACT;SEASHELLS;5269;3
694400;;SUBMISSION;VELVETFRUIT_EXTRACT;SEASHELLS;5269;3
695900;SUBMISSION;;VELVETFRUIT_EXTRACT;SEASHELLS;5266;11
698800;SUBMISSION;;HYDROGEL_PACK;SEASHELLS;10005;2
700500;;SUBMISSION;VELVETFRUIT_EXTRACT;SEASHELLS;5263;10
702100;;SUBMISSION;VELVETFRUIT_EXTRACT;SEASHELLS;5263;5
704600;;SUBMISSION;VELVETFRUIT_EXTRACT;SEASHELLS;5263;8
705100;;SUBMISSION;VELVETFRUIT_EXTRACT;SEASHELLS;5265;7
707900;SUBMISSION;;HYDROGEL_PACK;SEASHELLS;10027;6
711000;;SUBMISSION;HYDROGEL_PACK;SEASHELLS;10031;10
711000;;SUBMISSION;HYDROGEL_PACK;SEASHELLS;10028;19
713000;;SUBMISSION;VELVETFRUIT_EXTRACT;SEASHELLS;5253;8
715300;SUBMISSION;;VELVETFRUIT_EXTRACT;SEASHELLS;5244;8
715300;;SUBMISSION;VELVETFRUIT_EXTRACT;SEASHELLS;5244;8
715500;SUBMISSION;;HYDROGEL_PACK;SEASHELLS;10041;6
715600;;SUBMISSION;HYDROGEL_PACK;SEASHELLS;10039;6
716900;SUBMISSION;;HYDROGEL_PACK;SEASHELLS;10033;3
717300;SUBMISSION;;VELVETFRUIT_EXTRACT;SEASHELLS;5244;12
717300;;SUBMISSION;VELVETFRUIT_EXTRACT;SEASHELLS;5244;12
717400;;SUBMISSION;HYDROGEL_PACK;SEASHELLS;10030;3
719000;SUBMISSION;;HYDROGEL_PACK;SEASHELLS;10038;5
719100;;SUBMISSION;HYDROGEL_PACK;SEASHELLS;10032;5
720500;SUBMISSION;;VELVETFRUIT_EXTRACT;SEASHELLS;5237;11
720500;;SUBMISSION;VELVETFRUIT_EXTRACT;SEASHELLS;5237;11
722300;;SUBMISSION;VELVETFRUIT_EXTRACT;SEASHELLS;5240;4
726300;SUBMISSION;;VEV_5100;SEASHELLS;148;20
726400;SUBMISSION;;VEV_5100;SEASHELLS;147;11
726400;SUBMISSION;;VEV_5100;SEASHELLS;148;12
726500;SUBMISSION;;VEV_5100;SEASHELLS;148;27
726600;SUBMISSION;;VEV_4000;SEASHELLS;1229;2
726600;SUBMISSION;;VEV_4000;SEASHELLS;1240;10
726600;SUBMISSION;;VEV_4000;SEASHELLS;1243;18
726600;SUBMISSION;;VEV_5000;SEASHELLS;234;2
726600;SUBMISSION;;VEV_5000;SEASHELLS;237;10
726600;SUBMISSION;;VEV_5000;SEASHELLS;238;18
726600;SUBMISSION;;VEV_5100;SEASHELLS;145;2
726600;SUBMISSION;;VEV_5100;SEASHELLS;147;28
726700;SUBMISSION;;VEV_5100;SEASHELLS;147;29
726800;SUBMISSION;;VEV_5100;SEASHELLS;148;21
726900;SUBMISSION;;VEV_5100;SEASHELLS;148;21
727000;SUBMISSION;;VEV_5100;SEASHELLS;148;18
727100;SUBMISSION;;VEV_5100;SEASHELLS;148;21
727200;SUBMISSION;;VEV_5100;SEASHELLS;148;10
727200;SUBMISSION;;VEV_5100;SEASHELLS;149;19
727400;SUBMISSION;;VEV_5100;SEASHELLS;148;23
727800;SUBMISSION;;VEV_5100;SEASHELLS;148;25
728500;SUBMISSION;;VEV_5100;SEASHELLS;148;7
728500;SUBMISSION;;VEV_5100;SEASHELLS;149;15
728900;SUBMISSION;;VEV_5000;SEASHELLS;236;6
728900;SUBMISSION;;VEV_5000;SEASHELLS;237;20
728900;SUBMISSION;;VEV_5100;SEASHELLS;146;6
728900;SUBMISSION;;VEV_5100;SEASHELLS;147;20
729000;SUBMISSION;;VEV_5100;SEASHELLS;148;30
729100;SUBMISSION;;VEV_5100;SEASHELLS;148;11
729100;SUBMISSION;;VEV_5100;SEASHELLS;149;13
729400;SUBMISSION;;VEV_5100;SEASHELLS;147;29
729500;SUBMISSION;;VEV_5000;SEASHELLS;234;12
729500;SUBMISSION;;VEV_5000;SEASHELLS;235;6
729600;SUBMISSION;;VELVETFRUIT_EXTRACT;SEASHELLS;5229;20
729600;SUBMISSION;;VELVETFRUIT_EXTRACT;SEASHELLS;5230;10
729600;SUBMISSION;;VEV_4000;SEASHELLS;1237;9
729600;SUBMISSION;;VEV_4000;SEASHELLS;1239;7
729800;SUBMISSION;;VELVETFRUIT_EXTRACT;SEASHELLS;5229;30
729900;SUBMISSION;;VELVETFRUIT_EXTRACT;SEASHELLS;5227;16
729900;SUBMISSION;;VELVETFRUIT_EXTRACT;SEASHELLS;5228;14
730000;SUBMISSION;;VELVETFRUIT_EXTRACT;SEASHELLS;5227;15
730000;SUBMISSION;;VELVETFRUIT_EXTRACT;SEASHELLS;5228;15
730100;SUBMISSION;;VELVETFRUIT_EXTRACT;SEASHELLS;5228;18
730100;SUBMISSION;;VELVETFRUIT_EXTRACT;SEASHELLS;5229;9
736100;;SUBMISSION;VEV_4000;SEASHELLS;1234;1
736200;SUBMISSION;;HYDROGEL_PACK;SEASHELLS;10010;6
736400;SUBMISSION;;VEV_4000;SEASHELLS;1236;1
737500;;SUBMISSION;VELVETFRUIT_EXTRACT;SEASHELLS;5222;3
737600;SUBMISSION;;VELVETFRUIT_EXTRACT;SEASHELLS;5227;3
739000;SUBMISSION;;HYDROGEL_PACK;SEASHELLS;10002;4
739600;;SUBMISSION;VEV_4000;SEASHELLS;1222;3
739700;SUBMISSION;;VEV_4000;SEASHELLS;1227;3
739900;;SUBMISSION;VELVETFRUIT_EXTRACT;SEASHELLS;5213;4
740000;SUBMISSION;;HYDROGEL_PACK;SEASHELLS;10007;4
740000;SUBMISSION;;VELVETFRUIT_EXTRACT;SEASHELLS;5216;4
740200;SUBMISSION;;VEV_5400;SEASHELLS;7;7
740200;SUBMISSION;;VEV_5400;SEASHELLS;8;10
740300;;SUBMISSION;VELVETFRUIT_EXTRACT;SEASHELLS;5215;7
740400;SUBMISSION;;VELVETFRUIT_EXTRACT;SEASHELLS;5216;7
740500;SUBMISSION;;VEV_5400;SEASHELLS;7;27
740600;SUBMISSION;;VEV_5400;SEASHELLS;7;22
740700;SUBMISSION;;VEV_5400;SEASHELLS;7;24
740800;SUBMISSION;;VEV_5400;SEASHELLS;7;22
740900;SUBMISSION;;VEV_5400;SEASHELLS;7;16
741000;SUBMISSION;;VEV_5400;SEASHELLS;7;22
741100;SUBMISSION;;VEV_5400;SEASHELLS;7;22
742500;SUBMISSION;;VEV_5400;SEASHELLS;7;24
743300;SUBMISSION;;VEV_5400;SEASHELLS;7;26
743400;SUBMISSION;;VEV_5400;SEASHELLS;7;8
743400;SUBMISSION;;VEV_5400;SEASHELLS;8;13
743500;SUBMISSION;;HYDROGEL_PACK;SEASHELLS;10009;5
743500;SUBMISSION;;VEV_5400;SEASHELLS;7;23
743600;SUBMISSION;;VEV_5400;SEASHELLS;7;19
743700;SUBMISSION;;VEV_5400;SEASHELLS;7;6
744200;;SUBMISSION;VELVETFRUIT_EXTRACT;SEASHELLS;5207;8
744300;SUBMISSION;;VELVETFRUIT_EXTRACT;SEASHELLS;5211;8
746900;;SUBMISSION;VEV_4000;SEASHELLS;1216;1
747000;SUBMISSION;;VEV_4000;SEASHELLS;1221;1
747700;SUBMISSION;;HYDROGEL_PACK;SEASHELLS;9994;3
752300;;SUBMISSION;VEV_4000;SEASHELLS;1225;2
752400;SUBMISSION;;VEV_4000;SEASHELLS;1231;2
752500;SUBMISSION;;HYDROGEL_PACK;SEASHELLS;10002;5
755000;SUBMISSION;;HYDROGEL_PACK;SEASHELLS;10007;4
757200;;SUBMISSION;VEV_4000;SEASHELLS;1225;2
757300;SUBMISSION;;VEV_4000;SEASHELLS;1230;2
759500;SUBMISSION;;HYDROGEL_PACK;SEASHELLS;10020;2
762200;;SUBMISSION;VEV_4000;SEASHELLS;1231;2
762300;;SUBMISSION;HYDROGEL_PACK;SEASHELLS;10031;13
762300;;SUBMISSION;HYDROGEL_PACK;SEASHELLS;10028;17
762400;;SUBMISSION;HYDROGEL_PACK;SEASHELLS;10035;3
762800;;SUBMISSION;VELVETFRUIT_EXTRACT;SEASHELLS;5227;6
763300;SUBMISSION;;VELVETFRUIT_EXTRACT;SEASHELLS;5227;6
763300;SUBMISSION;;VEV_4000;SEASHELLS;1234;2
766000;;SUBMISSION;VELVETFRUIT_EXTRACT;SEASHELLS;5224;4
766500;SUBMISSION;;HYDROGEL_PACK;SEASHELLS;10044;4
766600;;SUBMISSION;HYDROGEL_PACK;SEASHELLS;10039;4
771800;;SUBMISSION;VELVETFRUIT_EXTRACT;SEASHELLS;5232;6
774200;;SUBMISSION;VEV_4000;SEASHELLS;1238;2
775300;SUBMISSION;;HYDROGEL_PACK;SEASHELLS;10034;4
775500;;SUBMISSION;VELVETFRUIT_EXTRACT;SEASHELLS;5238;7
775800;;SUBMISSION;HYDROGEL_PACK;SEASHELLS;10032;4
777200;;SUBMISSION;VELVETFRUIT_EXTRACT;SEASHELLS;5237;10
779700;;SUBMISSION;VELVETFRUIT_EXTRACT;SEASHELLS;5242;4
781100;;SUBMISSION;VELVETFRUIT_EXTRACT;SEASHELLS;5237;7
784000;SUBMISSION;;HYDROGEL_PACK;SEASHELLS;10020;6
787000;;SUBMISSION;VELVETFRUIT_EXTRACT;SEASHELLS;5247;6
787400;SUBMISSION;;HYDROGEL_PACK;SEASHELLS;10018;5
793900;;SUBMISSION;VELVETFRUIT_EXTRACT;SEASHELLS;5242;5
795400;SUBMISSION;;HYDROGEL_PACK;SEASHELLS;9984;6
796100;;SUBMISSION;VELVETFRUIT_EXTRACT;SEASHELLS;5241;5
796600;;SUBMISSION;VELVETFRUIT_EXTRACT;SEASHELLS;5240;7
798800;SUBMISSION;;VELVETFRUIT_EXTRACT;SEASHELLS;5241;12
798800;;SUBMISSION;VELVETFRUIT_EXTRACT;SEASHELLS;5241;12
798900;;SUBMISSION;VELVETFRUIT_EXTRACT;SEASHELLS;5241;8
800000;;SUBMISSION;VEV_4000;SEASHELLS;1255;1
803000;;SUBMISSION;VELVETFRUIT_EXTRACT;SEASHELLS;5253;3
805000;;SUBMISSION;VELVETFRUIT_EXTRACT;SEASHELLS;5256;3
807300;;SUBMISSION;VELVETFRUIT_EXTRACT;SEASHELLS;5260;6
810000;;SUBMISSION;VELVETFRUIT_EXTRACT;SEASHELLS;5254;5
812600;;SUBMISSION;VELVETFRUIT_EXTRACT;SEASHELLS;5248;5
812700;SUBMISSION;;HYDROGEL_PACK;SEASHELLS;10010;3
815900;;SUBMISSION;VELVETFRUIT_EXTRACT;SEASHELLS;5243;3
816800;;SUBMISSION;VEV_4000;SEASHELLS;1248;3
822500;;SUBMISSION;VELVETFRUIT_EXTRACT;SEASHELLS;5252;5
823500;;SUBMISSION;VELVETFRUIT_EXTRACT;SEASHELLS;5251;8
824000;SUBMISSION;;HYDROGEL_PACK;SEASHELLS;10033;4
825200;;SUBMISSION;VELVETFRUIT_EXTRACT;SEASHELLS;5253;4
825500;;SUBMISSION;VEV_4000;SEASHELLS;1261;3
825600;;SUBMISSION;VELVETFRUIT_EXTRACT;SEASHELLS;5257;6
825700;;SUBMISSION;VELVETFRUIT_EXTRACT;SEASHELLS;5257;6
827000;SUBMISSION;;HYDROGEL_PACK;SEASHELLS;10030;5
827300;;SUBMISSION;VEV_4000;SEASHELLS;1259;2
827900;;SUBMISSION;VELVETFRUIT_EXTRACT;SEASHELLS;5254;3
828400;;SUBMISSION;VELVETFRUIT_EXTRACT;SEASHELLS;5256;3
829800;;SUBMISSION;VELVETFRUIT_EXTRACT;SEASHELLS;5252;7
830500;SUBMISSION;;VELVETFRUIT_EXTRACT;SEASHELLS;5252;11
830600;SUBMISSION;;HYDROGEL_PACK;SEASHELLS;10030;3
831300;;SUBMISSION;VELVETFRUIT_EXTRACT;SEASHELLS;5255;3
833300;;SUBMISSION;VEV_4000;SEASHELLS;1260;2
833700;;SUBMISSION;VELVETFRUIT_EXTRACT;SEASHELLS;5256;5
834000;SUBMISSION;;HYDROGEL_PACK;SEASHELLS;10023;4
842800;SUBMISSION;;HYDROGEL_PACK;SEASHELLS;10012;6
844300;;SUBMISSION;VELVETFRUIT_EXTRACT;SEASHELLS;5260;7
848300;;SUBMISSION;VELVETFRUIT_EXTRACT;SEASHELLS;5258;7
849400;SUBMISSION;;HYDROGEL_PACK;SEASHELLS;10000;6
856600;SUBMISSION;;HYDROGEL_PACK;SEASHELLS;10006;2
861800;SUBMISSION;;HYDROGEL_PACK;SEASHELLS;10001;6
863300;SUBMISSION;;HYDROGEL_PACK;SEASHELLS;9995;5
864200;SUBMISSION;;HYDROGEL_PACK;SEASHELLS;9994;3
867500;SUBMISSION;;HYDROGEL_PACK;SEASHELLS;9996;6
869900;SUBMISSION;;HYDROGEL_PACK;SEASHELLS;9991;2
872400;SUBMISSION;;VELVETFRUIT_EXTRACT;SEASHELLS;5248;15
872400;;SUBMISSION;VELVETFRUIT_EXTRACT;SEASHELLS;5248;15
873800;SUBMISSION;;VELVETFRUIT_EXTRACT;SEASHELLS;5245;14
875900;;SUBMISSION;VEV_4000;SEASHELLS;1254;1
876900;SUBMISSION;;HYDROGEL_PACK;SEASHELLS;9981;5
881200;;SUBMISSION;VELVETFRUIT_EXTRACT;SEASHELLS;5251;4
886000;;SUBMISSION;VELVETFRUIT_EXTRACT;SEASHELLS;5263;3
887000;;SUBMISSION;VELVETFRUIT_EXTRACT;SEASHELLS;5266;4
891400;;SUBMISSION;VELVETFRUIT_EXTRACT;SEASHELLS;5266;4
891600;SUBMISSION;;HYDROGEL_PACK;SEASHELLS;9980;6
891800;;SUBMISSION;VELVETFRUIT_EXTRACT;SEASHELLS;5270;7
892900;;SUBMISSION;VELVETFRUIT_EXTRACT;SEASHELLS;5273;5
894800;;SUBMISSION;VEV_4000;SEASHELLS;1277;2
898100;;SUBMISSION;VEV_5100;SEASHELLS;185;12
898100;;SUBMISSION;VEV_5100;SEASHELLS;184;18
898300;;SUBMISSION;VEV_5000;SEASHELLS;278;30
898300;;SUBMISSION;VEV_5100;SEASHELLS;186;9
898300;;SUBMISSION;VEV_5100;SEASHELLS;185;21
898400;;SUBMISSION;VELVETFRUIT_EXTRACT;SEASHELLS;5279;24
898400;;SUBMISSION;VELVETFRUIT_EXTRACT;SEASHELLS;5278;6
898400;;SUBMISSION;VEV_4000;SEASHELLS;1271;14
898400;;SUBMISSION;VEV_4000;SEASHELLS;1268;16
898400;;SUBMISSION;VEV_4500;SEASHELLS;773;10
898400;;SUBMISSION;VEV_4500;SEASHELLS;771;14
898400;;SUBMISSION;VEV_5000;SEASHELLS;280;10
898400;;SUBMISSION;VEV_5000;SEASHELLS;279;14
898400;;SUBMISSION;VEV_5100;SEASHELLS;187;10
898400;;SUBMISSION;VEV_5100;SEASHELLS;186;14
898500;;SUBMISSION;VELVETFRUIT_EXTRACT;SEASHELLS;5279;30
898500;;SUBMISSION;VEV_4000;SEASHELLS;1271;12
898500;;SUBMISSION;VEV_4000;SEASHELLS;1268;15
898500;;SUBMISSION;VEV_4500;SEASHELLS;773;11
898500;;SUBMISSION;VEV_4500;SEASHELLS;771;19
898500;;SUBMISSION;VEV_5000;SEASHELLS;280;11
898500;;SUBMISSION;VEV_5000;SEASHELLS;279;19
898500;;SUBMISSION;VEV_5100;SEASHELLS;187;30
898600;;SUBMISSION;VEV_5100;SEASHELLS;186;30
898700;;SUBMISSION;VELVETFRUIT_EXTRACT;SEASHELLS;5279;16
898700;;SUBMISSION;VELVETFRUIT_EXTRACT;SEASHELLS;5278;14
898700;;SUBMISSION;VEV_4000;SEASHELLS;1270;11
898700;;SUBMISSION;VEV_4000;SEASHELLS;1268;18
898700;;SUBMISSION;VEV_4500;SEASHELLS;773;7
898700;;SUBMISSION;VEV_4500;SEASHELLS;771;16
898700;;SUBMISSION;VEV_5000;SEASHELLS;280;7
898700;;SUBMISSION;VEV_5000;SEASHELLS;279;16
898700;;SUBMISSION;VEV_5100;SEASHELLS;187;7
898700;;SUBMISSION;VEV_5100;SEASHELLS;186;16
898800;;SUBMISSION;VEV_5000;SEASHELLS;279;7
898800;;SUBMISSION;VEV_5000;SEASHELLS;278;13
898800;;SUBMISSION;VEV_5100;SEASHELLS;186;7
898800;;SUBMISSION;VEV_5100;SEASHELLS;185;13
898900;;SUBMISSION;VELVETFRUIT_EXTRACT;SEASHELLS;5278;30
898900;;SUBMISSION;VEV_4000;SEASHELLS;1270;13
898900;;SUBMISSION;VEV_4000;SEASHELLS;1268;17
898900;;SUBMISSION;VEV_4500;SEASHELLS;773;12
898900;;SUBMISSION;VEV_4500;SEASHELLS;771;18
898900;;SUBMISSION;VEV_5000;SEASHELLS;279;30
898900;;SUBMISSION;VEV_5100;SEASHELLS;187;12
898900;;SUBMISSION;VEV_5100;SEASHELLS;186;18
899000;;SUBMISSION;VELVETFRUIT_EXTRACT;SEASHELLS;5279;17
899000;;SUBMISSION;VELVETFRUIT_EXTRACT;SEASHELLS;5278;13
899000;;SUBMISSION;VEV_4000;SEASHELLS;1271;10
899000;;SUBMISSION;VEV_4000;SEASHELLS;1268;20
899000;;SUBMISSION;VEV_4500;SEASHELLS;773;11
899000;;SUBMISSION;VEV_4500;SEASHELLS;771;19
899000;;SUBMISSION;VEV_5000;SEASHELLS;280;11
899000;;SUBMISSION;VEV_5000;SEASHELLS;279;19
899000;;SUBMISSION;VEV_5100;SEASHELLS;187;11
899000;;SUBMISSION;VEV_5100;SEASHELLS;186;19
899100;;SUBMISSION;VELVETFRUIT_EXTRACT;SEASHELLS;5278;30
899100;;SUBMISSION;VEV_4000;SEASHELLS;1270;12
899100;;SUBMISSION;VEV_4000;SEASHELLS;1268;18
899100;;SUBMISSION;VEV_4500;SEASHELLS;773;8
899100;;SUBMISSION;VEV_4500;SEASHELLS;771;17
899100;;SUBMISSION;VEV_5000;SEASHELLS;279;25
899100;;SUBMISSION;VEV_5100;SEASHELLS;186;25
899200;;SUBMISSION;VELVETFRUIT_EXTRACT;SEASHELLS;5279;21
899200;;SUBMISSION;VELVETFRUIT_EXTRACT;SEASHELLS;5278;9
899200;;SUBMISSION;VEV_4000;SEASHELLS;1270;10
899200;;SUBMISSION;VEV_4000;SEASHELLS;1268;20
899200;;SUBMISSION;VEV_4500;SEASHELLS;773;10
899200;;SUBMISSION;VEV_4500;SEASHELLS;771;12
899200;;SUBMISSION;VEV_5000;SEASHELLS;279;22
899200;;SUBMISSION;VEV_5100;SEASHELLS;187;10
899200;;SUBMISSION;VEV_5100;SEASHELLS;186;12
899300;;SUBMISSION;VELVETFRUIT_EXTRACT;SEASHELLS;5280;16
899300;;SUBMISSION;VELVETFRUIT_EXTRACT;SEASHELLS;5279;4
899300;;SUBMISSION;VEV_4000;SEASHELLS;1272;12
899300;;SUBMISSION;VEV_4000;SEASHELLS;1269;18
899300;;SUBMISSION;VEV_4500;SEASHELLS;774;7
899300;;SUBMISSION;VEV_4500;SEASHELLS;772;15
899300;;SUBMISSION;VEV_5000;SEASHELLS;281;7
899300;;SUBMISSION;VEV_5000;SEASHELLS;280;15
899300;;SUBMISSION;VEV_5100;SEASHELLS;188;7
899300;;SUBMISSION;VEV_5100;SEASHELLS;187;15
899300;;SUBMISSION;VEV_5200;SEASHELLS;109;7
899300;;SUBMISSION;VEV_5200;SEASHELLS;108;15
899400;;SUBMISSION;VEV_4000;SEASHELLS;1271;8
899400;;SUBMISSION;VEV_4000;SEASHELLS;1269;15
899400;;SUBMISSION;VEV_4500;SEASHELLS;774;6
899400;;SUBMISSION;VEV_4500;SEASHELLS;772;16
899400;;SUBMISSION;VEV_5000;SEASHELLS;280;22
899400;;SUBMISSION;VEV_5100;SEASHELLS;187;22
899400;;SUBMISSION;VEV_5200;SEASHELLS;108;22
899500;;SUBMISSION;VEV_4000;SEASHELLS;1272;14
899500;;SUBMISSION;VEV_4000;SEASHELLS;1270;16
899500;;SUBMISSION;VEV_4500;SEASHELLS;775;6
899500;;SUBMISSION;VEV_4500;SEASHELLS;773;22
899500;;SUBMISSION;VEV_5000;SEASHELLS;281;6
899500;;SUBMISSION;VEV_5000;SEASHELLS;280;22
899500;;SUBMISSION;VEV_5100;SEASHELLS;188;28
899500;;SUBMISSION;VEV_5200;SEASHELLS;109;28
899600;;SUBMISSION;VEV_4000;SEASHELLS;1272;12
899600;;SUBMISSION;VEV_4000;SEASHELLS;1269;17
899600;;SUBMISSION;VEV_4500;SEASHELLS;774;11
899600;;SUBMISSION;VEV_4500;SEASHELLS;772;13
899600;;SUBMISSION;VEV_5000;SEASHELLS;281;11
899600;;SUBMISSION;VEV_5000;SEASHELLS;280;13
899600;;SUBMISSION;VEV_5100;SEASHELLS;188;11
899600;;SUBMISSION;VEV_5100;SEASHELLS;187;13
899600;;SUBMISSION;VEV_5200;SEASHELLS;109;24
899700;;SUBMISSION;VEV_4000;SEASHELLS;1273;9
899700;;SUBMISSION;VEV_4000;SEASHELLS;1270;21
899700;;SUBMISSION;VEV_4500;SEASHELLS;775;11
899700;;SUBMISSION;VEV_4500;SEASHELLS;773;16
899700;;SUBMISSION;VEV_5000;SEASHELLS;282;11
899700;;SUBMISSION;VEV_5000;SEASHELLS;281;16
899700;;SUBMISSION;VEV_5100;SEASHELLS;189;11
899700;;SUBMISSION;VEV_5100;SEASHELLS;188;16
899700;;SUBMISSION;VEV_5200;SEASHELLS;110;11
899700;;SUBMISSION;VEV_5200;SEASHELLS;109;16
899800;;SUBMISSION;VEV_4000;SEASHELLS;1274;15
899800;;SUBMISSION;VEV_4000;SEASHELLS;1271;15
899800;;SUBMISSION;VEV_4500;SEASHELLS;776;12
899800;;SUBMISSION;VEV_4500;SEASHELLS;774;18
899800;;SUBMISSION;VEV_5000;SEASHELLS;283;12
899800;;SUBMISSION;VEV_5000;SEASHELLS;282;18
899800;;SUBMISSION;VEV_5100;SEASHELLS;190;12
899800;;SUBMISSION;VEV_5100;SEASHELLS;189;18
899800;;SUBMISSION;VEV_5200;SEASHELLS;110;30
899900;SUBMISSION;;HYDROGEL_PACK;SEASHELLS;10005;3
899900;;SUBMISSION;VEV_4000;SEASHELLS;1274;15
899900;;SUBMISSION;VEV_4000;SEASHELLS;1271;15
899900;;SUBMISSION;VEV_4500;SEASHELLS;776;9
899900;;SUBMISSION;VEV_4500;SEASHELLS;774;20
899900;;SUBMISSION;VEV_5000;SEASHELLS;283;9
899900;;SUBMISSION;VEV_5000;SEASHELLS;282;20
899900;;SUBMISSION;VEV_5100;SEASHELLS;190;9
899900;;SUBMISSION;VEV_5100;SEASHELLS;189;20
899900;;SUBMISSION;VEV_5200;SEASHELLS;110;29
900000;;SUBMISSION;VEV_4000;SEASHELLS;1275;9
900000;;SUBMISSION;VEV_4000;SEASHELLS;1273;21
900000;;SUBMISSION;VEV_4500;SEASHELLS;778;11
900000;;SUBMISSION;VEV_4500;SEASHELLS;776;13
900000;;SUBMISSION;VEV_5000;SEASHELLS;284;24
900000;;SUBMISSION;VEV_5100;SEASHELLS;191;24
900000;;SUBMISSION;VEV_5200;SEASHELLS;111;24
900100;;SUBMISSION;VEV_4000;SEASHELLS;1276;7
900100;;SUBMISSION;VEV_4000;SEASHELLS;1273;19
900100;;SUBMISSION;VEV_4500;SEASHELLS;778;9
900100;;SUBMISSION;VEV_4500;SEASHELLS;776;21
900100;;SUBMISSION;VEV_5000;SEASHELLS;285;9
900100;;SUBMISSION;VEV_5000;SEASHELLS;284;21
900100;;SUBMISSION;VEV_5100;SEASHELLS;191;30
900100;;SUBMISSION;VEV_5200;SEASHELLS;112;9
900100;;SUBMISSION;VEV_5200;SEASHELLS;111;21
900200;;SUBMISSION;VEV_4000;SEASHELLS;1275;15
900200;;SUBMISSION;VEV_4000;SEASHELLS;1273;15
900200;;SUBMISSION;VEV_4500;SEASHELLS;778;9
900200;;SUBMISSION;VEV_4500;SEASHELLS;776;21
900200;;SUBMISSION;VEV_5000;SEASHELLS;284;9
900200;;SUBMISSION;VEV_5000;SEASHELLS;283;21
900200;;SUBMISSION;VEV_5100;SEASHELLS;191;9
900200;;SUBMISSION;VEV_5100;SEASHELLS;190;21
900200;;SUBMISSION;VEV_5200;SEASHELLS;111;30
900300;;SUBMISSION;VEV_4000;SEASHELLS;1276;12
900300;;SUBMISSION;VEV_4000;SEASHELLS;1274;18
900300;;SUBMISSION;VEV_4500;SEASHELLS;779;10
900300;;SUBMISSION;VEV_4500;SEASHELLS;777;15
900300;;SUBMISSION;VEV_5000;SEASHELLS;285;10
900300;;SUBMISSION;VEV_5000;SEASHELLS;284;15
900300;;SUBMISSION;VEV_5100;SEASHELLS;192;10
900300;;SUBMISSION;VEV_5100;SEASHELLS;191;15
900300;;SUBMISSION;VEV_5200;SEASHELLS;112;25
900300;;SUBMISSION;VEV_5300;SEASHELLS;55;7
900300;;SUBMISSION;VEV_5300;SEASHELLS;54;18
900400;;SUBMISSION;VEV_4000;SEASHELLS;1275;12
900400;;SUBMISSION;VEV_4000;SEASHELLS;1272;18
900400;;SUBMISSION;VEV_4500;SEASHELLS;777;7
900400;;SUBMISSION;VEV_4500;SEASHELLS;775;18
900400;;SUBMISSION;VEV_5000;SEASHELLS;284;7
900400;;SUBMISSION;VEV_5000;SEASHELLS;283;18
900400;;SUBMISSION;VEV_5100;SEASHELLS;191;5
900400;;SUBMISSION;VEV_5200;SEASHELLS;111;25
900500;SUBMISSION;;VELVETFRUIT_EXTRACT;SEASHELLS;5286;3
900500;;SUBMISSION;VEV_4000;SEASHELLS;1273;10
900500;;SUBMISSION;VEV_4000;SEASHELLS;1271;10
900500;;SUBMISSION;VEV_4500;SEASHELLS;776;6
900500;;SUBMISSION;VEV_4500;SEASHELLS;774;16
900500;;SUBMISSION;VEV_5000;SEASHELLS;282;22
900500;;SUBMISSION;VEV_5200;SEASHELLS;110;22
900600;;SUBMISSION;VELVETFRUIT_EXTRACT;SEASHELLS;5280;3
900600;;SUBMISSION;VEV_4500;SEASHELLS;774;11
900600;;SUBMISSION;VEV_4500;SEASHELLS;772;12
900600;;SUBMISSION;VEV_5000;SEASHELLS;281;11
900600;;SUBMISSION;VEV_5000;SEASHELLS;280;7
900600;;SUBMISSION;VEV_5200;SEASHELLS;109;23
900700;;SUBMISSION;VEV_4500;SEASHELLS;776;8
900700;;SUBMISSION;VEV_4500;SEASHELLS;774;12
900700;;SUBMISSION;VEV_5200;SEASHELLS;110;20
900800;;SUBMISSION;VEV_4500;SEASHELLS;777;7
900800;;SUBMISSION;VEV_4500;SEASHELLS;775;18
900800;;SUBMISSION;VEV_5200;SEASHELLS;111;7
900800;;SUBMISSION;VEV_5200;SEASHELLS;110;21
900900;;SUBMISSION;VEV_5200;SEASHELLS;110;22
901000;SUBMISSION;;VELVETFRUIT_EXTRACT;SEASHELLS;5285;8
901000;;SUBMISSION;VEV_5200;SEASHELLS;109;26
901100;;SUBMISSION;VELVETFRUIT_EXTRACT;SEASHELLS;5281;8
901100;;SUBMISSION;VEV_5200;SEASHELLS;110;11
901100;;SUBMISSION;VEV_5200;SEASHELLS;109;19
901200;;SUBMISSION;VEV_5200;SEASHELLS;109;28
901300;;SUBMISSION;VEV_5200;SEASHELLS;110;8
901300;;SUBMISSION;VEV_5200;SEASHELLS;109;18
901400;;SUBMISSION;VEV_5200;SEASHELLS;110;7
901400;;SUBMISSION;VEV_5200;SEASHELLS;109;12
901500;;SUBMISSION;VEV_5200;SEASHELLS;109;27
901800;SUBMISSION;;VELVETFRUIT_EXTRACT;SEASHELLS;5283;8
901800;;SUBMISSION;VEV_5200;SEASHELLS;108;3
901900;;SUBMISSION;VELVETFRUIT_EXTRACT;SEASHELLS;5280;8
903600;SUBMISSION;;HYDROGEL_PACK;SEASHELLS;10003;4
913200;SUBMISSION;;HYDROGEL_PACK;SEASHELLS;9996;2
915400;SUBMISSION;;VELVETFRUIT_EXTRACT;SEASHELLS;5285;7
915500;;SUBMISSION;VELVETFRUIT_EXTRACT;SEASHELLS;5281;7
915900;;SUBMISSION;VEV_5300;SEASHELLS;55;27
916000;;SUBMISSION;VEV_5300;SEASHELLS;55;8
916000;;SUBMISSION;VEV_5300;SEASHELLS;54;11
924100;SUBMISSION;;VELVETFRUIT_EXTRACT;SEASHELLS;5289;6
924200;;SUBMISSION;VELVETFRUIT_EXTRACT;SEASHELLS;5284;6
927700;SUBMISSION;;HYDROGEL_PACK;SEASHELLS;9985;4
928800;SUBMISSION;;HYDROGEL_PACK;SEASHELLS;9980;6
929100;SUBMISSION;;VELVETFRUIT_EXTRACT;SEASHELLS;5281;8
929600;SUBMISSION;;HYDROGEL_PACK;SEASHELLS;9990;6
933200;SUBMISSION;;VELVETFRUIT_EXTRACT;SEASHELLS;5280;6
934300;SUBMISSION;;VELVETFRUIT_EXTRACT;SEASHELLS;5279;8
935400;SUBMISSION;;HYDROGEL_PACK;SEASHELLS;10020;3
936000;SUBMISSION;;VELVETFRUIT_EXTRACT;SEASHELLS;5277;7
936600;SUBMISSION;;VELVETFRUIT_EXTRACT;SEASHELLS;5274;8
940500;SUBMISSION;;HYDROGEL_PACK;SEASHELLS;10006;2
941000;SUBMISSION;;VELVETFRUIT_EXTRACT;SEASHELLS;5274;9
941900;SUBMISSION;;HYDROGEL_PACK;SEASHELLS;10007;2
942700;SUBMISSION;;VELVETFRUIT_EXTRACT;SEASHELLS;5273;3
944300;SUBMISSION;;HYDROGEL_PACK;SEASHELLS;9991;5
947900;SUBMISSION;;HYDROGEL_PACK;SEASHELLS;9985;6
947900;SUBMISSION;;VELVETFRUIT_EXTRACT;SEASHELLS;5279;5
949800;SUBMISSION;;HYDROGEL_PACK;SEASHELLS;9980;6
955900;SUBMISSION;;VELVETFRUIT_EXTRACT;SEASHELLS;5277;6
957400;SUBMISSION;;VELVETFRUIT_EXTRACT;SEASHELLS;5279;5
958400;SUBMISSION;;HYDROGEL_PACK;SEASHELLS;9995;4
960400;SUBMISSION;;VELVETFRUIT_EXTRACT;SEASHELLS;5271;4
961700;SUBMISSION;;HYDROGEL_PACK;SEASHELLS;9992;5
961700;SUBMISSION;;VEV_4000;SEASHELLS;1264;3
964300;SUBMISSION;;VELVETFRUIT_EXTRACT;SEASHELLS;5267;4
965500;SUBMISSION;;HYDROGEL_PACK;SEASHELLS;10000;6
965600;SUBMISSION;;VEV_4000;SEASHELLS;1262;3
970000;SUBMISSION;;VELVETFRUIT_EXTRACT;SEASHELLS;5263;8
974300;SUBMISSION;;VELVETFRUIT_EXTRACT;SEASHELLS;5269;5
975900;SUBMISSION;;VEV_4000;SEASHELLS;1267;1
976200;SUBMISSION;;HYDROGEL_PACK;SEASHELLS;10000;2
976800;;SUBMISSION;HYDROGEL_PACK;SEASHELLS;10004;2
977200;SUBMISSION;;VELVETFRUIT_EXTRACT;SEASHELLS;5270;5
978200;SUBMISSION;;VEV_4000;SEASHELLS;1264;2
978700;;SUBMISSION;HYDROGEL_PACK;SEASHELLS;9999;2
981200;SUBMISSION;;VELVETFRUIT_EXTRACT;SEASHELLS;5274;3
982000;;SUBMISSION;HYDROGEL_PACK;SEASHELLS;10002;2
982500;SUBMISSION;;VEV_4000;SEASHELLS;1268;2
983700;;SUBMISSION;HYDROGEL_PACK;SEASHELLS;10004;2
984200;;SUBMISSION;HYDROGEL_PACK;SEASHELLS;10008;3
984700;SUBMISSION;;HYDROGEL_PACK;SEASHELLS;9987;5
985000;SUBMISSION;;VELVETFRUIT_EXTRACT;SEASHELLS;5277;4
986100;SUBMISSION;;VELVETFRUIT_EXTRACT;SEASHELLS;5280;6
986900;;SUBMISSION;VELVETFRUIT_EXTRACT;SEASHELLS;5281;24
986900;;SUBMISSION;VELVETFRUIT_EXTRACT;SEASHELLS;5280;6
986900;;SUBMISSION;VEV_4000;SEASHELLS;1272;9
986900;;SUBMISSION;VEV_4000;SEASHELLS;1270;2
987000;;SUBMISSION;VELVETFRUIT_EXTRACT;SEASHELLS;5281;23
987000;;SUBMISSION;VELVETFRUIT_EXTRACT;SEASHELLS;5280;7
987100;;SUBMISSION;VELVETFRUIT_EXTRACT;SEASHELLS;5282;17
987100;;SUBMISSION;VELVETFRUIT_EXTRACT;SEASHELLS;5281;13
987200;;SUBMISSION;VELVETFRUIT_EXTRACT;SEASHELLS;5281;14
992900;SUBMISSION;;VELVETFRUIT_EXTRACT;SEASHELLS;5286;8
993000;;SUBMISSION;VELVETFRUIT_EXTRACT;SEASHELLS;5281;8
994800;SUBMISSION;;HYDROGEL_PACK;SEASHELLS;10013;4
996300;SUBMISSION;;VELVETFRUIT_EXTRACT;SEASHELLS;5294;3
996300;;SUBMISSION;VEV_5300;SEASHELLS;55;22
996400;;SUBMISSION;VELVETFRUIT_EXTRACT;SEASHELLS;5290;3
996400;;SUBMISSION;VEV_5300;SEASHELLS;56;10
996400;;SUBMISSION;VEV_5300;SEASHELLS;55;13
996500;SUBMISSION;;HYDROGEL_PACK;SEASHELLS;10013;2
996500;SUBMISSION;;VELVETFRUIT_EXTRACT;SEASHELLS;5295;3
996500;;SUBMISSION;VEV_5300;SEASHELLS;56;20
996600;;SUBMISSION;VELVETFRUIT_EXTRACT;SEASHELLS;5292;3
996600;;SUBMISSION;VEV_5300;SEASHELLS;56;22
996700;;SUBMISSION;VEV_5300;SEASHELLS;57;21
996800;;SUBMISSION;VEV_5300;SEASHELLS;58;8
996800;;SUBMISSION;VEV_5300;SEASHELLS;57;16
996900;;SUBMISSION;VEV_5300;SEASHELLS;57;20
997000;;SUBMISSION;VEV_5300;SEASHELLS;58;29
997100;;SUBMISSION;VEV_5300;SEASHELLS;58;19
997100;;SUBMISSION;VEV_5400;SEASHELLS;20;19
997200;;SUBMISSION;VEV_5300;SEASHELLS;58;27
997300;;SUBMISSION;VEV_5300;SEASHELLS;57;16
997400;;SUBMISSION;VEV_5300;SEASHELLS;58;20
997500;;SUBMISSION;VEV_5300;SEASHELLS;58;22
997500;;SUBMISSION;VEV_5400;SEASHELLS;20;22
997600;;SUBMISSION;VEV_5300;SEASHELLS;59;27
997600;;SUBMISSION;VEV_5400;SEASHELLS;20;27
997700;;SUBMISSION;VEV_5300;SEASHELLS;59;25
997700;;SUBMISSION;VEV_5400;SEASHELLS;20;25
997800;;SUBMISSION;VEV_5300;SEASHELLS;59;23
997800;;SUBMISSION;VEV_5400;SEASHELLS;21;23
997900;;SUBMISSION;VEV_5300;SEASHELLS;59;6
997900;;SUBMISSION;VEV_5300;SEASHELLS;58;16
997900;;SUBMISSION;VEV_5400;SEASHELLS;20;22
998000;;SUBMISSION;VEV_5300;SEASHELLS;59;15
998000;;SUBMISSION;VEV_5400;SEASHELLS;21;15
998100;;SUBMISSION;VEV_5300;SEASHELLS;58;22
998100;;SUBMISSION;VEV_5400;SEASHELLS;20;22
998200;;SUBMISSION;VEV_5300;SEASHELLS;59;26
998200;;SUBMISSION;VEV_5400;SEASHELLS;20;26
998300;;SUBMISSION;VEV_5300;SEASHELLS;59;10
998300;;SUBMISSION;VEV_5300;SEASHELLS;58;13
998300;;SUBMISSION;VEV_5400;SEASHELLS;20;23
998400;;SUBMISSION;VEV_5300;SEASHELLS;58;18
998400;;SUBMISSION;VEV_5400;SEASHELLS;20;18
998500;;SUBMISSION;VEV_5300;SEASHELLS;58;20
998500;;SUBMISSION;VEV_5400;SEASHELLS;20;20
998600;;SUBMISSION;VEV_5300;SEASHELLS;58;13
998600;;SUBMISSION;VEV_5400;SEASHELLS;20;21
