timestamp;buyer;seller;symbol;currency;price;quantity
0;;SUBMISSION;VELVETFRUIT_EXTRACT;XIREC;5293.0;17
0;;SUBMISSION;VEV_4000;XIREC;1285.0;9
0;;SUBMISSION;VEV_4000;XIREC;1282.0;8
0;;SUBMISSION;VEV_4500;XIREC;787.0;7
0;;SUBMISSION;VEV_4500;XIREC;785.0;10
0;;SUBMISSION;VEV_5000;XIREC;293.0;17
0;;SUBMISSION;VEV_5100;XIREC;199.0;17
0;;SUBMISSION;VEV_5200;XIREC;118.0;7
0;;SUBMISSION;VEV_5200;XIREC;117.0;10
0;;SUBMISSION;VEV_5300;XIREC;57.0;17
0;;SUBMISSION;VEV_5400;XIREC;20.0;17
100;;SUBMISSION;VELVETFRUIT_EXTRACT;XIREC;5294.0;16
100;;SUBMISSION;VELVETFRUIT_EXTRACT;XIREC;5293.0;1
100;;SUBMISSION;VEV_4000;XIREC;1296.0;4
100;;SUBMISSION;VEV_4000;XIREC;1285.0;8
100;;SUBMISSION;VEV_4000;XIREC;1283.0;5
100;;SUBMISSION;VEV_4500;XIREC;796.0;4
100;;SUBMISSION;VEV_4500;XIREC;788.0;7
100;;SUBMISSION;VEV_4500;XIREC;786.0;6
100;;SUBMISSION;VEV_5000;XIREC;297.0;4
100;;SUBMISSION;VEV_5000;XIREC;294.0;7
100;;SUBMISSION;VEV_5000;XIREC;293.0;6
100;;SUBMISSION;VEV_5100;XIREC;202.0;4
100;;SUBMISSION;VEV_5100;XIREC;200.0;7
100;;SUBMISSION;VEV_5100;XIREC;199.0;6
100;;SUBMISSION;VEV_5200;XIREC;119.0;4
100;;SUBMISSION;VEV_5200;XIREC;118.0;13
100;;SUBMISSION;VEV_5300;XIREC;58.0;4
100;;SUBMISSION;VEV_5300;XIREC;57.0;13
100;;SUBMISSION;VEV_5400;XIREC;20.0;17
200;;SUBMISSION;VELVETFRUIT_EXTRACT;XIREC;5294.0;17
200;;SUBMISSION;VEV_4000;XIREC;1286.0;14
200;;SUBMISSION;VEV_4000;XIREC;1283.0;3
200;;SUBMISSION;VEV_4500;XIREC;788.0;6
200;;SUBMISSION;VEV_4500;XIREC;786.0;11
200;;SUBMISSION;VEV_5000;XIREC;294.0;17
200;;SUBMISSION;VEV_5100;XIREC;200.0;6
200;;SUBMISSION;VEV_5100;XIREC;199.0;11
200;;SUBMISSION;VEV_5200;XIREC;118.0;17
200;;SUBMISSION;VEV_5300;XIREC;57.0;17
200;;SUBMISSION;VEV_5400;XIREC;20.0;17
300;;SUBMISSION;VELVETFRUIT_EXTRACT;XIREC;5294.0;17
300;;SUBMISSION;VEV_4000;XIREC;1285.0;13
300;;SUBMISSION;VEV_4000;XIREC;1283.0;4
300;;SUBMISSION;VEV_4500;XIREC;788.0;7
300;;SUBMISSION;VEV_4500;XIREC;786.0;10
300;;SUBMISSION;VEV_5000;XIREC;294.0;7
300;;SUBMISSION;VEV_5000;XIREC;293.0;10
300;;SUBMISSION;VEV_5100;XIREC;200.0;7
300;;SUBMISSION;VEV_5100;XIREC;199.0;10
300;;SUBMISSION;VEV_5200;XIREC;118.0;17
300;;SUBMISSION;VEV_5300;XIREC;57.0;17
300;;SUBMISSION;VEV_5400;XIREC;20.0;17
400;;SUBMISSION;VELVETFRUIT_EXTRACT;XIREC;5293.0;15
400;;SUBMISSION;VELVETFRUIT_EXTRACT;XIREC;5292.0;2
400;;SUBMISSION;VEV_4000;XIREC;1285.0;12
400;;SUBMISSION;VEV_4000;XIREC;1282.0;5
400;;SUBMISSION;VEV_4500;XIREC;787.0;11
400;;SUBMISSION;VEV_4500;XIREC;785.0;6
400;;SUBMISSION;VEV_5000;XIREC;293.0;11
400;;SUBMISSION;VEV_5000;XIREC;292.0;6
400;;SUBMISSION;VEV_5100;XIREC;199.0;11
400;;SUBMISSION;VEV_5100;XIREC;198.0;6
400;;SUBMISSION;VEV_5200;XIREC;117.0;17
400;;SUBMISSION;VEV_5300;XIREC;57.0;17
400;;SUBMISSION;VEV_5400;XIREC;19.0;17
500;;SUBMISSION;VELVETFRUIT_EXTRACT;XIREC;5292.0;17
500;;SUBMISSION;VEV_4000;XIREC;1284.0;15
500;;SUBMISSION;VEV_4000;XIREC;1281.0;2
500;;SUBMISSION;VEV_4500;XIREC;786.0;8
500;;SUBMISSION;VEV_4500;XIREC;784.0;9
500;;SUBMISSION;VEV_5000;XIREC;293.0;8
500;;SUBMISSION;VEV_5000;XIREC;292.0;9
500;;SUBMISSION;VEV_5100;XIREC;198.0;17
500;;SUBMISSION;VEV_5200;XIREC;117.0;17
500;;SUBMISSION;VEV_5300;XIREC;57.0;17
500;;SUBMISSION;VEV_5400;XIREC;19.0;17
600;;SUBMISSION;VELVETFRUIT_EXTRACT;XIREC;5293.0;17
600;;SUBMISSION;VEV_4000;XIREC;1284.0;13
600;;SUBMISSION;VEV_4000;XIREC;1282.0;4
600;;SUBMISSION;VEV_4500;XIREC;787.0;7
600;;SUBMISSION;VEV_4500;XIREC;785.0;10
600;;SUBMISSION;VEV_5000;XIREC;293.0;7
600;;SUBMISSION;VEV_5000;XIREC;292.0;10
600;;SUBMISSION;VEV_5100;XIREC;199.0;7
600;;SUBMISSION;VEV_5100;XIREC;198.0;10
600;;SUBMISSION;VEV_5200;XIREC;117.0;17
600;;SUBMISSION;VEV_5300;XIREC;57.0;17
600;;SUBMISSION;VEV_5400;XIREC;19.0;17
700;;SUBMISSION;VELVETFRUIT_EXTRACT;XIREC;5293.0;17
700;;SUBMISSION;VEV_4000;XIREC;1285.0;14
700;;SUBMISSION;VEV_4000;XIREC;1282.0;3
700;;SUBMISSION;VEV_4500;XIREC;787.0;8
700;;SUBMISSION;VEV_4500;XIREC;785.0;9
700;;SUBMISSION;VEV_5000;XIREC;294.0;8
700;;SUBMISSION;VEV_5000;XIREC;293.0;9
700;;SUBMISSION;VEV_5100;XIREC;199.0;17
700;;SUBMISSION;VEV_5200;XIREC;118.0;17
700;;SUBMISSION;VEV_5300;XIREC;57.0;17
700;;SUBMISSION;VEV_5400;XIREC;20.0;17
800;;SUBMISSION;VELVETFRUIT_EXTRACT;XIREC;5295.0;17
800;;SUBMISSION;VEV_4000;XIREC;1286.0;10
800;;SUBMISSION;VEV_4000;XIREC;1284.0;7
800;;SUBMISSION;VEV_4500;XIREC;789.0;6
800;;SUBMISSION;VEV_4500;XIREC;787.0;11
800;;SUBMISSION;VEV_5000;XIREC;295.0;6
800;;SUBMISSION;VEV_5000;XIREC;294.0;11
800;;SUBMISSION;VEV_5100;XIREC;201.0;6
800;;SUBMISSION;VEV_5100;XIREC;200.0;11
800;;SUBMISSION;VEV_5200;XIREC;119.0;17
800;;SUBMISSION;VEV_5300;XIREC;58.0;15
800;;SUBMISSION;VEV_5400;XIREC;20.0;15
900;;SUBMISSION;VELVETFRUIT_EXTRACT;XIREC;5296.0;10
900;;SUBMISSION;VELVETFRUIT_EXTRACT;XIREC;5294.0;7
900;;SUBMISSION;VEV_4000;XIREC;1286.0;11
900;;SUBMISSION;VEV_4000;XIREC;1283.0;6
900;;SUBMISSION;VEV_4500;XIREC;788.0;9
900;;SUBMISSION;VEV_4500;XIREC;786.0;8
900;;SUBMISSION;VEV_5000;XIREC;294.0;17
900;;SUBMISSION;VEV_5100;XIREC;200.0;17
900;;SUBMISSION;VEV_5200;XIREC;118.0;17
900;;SUBMISSION;VEV_5300;XIREC;58.0;5
900;;SUBMISSION;VEV_5300;XIREC;57.0;12
900;;SUBMISSION;VEV_5400;XIREC;20.0;17
1000;;SUBMISSION;VELVETFRUIT_EXTRACT;XIREC;5294.0;17
1000;;SUBMISSION;VEV_4000;XIREC;1286.0;13
1000;;SUBMISSION;VEV_4000;XIREC;1283.0;4
1000;;SUBMISSION;VEV_4500;XIREC;788.0;9
1000;;SUBMISSION;VEV_4500;XIREC;786.0;8
1000;;SUBMISSION;VEV_5000;XIREC;295.0;9
1000;;SUBMISSION;VEV_5000;XIREC;294.0;8
1000;;SUBMISSION;VEV_5100;XIREC;200.0;17
1000;;SUBMISSION;VEV_5200;XIREC;119.0;9
1000;;SUBMISSION;VEV_5200;XIREC;118.0;8
1000;;SUBMISSION;VEV_5300;XIREC;58.0;17
1000;;SUBMISSION;VEV_5400;XIREC;20.0;17
1100;;SUBMISSION;VELVETFRUIT_EXTRACT;XIREC;5295.0;13
1100;;SUBMISSION;VEV_4000;XIREC;1287.0;11
1100;;SUBMISSION;VEV_4000;XIREC;1284.0;6
1100;;SUBMISSION;VEV_4500;XIREC;789.0;10
1100;;SUBMISSION;VEV_4500;XIREC;787.0;7
1100;;SUBMISSION;VEV_5000;XIREC;296.0;10
1100;;SUBMISSION;VEV_5000;XIREC;295.0;7
1100;;SUBMISSION;VEV_5100;XIREC;201.0;17
1100;;SUBMISSION;VEV_5200;XIREC;119.0;17
1100;;SUBMISSION;VEV_5300;XIREC;58.0;17
1100;;SUBMISSION;VEV_5400;XIREC;20.0;17
1200;;SUBMISSION;VEV_4000;XIREC;1287.0;11
1200;;SUBMISSION;VEV_4000;XIREC;1285.0;6
1200;;SUBMISSION;VEV_4500;XIREC;790.0;10
1200;;SUBMISSION;VEV_4500;XIREC;788.0;7
1200;;SUBMISSION;VEV_5000;XIREC;296.0;10
1200;;SUBMISSION;VEV_5000;XIREC;295.0;7
1200;;SUBMISSION;VEV_5100;XIREC;201.0;17
1200;;SUBMISSION;VEV_5200;XIREC;120.0;10
1200;;SUBMISSION;VEV_5200;XIREC;119.0;7
1200;;SUBMISSION;VEV_5300;XIREC;58.0;17
1200;;SUBMISSION;VEV_5400;XIREC;20.0;17
1300;;SUBMISSION;VEV_4000;XIREC;1288.0;9
1300;;SUBMISSION;VEV_4000;XIREC;1285.0;8
1300;;SUBMISSION;VEV_4500;XIREC;790.0;8
1300;;SUBMISSION;VEV_4500;XIREC;788.0;9
1300;;SUBMISSION;VEV_5000;XIREC;296.0;8
1300;;SUBMISSION;VEV_5000;XIREC;295.0;9
1300;;SUBMISSION;VEV_5100;XIREC;202.0;8
1300;;SUBMISSION;VEV_5100;XIREC;201.0;9
1300;;SUBMISSION;VEV_5200;XIREC;120.0;17
1300;;SUBMISSION;VEV_5300;XIREC;58.0;17
1300;;SUBMISSION;VEV_5400;XIREC;20.0;17
1400;;SUBMISSION;VEV_4000;XIREC;1287.0;12
1400;;SUBMISSION;VEV_4000;XIREC;1284.0;5
1400;;SUBMISSION;VEV_4500;XIREC;789.0;10
1400;;SUBMISSION;VEV_4500;XIREC;787.0;7
1400;;SUBMISSION;VEV_5000;XIREC;296.0;10
1400;;SUBMISSION;VEV_5000;XIREC;295.0;7
1400;;SUBMISSION;VEV_5100;XIREC;201.0;17
1400;;SUBMISSION;VEV_5200;XIREC;119.0;17
1400;;SUBMISSION;VEV_5300;XIREC;58.0;17
1400;;SUBMISSION;VEV_5400;XIREC;20.0;17
1500;;SUBMISSION;VEV_4000;XIREC;1287.0;13
1500;;SUBMISSION;VEV_4000;XIREC;1284.0;4
1500;;SUBMISSION;VEV_4500;XIREC;789.0;12
1500;;SUBMISSION;VEV_4500;XIREC;787.0;5
1500;;SUBMISSION;VEV_5000;XIREC;295.0;17
1500;;SUBMISSION;VEV_5100;XIREC;201.0;17
1500;;SUBMISSION;VEV_5200;XIREC;119.0;17
1500;;SUBMISSION;VEV_5300;XIREC;58.0;17
1500;;SUBMISSION;VEV_5400;XIREC;20.0;17
1600;;SUBMISSION;VEV_4000;XIREC;1287.0;12
1600;;SUBMISSION;VEV_4000;XIREC;1284.0;5
1600;;SUBMISSION;VEV_4500;XIREC;789.0;12
1600;;SUBMISSION;VEV_4500;XIREC;787.0;5
1600;;SUBMISSION;VEV_5000;XIREC;295.0;12
1600;;SUBMISSION;VEV_5000;XIREC;294.0;5
1600;;SUBMISSION;VEV_5100;XIREC;201.0;12
1600;;SUBMISSION;VEV_5100;XIREC;200.0;5
1600;;SUBMISSION;VEV_5200;XIREC;119.0;17
1600;;SUBMISSION;VEV_5300;XIREC;58.0;17
1600;;SUBMISSION;VEV_5400;XIREC;20.0;17
1700;;SUBMISSION;VEV_4000;XIREC;1287.0;11
1700;;SUBMISSION;VEV_4500;XIREC;790.0;10
1700;;SUBMISSION;VEV_4500;XIREC;788.0;1
1700;;SUBMISSION;VEV_5000;XIREC;296.0;10
1700;;SUBMISSION;VEV_5000;XIREC;295.0;1
1700;;SUBMISSION;VEV_5100;XIREC;202.0;10
1700;;SUBMISSION;VEV_5100;XIREC;201.0;1
1700;;SUBMISSION;VEV_5200;XIREC;120.0;10
1700;;SUBMISSION;VEV_5200;XIREC;119.0;1
1700;;SUBMISSION;VEV_5300;XIREC;58.0;13
1700;;SUBMISSION;VEV_5400;XIREC;20.0;13
1700;Mark 14;Mark 38;VEV_4000;XIREC;1287.0;2
4400;Mark 38;Mark 14;HYDROGEL_PACK;XIREC;10028.0;6
4500;Mark 14;Mark 38;HYDROGEL_PACK;XIREC;10010.0;3
8100;Mark 14;Mark 38;HYDROGEL_PACK;XIREC;10008.0;5
8700;Mark 38;Mark 14;VEV_4000;XIREC;1310.0;2
10600;Mark 55;Mark 14;VELVETFRUIT_EXTRACT;XIREC;5296.0;3
14200;Mark 55;Mark 01;VELVETFRUIT_EXTRACT;XIREC;5293.0;5
17100;Mark 01;Mark 55;VELVETFRUIT_EXTRACT;XIREC;5283.0;5
18600;Mark 01;Mark 55;VELVETFRUIT_EXTRACT;XIREC;5275.0;3
18700;Mark 14;Mark 38;HYDROGEL_PACK;XIREC;10004.0;2
19200;Mark 38;Mark 14;HYDROGEL_PACK;XIREC;10020.0;4
19500;Mark 38;Mark 14;HYDROGEL_PACK;XIREC;10019.0;2
20100;Mark 55;Mark 14;VELVETFRUIT_EXTRACT;XIREC;5279.0;5
22300;;SUBMISSION;HYDROGEL_PACK;XIREC;10021.0;13
22300;;SUBMISSION;HYDROGEL_PACK;XIREC;10018.0;4
22300;Mark 38;Mark 14;HYDROGEL_PACK;XIREC;10037.0;4
22400;;SUBMISSION;HYDROGEL_PACK;XIREC;10022.0;11
22400;;SUBMISSION;HYDROGEL_PACK;XIREC;10019.0;6
22500;;SUBMISSION;HYDROGEL_PACK;XIREC;10025.0;12
22500;;SUBMISSION;HYDROGEL_PACK;XIREC;10022.0;5
22500;Mark 38;Mark 14;HYDROGEL_PACK;XIREC;10041.0;6
22600;;SUBMISSION;HYDROGEL_PACK;XIREC;10026.0;15
22600;;SUBMISSION;HYDROGEL_PACK;XIREC;10024.0;2
22700;;SUBMISSION;HYDROGEL_PACK;XIREC;10025.0;14
22700;;SUBMISSION;HYDROGEL_PACK;XIREC;10023.0;3
22800;;SUBMISSION;HYDROGEL_PACK;XIREC;10026.0;12
22800;;SUBMISSION;HYDROGEL_PACK;XIREC;10024.0;5
22800;Mark 38;Mark 14;VEV_4000;XIREC;1283.0;3
22900;;SUBMISSION;HYDROGEL_PACK;XIREC;10026.0;15
22900;;SUBMISSION;HYDROGEL_PACK;XIREC;10024.0;2
23000;;SUBMISSION;HYDROGEL_PACK;XIREC;10028.0;13
23000;;SUBMISSION;HYDROGEL_PACK;XIREC;10025.0;4
23100;;SUBMISSION;HYDROGEL_PACK;XIREC;10029.0;15
23100;;SUBMISSION;HYDROGEL_PACK;XIREC;10027.0;2
23200;;SUBMISSION;HYDROGEL_PACK;XIREC;10030.0;12
23200;;SUBMISSION;HYDROGEL_PACK;XIREC;10028.0;5
23300;;SUBMISSION;HYDROGEL_PACK;XIREC;10028.0;11
23300;;SUBMISSION;HYDROGEL_PACK;XIREC;10025.0;6
23400;;SUBMISSION;HYDROGEL_PACK;XIREC;10028.0;11
23400;;SUBMISSION;HYDROGEL_PACK;XIREC;10025.0;2
23900;Mark 14;Mark 38;HYDROGEL_PACK;XIREC;10022.0;2
24500;Mark 14;Mark 38;HYDROGEL_PACK;XIREC;10026.0;5
25600;Mark 14;Mark 38;HYDROGEL_PACK;XIREC;10026.0;3
28000;Mark 55;Mark 01;VELVETFRUIT_EXTRACT;XIREC;5275.0;5
28400;Mark 38;Mark 14;HYDROGEL_PACK;XIREC;10037.0;3
28500;Mark 14;Mark 55;VELVETFRUIT_EXTRACT;XIREC;5271.0;7
31300;Mark 14;Mark 38;HYDROGEL_PACK;XIREC;10032.0;3
31400;Mark 67;Mark 22;VELVETFRUIT_EXTRACT;XIREC;5264.0;7
32700;Mark 14;Mark 55;VELVETFRUIT_EXTRACT;XIREC;5265.0;5
32900;Mark 01;Mark 22;VEV_5300;XIREC;45.0;3
32900;Mark 01;Mark 22;VEV_5400;XIREC;14.0;3
32900;Mark 01;Mark 22;VEV_5500;XIREC;4.0;3
32900;Mark 01;Mark 22;VEV_6000;XIREC;0.0;3
32900;Mark 01;Mark 22;VEV_6500;XIREC;0.0;3
33400;Mark 14;Mark 55;VELVETFRUIT_EXTRACT;XIREC;5268.0;3
33600;Mark 01;Mark 22;VEV_5300;XIREC;46.0;2
33600;Mark 14;Mark 22;VEV_5400;XIREC;15.0;2
33600;Mark 01;Mark 22;VEV_5500;XIREC;4.0;2
33600;Mark 01;Mark 22;VEV_6000;XIREC;0.0;2
33600;Mark 01;Mark 22;VEV_6500;XIREC;0.0;2
33900;Mark 14;Mark 38;HYDROGEL_PACK;XIREC;10028.0;3
34200;Mark 38;Mark 14;HYDROGEL_PACK;XIREC;10039.0;6
35100;Mark 14;Mark 38;HYDROGEL_PACK;XIREC;10024.0;2
35500;Mark 14;Mark 38;HYDROGEL_PACK;XIREC;10024.0;5
37000;Mark 01;Mark 22;VEV_5400;XIREC;15.0;5
37000;Mark 01;Mark 22;VEV_5500;XIREC;4.0;5
37000;Mark 01;Mark 22;VEV_6000;XIREC;0.0;5
37000;Mark 01;Mark 22;VEV_6500;XIREC;0.0;5
37100;Mark 14;Mark 38;HYDROGEL_PACK;XIREC;10015.0;3
38400;Mark 14;Mark 38;HYDROGEL_PACK;XIREC;10016.0;4
38600;Mark 14;Mark 38;HYDROGEL_PACK;XIREC;10014.0;5
39100;Mark 01;Mark 55;VELVETFRUIT_EXTRACT;XIREC;5258.0;5
39500;Mark 14;Mark 55;VELVETFRUIT_EXTRACT;XIREC;5257.0;4
39800;Mark 55;Mark 14;VELVETFRUIT_EXTRACT;XIREC;5262.0;3
40200;SUBMISSION;;VEV_5500;XIREC;4.0;3
40200;SUBMISSION;;VEV_5500;XIREC;5.0;14
40200;Mark 01;Mark 22;VEV_5300;XIREC;41.0;3
40200;Mark 14;Mark 22;VEV_5400;XIREC;13.0;3
40200;Mark 01;Mark 22;VEV_6000;XIREC;0.0;3
40200;Mark 01;Mark 22;VEV_6500;XIREC;0.0;3
40500;SUBMISSION;;VEV_5500;XIREC;4.0;17
40600;SUBMISSION;;VEV_5500;XIREC;4.0;17
40700;SUBMISSION;;VEV_5500;XIREC;4.0;17
40800;SUBMISSION;;VEV_5500;XIREC;4.0;17
40900;SUBMISSION;;VEV_5500;XIREC;4.0;17
41000;SUBMISSION;;VEV_5500;XIREC;4.0;17
41100;SUBMISSION;;VEV_5500;XIREC;4.0;17
41200;SUBMISSION;;VEV_5500;XIREC;4.0;17
41300;SUBMISSION;;VEV_5500;XIREC;4.0;17
41400;SUBMISSION;;VEV_5500;XIREC;4.0;17
41500;SUBMISSION;;VEV_5500;XIREC;4.0;17
41600;SUBMISSION;;VEV_5500;XIREC;4.0;17
41700;SUBMISSION;;VEV_5500;XIREC;4.0;17
41800;SUBMISSION;;VEV_5500;XIREC;4.0;16
41900;SUBMISSION;;VEV_5500;XIREC;4.0;17
42000;SUBMISSION;;VEV_5500;XIREC;4.0;17
42100;SUBMISSION;;VEV_5500;XIREC;4.0;12
43200;Mark 55;Mark 14;VELVETFRUIT_EXTRACT;XIREC;5249.0;6
43600;Mark 14;Mark 38;VEV_4000;XIREC;1240.0;1
45600;Mark 01;Mark 22;VEV_5400;XIREC;11.0;4
45600;Mark 01;Mark 22;VEV_5500;XIREC;3.0;4
45600;Mark 01;Mark 22;VEV_6000;XIREC;0.0;4
45600;Mark 01;Mark 22;VEV_6500;XIREC;0.0;4
47200;Mark 01;Mark 22;VEV_5400;XIREC;11.0;3
47200;Mark 01;Mark 22;VEV_5500;XIREC;3.0;3
47200;Mark 01;Mark 22;VEV_6000;XIREC;0.0;3
47200;Mark 01;Mark 22;VEV_6500;XIREC;0.0;3
48200;Mark 14;Mark 55;VELVETFRUIT_EXTRACT;XIREC;5248.0;7
49700;Mark 14;Mark 55;VELVETFRUIT_EXTRACT;XIREC;5250.0;7
50000;Mark 55;Mark 01;VELVETFRUIT_EXTRACT;XIREC;5256.0;4
50700;Mark 14;Mark 38;HYDROGEL_PACK;XIREC;10032.0;5
52300;Mark 14;Mark 38;HYDROGEL_PACK;XIREC;10034.0;6
54400;Mark 01;Mark 22;VEV_5400;XIREC;11.0;2
54400;Mark 01;Mark 22;VEV_5500;XIREC;3.0;2
54400;Mark 01;Mark 22;VEV_6000;XIREC;0.0;2
54400;Mark 01;Mark 22;VEV_6500;XIREC;0.0;2
55100;Mark 14;Mark 55;VELVETFRUIT_EXTRACT;XIREC;5247.0;4
56200;Mark 14;Mark 38;HYDROGEL_PACK;XIREC;10037.0;6
56400;Mark 01;Mark 55;VELVETFRUIT_EXTRACT;XIREC;5250.0;5
58300;Mark 67;Mark 22;VELVETFRUIT_EXTRACT;XIREC;5257.0;6
60600;Mark 14;Mark 38;VEV_4000;XIREC;1239.0;2
61300;Mark 38;Mark 14;HYDROGEL_PACK;XIREC;10066.0;6
62400;Mark 14;Mark 55;VELVETFRUIT_EXTRACT;XIREC;5246.0;5
64800;Mark 22;Mark 38;HYDROGEL_PACK;XIREC;10055.0;2
67600;Mark 55;Mark 14;VELVETFRUIT_EXTRACT;XIREC;5261.0;7
68000;Mark 55;Mark 14;VELVETFRUIT_EXTRACT;XIREC;5261.0;5
69000;Mark 14;Mark 38;HYDROGEL_PACK;XIREC;10036.0;4
69400;Mark 14;Mark 55;VELVETFRUIT_EXTRACT;XIREC;5255.0;8
69900;Mark 01;Mark 22;VEV_5400;XIREC;12.0;5
69900;Mark 01;Mark 22;VEV_5500;XIREC;3.0;5
69900;Mark 01;Mark 22;VEV_6000;XIREC;0.0;5
69900;Mark 01;Mark 22;VEV_6500;XIREC;0.0;5
70100;Mark 01;Mark 22;VEV_5400;XIREC;12.0;5
70100;Mark 01;Mark 22;VEV_5500;XIREC;3.0;5
70100;Mark 01;Mark 22;VEV_6000;XIREC;0.0;5
70100;Mark 01;Mark 22;VEV_6500;XIREC;0.0;5
70200;Mark 38;Mark 14;VEV_4000;XIREC;1267.0;1
70300;Mark 01;Mark 22;VEV_5400;XIREC;12.0;4
70300;Mark 01;Mark 22;VEV_5500;XIREC;3.0;4
70300;Mark 01;Mark 22;VEV_6000;XIREC;0.0;4
70300;Mark 01;Mark 22;VEV_6500;XIREC;0.0;4
74300;Mark 01;Mark 22;VEV_5300;XIREC;41.0;3
74300;Mark 01;Mark 22;VEV_5400;XIREC;12.0;3
74300;Mark 01;Mark 22;VEV_6000;XIREC;0.0;3
74300;Mark 01;Mark 22;VEV_6500;XIREC;0.0;3
74900;Mark 14;Mark 55;VELVETFRUIT_EXTRACT;XIREC;5257.0;8
76100;Mark 14;Mark 38;VEV_4000;XIREC;1247.0;2
77100;Mark 14;Mark 55;VELVETFRUIT_EXTRACT;XIREC;5255.0;5
77300;Mark 55;Mark 49;VELVETFRUIT_EXTRACT;XIREC;5256.0;8
77300;Mark 67;Mark 49;VELVETFRUIT_EXTRACT;XIREC;5256.0;6
77600;Mark 67;Mark 22;VELVETFRUIT_EXTRACT;XIREC;5255.0;7
78900;Mark 14;Mark 55;VELVETFRUIT_EXTRACT;XIREC;5256.0;6
79900;Mark 38;Mark 14;HYDROGEL_PACK;XIREC;10050.0;6
80000;Mark 01;Mark 55;VELVETFRUIT_EXTRACT;XIREC;5257.0;8
83500;Mark 38;Mark 14;HYDROGEL_PACK;XIREC;10055.0;5
84100;Mark 01;Mark 55;VELVETFRUIT_EXTRACT;XIREC;5254.0;3
84900;Mark 14;Mark 38;HYDROGEL_PACK;XIREC;10040.0;5
85000;Mark 55;Mark 22;VELVETFRUIT_EXTRACT;XIREC;5248.0;6
86100;Mark 01;Mark 55;VELVETFRUIT_EXTRACT;XIREC;5244.0;6
87100;Mark 14;Mark 38;HYDROGEL_PACK;XIREC;10034.0;4
87300;Mark 01;Mark 22;VEV_5400;XIREC;10.0;3
87300;Mark 01;Mark 22;VEV_5500;XIREC;3.0;3
87300;Mark 01;Mark 22;VEV_6000;XIREC;0.0;3
87300;Mark 01;Mark 22;VEV_6500;XIREC;0.0;3
87400;Mark 01;Mark 55;VELVETFRUIT_EXTRACT;XIREC;5245.0;6
88200;Mark 38;Mark 14;VEV_4000;XIREC;1257.0;3
88300;Mark 14;Mark 55;VELVETFRUIT_EXTRACT;XIREC;5245.0;6
89600;Mark 38;Mark 14;VEV_4000;XIREC;1257.0;2
89800;Mark 38;Mark 14;HYDROGEL_PACK;XIREC;10045.0;4
91700;Mark 01;Mark 55;VELVETFRUIT_EXTRACT;XIREC;5250.0;6
92200;Mark 01;Mark 22;VEV_5300;XIREC;40.0;3
92200;Mark 01;Mark 22;VEV_5400;XIREC;12.0;3
92200;Mark 01;Mark 22;VEV_5500;XIREC;3.0;3
92200;Mark 01;Mark 22;VEV_6000;XIREC;0.0;3
92200;Mark 01;Mark 22;VEV_6500;XIREC;0.0;3
92700;Mark 55;Mark 14;VELVETFRUIT_EXTRACT;XIREC;5261.0;5
93700;Mark 55;Mark 14;VELVETFRUIT_EXTRACT;XIREC;5259.0;4
95200;Mark 38;Mark 14;HYDROGEL_PACK;XIREC;10043.0;5
95700;Mark 55;Mark 14;VELVETFRUIT_EXTRACT;XIREC;5259.0;8
96600;Mark 01;Mark 55;VELVETFRUIT_EXTRACT;XIREC;5253.0;4
98400;Mark 55;Mark 14;VELVETFRUIT_EXTRACT;XIREC;5258.0;8
98900;Mark 14;Mark 22;VEV_5200;XIREC;88.0;3
98900;Mark 01;Mark 22;VEV_5300;XIREC;39.0;3
98900;Mark 01;Mark 22;VEV_5400;XIREC;11.0;3
98900;Mark 01;Mark 22;VEV_5500;XIREC;3.0;3
98900;Mark 01;Mark 22;VEV_6000;XIREC;0.0;3
98900;Mark 01;Mark 22;VEV_6500;XIREC;0.0;3
99400;Mark 67;Mark 49;VELVETFRUIT_EXTRACT;XIREC;5253.0;12
100500;Mark 14;Mark 38;HYDROGEL_PACK;XIREC;10010.0;6
101300;Mark 55;Mark 01;VELVETFRUIT_EXTRACT;XIREC;5258.0;4
101900;Mark 01;Mark 55;VELVETFRUIT_EXTRACT;XIREC;5250.0;3
102200;Mark 01;Mark 55;VELVETFRUIT_EXTRACT;XIREC;5253.0;4
103700;Mark 67;Mark 49;VELVETFRUIT_EXTRACT;XIREC;5251.0;8
103800;Mark 14;Mark 55;VELVETFRUIT_EXTRACT;XIREC;5251.0;8
104600;Mark 38;Mark 14;VEV_4000;XIREC;1261.0;1
106800;Mark 14;Mark 38;VEV_4000;XIREC;1239.0;2
108400;Mark 14;Mark 38;HYDROGEL_PACK;XIREC;10026.0;5
108800;Mark 14;Mark 38;VEV_4000;XIREC;1244.0;3
109400;Mark 14;Mark 55;VELVETFRUIT_EXTRACT;XIREC;5252.0;8
109500;Mark 14;Mark 38;HYDROGEL_PACK;XIREC;10013.0;6
110200;Mark 14;Mark 38;HYDROGEL_PACK;XIREC;10019.0;5
111400;Mark 14;Mark 55;VELVETFRUIT_EXTRACT;XIREC;5245.0;4
111600;Mark 49;Mark 22;VELVETFRUIT_EXTRACT;XIREC;5244.0;6
112400;Mark 38;Mark 14;HYDROGEL_PACK;XIREC;10038.0;4
112600;SUBMISSION;;VEV_5300;XIREC;35.0;17
112700;SUBMISSION;;VEV_5300;XIREC;35.0;17
112800;SUBMISSION;;VEV_5300;XIREC;35.0;17
112900;SUBMISSION;;VEV_5300;XIREC;35.0;17
113000;SUBMISSION;;VEV_5300;XIREC;35.0;17
113100;SUBMISSION;;VEV_5200;XIREC;79.0;17
113100;SUBMISSION;;VEV_5300;XIREC;34.0;17
113200;SUBMISSION;;VEV_5200;XIREC;79.0;17
113200;SUBMISSION;;VEV_5300;XIREC;34.0;17
113300;SUBMISSION;;VEV_5200;XIREC;79.0;17
113300;SUBMISSION;;VEV_5300;XIREC;34.0;17
113400;SUBMISSION;;VEV_5200;XIREC;78.0;17
113400;SUBMISSION;;VEV_5300;XIREC;34.0;17
113400;SUBMISSION;;VEV_5400;XIREC;10.0;17
113500;SUBMISSION;;VEV_5200;XIREC;78.0;17
113500;SUBMISSION;;VEV_5300;XIREC;33.0;17
113500;SUBMISSION;;VEV_5400;XIREC;10.0;17
113600;SUBMISSION;;VEV_5200;XIREC;78.0;17
113600;SUBMISSION;;VEV_5300;XIREC;34.0;17
113700;SUBMISSION;;VEV_5200;XIREC;79.0;17
113700;SUBMISSION;;VEV_5300;XIREC;34.0;17
113800;SUBMISSION;;VEV_5200;XIREC;79.0;17
113800;SUBMISSION;;VEV_5300;XIREC;34.0;17
113900;SUBMISSION;;VEV_5200;XIREC;79.0;17
113900;SUBMISSION;;VEV_5300;XIREC;34.0;17
114000;SUBMISSION;;VEV_5300;XIREC;35.0;17
114100;SUBMISSION;;VEV_5300;XIREC;35.0;17
114500;SUBMISSION;;VEV_5300;XIREC;35.0;17
114600;SUBMISSION;;VEV_5300;XIREC;35.0;17
114800;SUBMISSION;;VEV_5300;XIREC;35.0;17
114900;SUBMISSION;;VEV_5300;XIREC;35.0;17
115000;SUBMISSION;;VEV_5300;XIREC;35.0;15
115000;Mark 67;Mark 22;VELVETFRUIT_EXTRACT;XIREC;5239.0;9
115100;SUBMISSION;;VEV_5300;XIREC;35.0;17
115200;SUBMISSION;;VEV_5300;XIREC;35.0;17
115300;SUBMISSION;;VEV_5300;XIREC;35.0;16
115400;SUBMISSION;;VEV_5300;XIREC;35.0;17
115500;SUBMISSION;;VEV_5200;XIREC;79.0;6
115500;SUBMISSION;;VEV_5200;XIREC;80.0;11
115500;SUBMISSION;;VEV_5300;XIREC;34.0;8
115500;SUBMISSION;;VEV_5300;XIREC;35.0;9
115600;SUBMISSION;;VEV_5300;XIREC;35.0;17
115700;SUBMISSION;;VEV_5200;XIREC;79.0;17
115700;SUBMISSION;;VEV_5300;XIREC;34.0;17
115800;SUBMISSION;;VEV_5200;XIREC;79.0;17
115800;SUBMISSION;;VEV_5300;XIREC;34.0;9
115800;SUBMISSION;;VEV_5300;XIREC;35.0;8
116800;SUBMISSION;;VEV_5300;XIREC;35.0;17
116900;SUBMISSION;;VEV_5300;XIREC;35.0;17
117000;SUBMISSION;;VEV_5300;XIREC;35.0;17
117100;SUBMISSION;;VEV_5300;XIREC;35.0;17
117200;SUBMISSION;;VEV_5200;XIREC;79.0;17
117200;SUBMISSION;;VEV_5300;XIREC;34.0;17
117300;SUBMISSION;;VEV_5200;XIREC;78.0;17
117300;SUBMISSION;;VEV_5300;XIREC;34.0;17
117400;SUBMISSION;;VEV_5000;XIREC;238.0;9
117400;SUBMISSION;;VEV_5000;XIREC;239.0;8
117400;SUBMISSION;;VEV_5100;XIREC;148.0;17
117400;SUBMISSION;;VEV_5200;XIREC;76.0;17
117400;SUBMISSION;;VEV_5300;XIREC;33.0;8
117400;SUBMISSION;;VEV_5400;XIREC;9.0;17
117400;Mark 67;Mark 49;VELVETFRUIT_EXTRACT;XIREC;5231.0;9
117500;SUBMISSION;;VEV_5100;XIREC;149.0;17
117500;SUBMISSION;;VEV_5200;XIREC;77.0;17
117500;SUBMISSION;;VEV_5400;XIREC;10.0;16
117600;SUBMISSION;;VEV_5100;XIREC;149.0;17
117600;SUBMISSION;;VEV_5200;XIREC;77.0;17
117600;SUBMISSION;;VEV_5400;XIREC;10.0;17
117700;SUBMISSION;;VEV_5200;XIREC;78.0;17
117800;SUBMISSION;;VEV_5200;XIREC;79.0;17
117800;Mark 38;Mark 14;VEV_4000;XIREC;1247.0;1
117900;SUBMISSION;;VEV_5200;XIREC;78.0;12
117900;SUBMISSION;;VEV_5200;XIREC;79.0;5
118000;SUBMISSION;;VEV_5200;XIREC;78.0;6
118000;SUBMISSION;;VEV_5200;XIREC;79.0;11
118100;SUBMISSION;;VEV_5200;XIREC;78.0;11
118100;SUBMISSION;;VEV_5200;XIREC;79.0;6
118200;SUBMISSION;;VEV_5200;XIREC;79.0;17
118300;SUBMISSION;;VEV_5200;XIREC;79.0;17
118400;SUBMISSION;;VEV_5200;XIREC;78.0;9
118400;SUBMISSION;;VEV_5200;XIREC;79.0;8
118500;SUBMISSION;;VEV_5200;XIREC;79.0;17
118500;Mark 38;Mark 14;HYDROGEL_PACK;XIREC;10043.0;5
118600;SUBMISSION;;VEV_5200;XIREC;78.0;17
118700;SUBMISSION;;VEV_5100;XIREC;148.0;4
118700;SUBMISSION;;VEV_5100;XIREC;151.0;13
118700;SUBMISSION;;VEV_5200;XIREC;77.0;4
118700;SUBMISSION;;VEV_5200;XIREC;78.0;7
118700;SUBMISSION;;VEV_5200;XIREC;79.0;6
118700;Mark 01;Mark 22;VEV_5400;XIREC;9.0;4
118700;Mark 01;Mark 22;VEV_5500;XIREC;2.0;4
118700;Mark 01;Mark 22;VEV_6000;XIREC;0.0;4
118700;Mark 01;Mark 22;VEV_6500;XIREC;0.0;4
118800;SUBMISSION;;VEV_5200;XIREC;79.0;9
118800;SUBMISSION;;VEV_5200;XIREC;80.0;8
119000;Mark 14;Mark 38;HYDROGEL_PACK;XIREC;10028.0;6
119200;SUBMISSION;;VEV_5200;XIREC;79.0;8
119200;SUBMISSION;;VEV_5200;XIREC;80.0;9
119300;SUBMISSION;;VEV_5200;XIREC;78.0;8
119300;SUBMISSION;;VEV_5200;XIREC;79.0;9
119400;SUBMISSION;;VEV_5200;XIREC;79.0;17
119500;SUBMISSION;;VEV_5200;XIREC;78.0;17
119600;SUBMISSION;;VEV_5200;XIREC;78.0;7
119600;SUBMISSION;;VEV_5200;XIREC;79.0;10
119700;Mark 55;Mark 01;VELVETFRUIT_EXTRACT;XIREC;5241.0;6
119900;Mark 14;Mark 38;HYDROGEL_PACK;XIREC;10022.0;2
121500;Mark 38;Mark 14;HYDROGEL_PACK;XIREC;10030.0;4
121800;Mark 67;Mark 22;VELVETFRUIT_EXTRACT;XIREC;5243.0;8
122400;Mark 14;Mark 55;VELVETFRUIT_EXTRACT;XIREC;5241.0;5
122600;Mark 14;Mark 38;HYDROGEL_PACK;XIREC;10012.0;4
123100;Mark 38;Mark 14;VEV_4000;XIREC;1255.0;3
123700;Mark 14;Mark 38;HYDROGEL_PACK;XIREC;10010.0;2
124700;Mark 55;Mark 14;VELVETFRUIT_EXTRACT;XIREC;5242.0;4
125300;Mark 38;Mark 14;HYDROGEL_PACK;XIREC;10029.0;4
125600;SUBMISSION;;VEV_5200;XIREC;79.0;11
125600;SUBMISSION;;VEV_5200;XIREC;80.0;6
125700;Mark 38;Mark 14;VEV_4000;XIREC;1249.0;1
126200;SUBMISSION;;VEV_5200;XIREC;79.0;5
126600;Mark 14;Mark 38;HYDROGEL_PACK;XIREC;10020.0;6
126600;Mark 01;Mark 22;VEV_5400;XIREC;9.0;5
126600;Mark 01;Mark 22;VEV_5500;XIREC;2.0;5
126600;Mark 01;Mark 22;VEV_6000;XIREC;0.0;5
126600;Mark 01;Mark 22;VEV_6500;XIREC;0.0;5
127100;Mark 55;Mark 14;VELVETFRUIT_EXTRACT;XIREC;5242.0;7
128200;Mark 38;Mark 14;HYDROGEL_PACK;XIREC;10029.0;2
128700;Mark 01;Mark 22;VEV_5200;XIREC;77.0;3
128700;Mark 14;Mark 22;VEV_5300;XIREC;33.0;3
128700;Mark 01;Mark 22;VEV_5400;XIREC;9.0;3
128700;Mark 01;Mark 22;VEV_5500;XIREC;2.0;3
128700;Mark 01;Mark 22;VEV_6000;XIREC;0.0;3
128700;Mark 01;Mark 22;VEV_6500;XIREC;0.0;3
129000;Mark 55;Mark 01;VELVETFRUIT_EXTRACT;XIREC;5240.0;8
129800;Mark 14;Mark 38;VEV_4000;XIREC;1233.0;1
130000;Mark 14;Mark 38;HYDROGEL_PACK;XIREC;10014.0;4
130700;Mark 38;Mark 14;HYDROGEL_PACK;XIREC;10026.0;2
130800;Mark 67;Mark 22;VELVETFRUIT_EXTRACT;XIREC;5247.0;9
131500;Mark 38;Mark 14;HYDROGEL_PACK;XIREC;10020.0;5
132100;Mark 01;Mark 22;VEV_5400;XIREC;10.0;4
132100;Mark 01;Mark 22;VEV_5500;XIREC;3.0;4
132100;Mark 01;Mark 22;VEV_6000;XIREC;0.0;4
132100;Mark 01;Mark 22;VEV_6500;XIREC;0.0;4
132500;Mark 55;Mark 14;VELVETFRUIT_EXTRACT;XIREC;5253.0;3
135900;Mark 55;Mark 14;VELVETFRUIT_EXTRACT;XIREC;5255.0;6
136100;Mark 14;Mark 38;HYDROGEL_PACK;XIREC;10018.0;6
137700;Mark 01;Mark 22;VEV_5300;XIREC;36.0;4
137700;Mark 01;Mark 22;VEV_5400;XIREC;10.0;4
137700;Mark 01;Mark 22;VEV_5500;XIREC;3.0;4
137700;Mark 01;Mark 22;VEV_6000;XIREC;0.0;4
137700;Mark 01;Mark 22;VEV_6500;XIREC;0.0;4
138200;Mark 38;Mark 14;HYDROGEL_PACK;XIREC;10023.0;4
139400;Mark 38;Mark 14;VEV_4000;XIREC;1254.0;1
140700;Mark 38;Mark 14;VEV_4000;XIREC;1251.0;2
141900;Mark 14;Mark 55;VELVETFRUIT_EXTRACT;XIREC;5236.0;6
142700;Mark 38;Mark 14;HYDROGEL_PACK;XIREC;10015.0;6
142700;Mark 01;Mark 22;VEV_5400;XIREC;9.0;5
142700;Mark 01;Mark 22;VEV_5500;XIREC;2.0;5
142700;Mark 01;Mark 22;VEV_6000;XIREC;0.0;5
142700;Mark 01;Mark 22;VEV_6500;XIREC;0.0;5
143600;Mark 14;Mark 55;VELVETFRUIT_EXTRACT;XIREC;5243.0;4
144500;Mark 55;Mark 01;VELVETFRUIT_EXTRACT;XIREC;5247.0;7
144800;Mark 01;Mark 22;VEV_5400;XIREC;10.0;3
144800;Mark 01;Mark 22;VEV_5500;XIREC;2.0;3
144800;Mark 01;Mark 22;VEV_6000;XIREC;0.0;3
144800;Mark 01;Mark 22;VEV_6500;XIREC;0.0;3
145100;Mark 14;Mark 55;VELVETFRUIT_EXTRACT;XIREC;5243.0;5
145500;Mark 14;Mark 38;VEV_4000;XIREC;1235.0;2
148500;Mark 14;Mark 38;HYDROGEL_PACK;XIREC;9999.0;3
148800;Mark 14;Mark 38;VEV_4000;XIREC;1234.0;2
150300;Mark 14;Mark 38;HYDROGEL_PACK;XIREC;9988.0;3
150700;Mark 14;Mark 38;HYDROGEL_PACK;XIREC;9990.0;3
151400;Mark 38;Mark 14;HYDROGEL_PACK;XIREC;10015.0;6
151600;Mark 55;Mark 01;VELVETFRUIT_EXTRACT;XIREC;5245.0;7
152300;Mark 38;Mark 14;HYDROGEL_PACK;XIREC;10019.0;4
153500;Mark 14;Mark 55;VELVETFRUIT_EXTRACT;XIREC;5240.0;7
153700;Mark 14;Mark 38;HYDROGEL_PACK;XIREC;10012.0;3
155400;Mark 38;Mark 22;VEV_4000;XIREC;1239.0;2
155400;Mark 38;Mark 22;VEV_4500;XIREC;739.0;2
155400;Mark 38;Mark 22;VEV_5000;XIREC;242.0;2
155400;Mark 38;Mark 22;VEV_5100;XIREC;151.0;2
155400;Mark 38;Mark 22;VEV_5200;XIREC;79.0;2
155400;Mark 01;Mark 22;VEV_5300;XIREC;33.0;2
155400;Mark 01;Mark 22;VEV_5400;XIREC;9.0;2
155400;Mark 01;Mark 22;VEV_5500;XIREC;2.0;2
155400;Mark 01;Mark 22;VEV_6000;XIREC;0.0;2
155400;Mark 01;Mark 22;VEV_6500;XIREC;0.0;2
156700;SUBMISSION;;VEV_5100;XIREC;148.0;8
156700;SUBMISSION;;VEV_5100;XIREC;149.0;9
156700;SUBMISSION;;VEV_5400;XIREC;10.0;17
156800;SUBMISSION;;VEV_5100;XIREC;148.0;7
156800;SUBMISSION;;VEV_5100;XIREC;149.0;10
156800;SUBMISSION;;VEV_5400;XIREC;10.0;17
156900;SUBMISSION;;VEV_5100;XIREC;148.0;17
156900;SUBMISSION;;VEV_5400;XIREC;9.0;17
157000;SUBMISSION;;VEV_5100;XIREC;148.0;6
157000;SUBMISSION;;VEV_5100;XIREC;149.0;11
157000;SUBMISSION;;VEV_5400;XIREC;10.0;17
157100;SUBMISSION;;VEV_5100;XIREC;148.0;8
157100;SUBMISSION;;VEV_5100;XIREC;149.0;9
157100;SUBMISSION;;VEV_5400;XIREC;10.0;17
157200;SUBMISSION;;VEV_5100;XIREC;148.0;12
157200;SUBMISSION;;VEV_5100;XIREC;149.0;5
157200;SUBMISSION;;VEV_5400;XIREC;10.0;17
157300;SUBMISSION;;VEV_5100;XIREC;148.0;6
157300;SUBMISSION;;VEV_5100;XIREC;149.0;11
157300;SUBMISSION;;VEV_5400;XIREC;9.0;6
157300;SUBMISSION;;VEV_5400;XIREC;10.0;11
157400;SUBMISSION;;VEV_5100;XIREC;149.0;17
157400;SUBMISSION;;VEV_5400;XIREC;10.0;17
157500;SUBMISSION;;VEV_5100;XIREC;149.0;17
157500;SUBMISSION;;VEV_5400;XIREC;10.0;17
157500;Mark 38;Mark 14;HYDROGEL_PACK;XIREC;10033.0;6
157600;SUBMISSION;;VEV_5100;XIREC;148.0;17
157600;SUBMISSION;;VEV_5400;XIREC;9.0;17
157700;SUBMISSION;;VEV_5400;XIREC;10.0;17
157800;SUBMISSION;;VEV_5100;XIREC;149.0;8
157800;SUBMISSION;;VEV_5100;XIREC;150.0;9
157800;SUBMISSION;;VEV_5400;XIREC;10.0;17
157900;SUBMISSION;;VEV_5100;XIREC;149.0;17
157900;SUBMISSION;;VEV_5400;XIREC;10.0;17
158000;SUBMISSION;;VEV_5100;XIREC;149.0;17
158000;SUBMISSION;;VEV_5400;XIREC;10.0;17
158000;Mark 55;Mark 01;VELVETFRUIT_EXTRACT;XIREC;5237.0;8
158100;SUBMISSION;;VEV_5400;XIREC;10.0;17
158200;SUBMISSION;;VEV_5100;XIREC;149.0;6
158200;SUBMISSION;;VEV_5100;XIREC;150.0;11
158200;SUBMISSION;;VEV_5400;XIREC;10.0;17
158300;SUBMISSION;;VEV_5100;XIREC;148.0;11
158300;SUBMISSION;;VEV_5100;XIREC;149.0;6
158300;SUBMISSION;;VEV_5400;XIREC;9.0;6
158300;SUBMISSION;;VEV_5400;XIREC;10.0;11
158400;SUBMISSION;;VEV_5000;XIREC;236.0;6
158400;SUBMISSION;;VEV_5000;XIREC;237.0;11
158400;SUBMISSION;;VEV_5100;XIREC;145.0;6
158400;SUBMISSION;;VEV_5100;XIREC;146.0;11
158400;SUBMISSION;;VEV_5400;XIREC;9.0;17
158500;SUBMISSION;;VEV_5000;XIREC;236.0;6
158500;SUBMISSION;;VEV_5000;XIREC;237.0;11
158500;SUBMISSION;;VEV_5100;XIREC;146.0;17
158500;SUBMISSION;;VEV_5400;XIREC;9.0;17
158600;SUBMISSION;;VEV_5000;XIREC;237.0;10
158600;SUBMISSION;;VEV_5000;XIREC;238.0;7
158600;SUBMISSION;;VEV_5100;XIREC;147.0;17
158600;SUBMISSION;;VEV_5400;XIREC;9.0;17
158700;SUBMISSION;;VEV_5000;XIREC;237.0;9
158700;SUBMISSION;;VEV_5000;XIREC;238.0;8
158700;SUBMISSION;;VEV_5100;XIREC;146.0;9
158700;SUBMISSION;;VEV_5100;XIREC;147.0;8
158700;SUBMISSION;;VEV_5400;XIREC;9.0;17
158800;SUBMISSION;;VEV_5100;XIREC;148.0;17
158800;SUBMISSION;;VEV_5400;XIREC;9.0;15
158900;SUBMISSION;;VEV_5100;XIREC;148.0;8
158900;SUBMISSION;;VEV_5100;XIREC;149.0;9
158900;SUBMISSION;;VEV_5400;XIREC;9.0;10
158900;SUBMISSION;;VEV_5400;XIREC;10.0;7
159000;SUBMISSION;;VEV_5100;XIREC;149.0;17
159000;SUBMISSION;;VEV_5400;XIREC;9.0;9
159000;SUBMISSION;;VEV_5400;XIREC;10.0;8
159100;SUBMISSION;;VEV_5000;XIREC;238.0;17
159100;SUBMISSION;;VEV_5100;XIREC;147.0;17
159100;SUBMISSION;;VEV_5400;XIREC;9.0;17
159200;SUBMISSION;;VEV_5100;XIREC;148.0;11
159200;SUBMISSION;;VEV_5100;XIREC;149.0;6
159200;SUBMISSION;;VEV_5400;XIREC;9.0;17
159300;SUBMISSION;;VEV_5400;XIREC;10.0;17
159500;SUBMISSION;;VEV_5400;XIREC;10.0;17
159600;SUBMISSION;;VEV_5100;XIREC;148.0;10
159600;SUBMISSION;;VEV_5100;XIREC;149.0;7
159600;SUBMISSION;;VEV_5400;XIREC;9.0;8
159600;SUBMISSION;;VEV_5400;XIREC;10.0;9
159700;SUBMISSION;;VEV_5100;XIREC;148.0;17
159700;SUBMISSION;;VEV_5400;XIREC;9.0;17
159800;SUBMISSION;;VEV_5100;XIREC;148.0;7
159800;SUBMISSION;;VEV_5100;XIREC;149.0;10
159800;SUBMISSION;;VEV_5400;XIREC;9.0;6
159800;SUBMISSION;;VEV_5400;XIREC;10.0;2
159900;SUBMISSION;;VEV_5100;XIREC;148.0;8
159900;SUBMISSION;;VEV_5100;XIREC;149.0;9
160000;SUBMISSION;;VEV_5100;XIREC;149.0;17
160000;Mark 55;Mark 14;VELVETFRUIT_EXTRACT;XIREC;5236.0;8
160100;Mark 38;Mark 14;HYDROGEL_PACK;XIREC;10044.0;4
165300;Mark 38;Mark 14;VEV_4000;XIREC;1251.0;3
165600;Mark 01;Mark 55;VELVETFRUIT_EXTRACT;XIREC;5237.0;6
166000;Mark 01;Mark 22;VEV_5400;XIREC;9.0;5
166000;Mark 01;Mark 22;VEV_5500;XIREC;2.0;5
166000;Mark 01;Mark 22;VEV_6000;XIREC;0.0;5
166000;Mark 01;Mark 22;VEV_6500;XIREC;0.0;5
167900;Mark 14;Mark 38;VEV_4000;XIREC;1232.0;1
170900;Mark 55;Mark 01;VELVETFRUIT_EXTRACT;XIREC;5249.0;5
172300;Mark 01;Mark 22;VEV_5500;XIREC;3.0;2
172300;Mark 01;Mark 22;VEV_6000;XIREC;0.0;2
172300;Mark 01;Mark 22;VEV_6500;XIREC;0.0;2
173800;Mark 38;Mark 14;HYDROGEL_PACK;XIREC;10037.0;5
174100;Mark 38;Mark 14;HYDROGEL_PACK;XIREC;10040.0;2
174800;Mark 55;Mark 01;VELVETFRUIT_EXTRACT;XIREC;5253.0;5
175100;Mark 38;Mark 14;VEV_4000;XIREC;1259.0;3
175300;Mark 55;Mark 14;VELVETFRUIT_EXTRACT;XIREC;5250.0;7
176700;Mark 14;Mark 38;VEV_4000;XIREC;1238.0;1
177200;Mark 14;Mark 38;HYDROGEL_PACK;XIREC;10030.0;2
180300;Mark 38;Mark 14;VEV_4000;XIREC;1258.0;3
180800;Mark 14;Mark 38;HYDROGEL_PACK;XIREC;10018.0;5
181200;Mark 14;Mark 38;VEV_4000;XIREC;1235.0;2
182100;Mark 38;Mark 14;HYDROGEL_PACK;XIREC;10019.0;6
182100;Mark 14;Mark 38;VEV_4000;XIREC;1237.0;3
182500;Mark 14;Mark 38;HYDROGEL_PACK;XIREC;10007.0;6
182600;Mark 14;Mark 55;VELVETFRUIT_EXTRACT;XIREC;5245.0;6
183100;Mark 14;Mark 38;VEV_4000;XIREC;1237.0;3
183400;Mark 38;Mark 14;HYDROGEL_PACK;XIREC;10031.0;4
186200;Mark 01;Mark 55;VELVETFRUIT_EXTRACT;XIREC;5242.0;8
189100;Mark 14;Mark 38;HYDROGEL_PACK;XIREC;9992.0;4
190700;Mark 01;Mark 55;VELVETFRUIT_EXTRACT;XIREC;5247.0;3
191300;Mark 38;Mark 14;VEV_4000;XIREC;1259.0;1
191900;Mark 14;Mark 38;VEV_4000;XIREC;1236.0;1
192600;Mark 01;Mark 55;VELVETFRUIT_EXTRACT;XIREC;5247.0;6
194700;Mark 14;Mark 38;HYDROGEL_PACK;XIREC;10006.0;3
195800;Mark 55;Mark 01;VELVETFRUIT_EXTRACT;XIREC;5250.0;7
196600;Mark 14;Mark 38;VEV_4000;XIREC;1234.0;1
197500;Mark 55;Mark 14;VELVETFRUIT_EXTRACT;XIREC;5247.0;3
198800;Mark 38;Mark 14;HYDROGEL_PACK;XIREC;10029.0;5
199000;Mark 01;Mark 55;VELVETFRUIT_EXTRACT;XIREC;5236.0;3
200100;Mark 38;Mark 14;HYDROGEL_PACK;XIREC;10028.0;3
201600;Mark 01;Mark 55;VELVETFRUIT_EXTRACT;XIREC;5239.0;4
202200;Mark 14;Mark 38;HYDROGEL_PACK;XIREC;9995.0;5
202500;Mark 38;Mark 14;VEV_4000;XIREC;1247.0;1
203300;SUBMISSION;;VEV_5100;XIREC;149.0;12
203300;SUBMISSION;;VEV_5100;XIREC;150.0;5
203300;Mark 14;Mark 38;HYDROGEL_PACK;XIREC;10000.0;4
203400;SUBMISSION;;VEV_5100;XIREC;149.0;17
203500;SUBMISSION;;VEV_5100;XIREC;149.0;5
203500;Mark 14;Mark 38;HYDROGEL_PACK;XIREC;10003.0;3
203800;Mark 38;Mark 14;VEV_4000;XIREC;1245.0;1
204800;Mark 14;Mark 38;HYDROGEL_PACK;XIREC;9993.0;4
205100;Mark 14;Mark 38;HYDROGEL_PACK;XIREC;9986.0;5
205400;Mark 38;Mark 14;HYDROGEL_PACK;XIREC;10005.0;4
206300;Mark 14;Mark 38;HYDROGEL_PACK;XIREC;9981.0;6
207500;Mark 55;Mark 14;VELVETFRUIT_EXTRACT;XIREC;5237.0;8
207600;Mark 55;Mark 14;VELVETFRUIT_EXTRACT;XIREC;5237.0;5
208400;Mark 55;Mark 14;VELVETFRUIT_EXTRACT;XIREC;5239.0;5
209200;Mark 14;Mark 38;HYDROGEL_PACK;XIREC;9972.0;5
212500;SUBMISSION;;VEV_5000;XIREC;238.0;8
212500;SUBMISSION;;VEV_5000;XIREC;239.0;9
212800;SUBMISSION;;VEV_5000;XIREC;238.0;6
212800;SUBMISSION;;VEV_5000;XIREC;239.0;11
212900;SUBMISSION;;VEV_5000;XIREC;238.0;17
213400;Mark 14;Mark 38;HYDROGEL_PACK;XIREC;9994.0;3
214000;Mark 14;Mark 55;VELVETFRUIT_EXTRACT;XIREC;5233.0;5
214300;SUBMISSION;;VEV_5000;XIREC;238.0;7
214300;SUBMISSION;;VEV_5000;XIREC;239.0;10
214600;SUBMISSION;;VEV_5000;XIREC;238.0;7
214600;SUBMISSION;;VEV_5000;XIREC;239.0;10
214700;SUBMISSION;;VEV_5000;XIREC;238.0;7
214700;SUBMISSION;;VEV_5000;XIREC;239.0;10
214800;SUBMISSION;;VEV_5000;XIREC;238.0;9
214800;SUBMISSION;;VEV_5000;XIREC;239.0;8
215000;SUBMISSION;;VEV_5000;XIREC;238.0;11
215000;SUBMISSION;;VEV_5000;XIREC;239.0;6
215100;SUBMISSION;;VEV_5000;XIREC;238.0;9
215100;SUBMISSION;;VEV_5000;XIREC;239.0;8
215100;Mark 67;Mark 49;VELVETFRUIT_EXTRACT;XIREC;5231.0;14
215200;SUBMISSION;;VEV_5000;XIREC;238.0;10
215200;SUBMISSION;;VEV_5000;XIREC;239.0;7
215300;SUBMISSION;;VEV_5000;XIREC;236.0;8
215300;SUBMISSION;;VEV_5000;XIREC;237.0;9
215400;SUBMISSION;;VEV_5000;XIREC;237.0;9
215400;SUBMISSION;;VEV_5000;XIREC;238.0;8
215500;SUBMISSION;;VEV_5000;XIREC;237.0;17
215600;SUBMISSION;;VEV_5000;XIREC;238.0;11
215600;SUBMISSION;;VEV_5000;XIREC;239.0;6
215700;SUBMISSION;;VEV_5000;XIREC;237.0;12
215700;SUBMISSION;;VEV_5000;XIREC;238.0;5
215700;Mark 55;Mark 14;VELVETFRUIT_EXTRACT;XIREC;5234.0;3
215800;SUBMISSION;;VEV_5000;XIREC;238.0;7
215800;SUBMISSION;;VEV_5000;XIREC;239.0;10
215900;SUBMISSION;;VEV_5000;XIREC;238.0;17
216000;SUBMISSION;;VEV_5000;XIREC;238.0;11
216000;SUBMISSION;;VEV_5000;XIREC;239.0;6
216100;SUBMISSION;;VEV_5000;XIREC;238.0;6
216100;SUBMISSION;;VEV_5000;XIREC;239.0;11
216300;SUBMISSION;;VEV_5000;XIREC;236.0;12
216300;SUBMISSION;;VEV_5000;XIREC;237.0;5
216400;SUBMISSION;;VELVETFRUIT_EXTRACT;XIREC;5232.0;16
216400;SUBMISSION;;VELVETFRUIT_EXTRACT;XIREC;5233.0;1
216400;SUBMISSION;;VEV_4000;XIREC;1240.0;13
216400;SUBMISSION;;VEV_4000;XIREC;1242.0;4
216400;SUBMISSION;;VEV_4500;XIREC;737.0;9
216400;SUBMISSION;;VEV_4500;XIREC;739.0;8
216400;SUBMISSION;;VEV_5000;XIREC;236.0;17
216500;SUBMISSION;;VELVETFRUIT_EXTRACT;XIREC;5232.0;17
216500;SUBMISSION;;VEV_4000;XIREC;1240.0;9
216500;SUBMISSION;;VEV_4000;XIREC;1243.0;8
216500;SUBMISSION;;VEV_5000;XIREC;236.0;17
216600;SUBMISSION;;VELVETFRUIT_EXTRACT;XIREC;5231.0;17
216600;SUBMISSION;;VEV_4000;XIREC;1239.0;8
216600;SUBMISSION;;VEV_4000;XIREC;1242.0;9
216600;SUBMISSION;;VEV_4500;XIREC;737.0;11
216600;SUBMISSION;;VEV_4500;XIREC;738.0;6
216600;SUBMISSION;;VEV_5000;XIREC;235.0;17
216700;SUBMISSION;;VELVETFRUIT_EXTRACT;XIREC;5230.0;17
216700;SUBMISSION;;VEV_4000;XIREC;1238.0;15
216700;SUBMISSION;;VEV_4000;XIREC;1240.0;2
216700;SUBMISSION;;VEV_4500;XIREC;735.0;10
216700;SUBMISSION;;VEV_4500;XIREC;737.0;7
216700;SUBMISSION;;VEV_5000;XIREC;233.0;10
216700;SUBMISSION;;VEV_5000;XIREC;234.0;7
216800;SUBMISSION;;VELVETFRUIT_EXTRACT;XIREC;5231.0;17
216800;SUBMISSION;;VEV_4000;XIREC;1239.0;14
216800;SUBMISSION;;VEV_4000;XIREC;1241.0;3
216800;SUBMISSION;;VEV_4500;XIREC;736.0;6
216800;SUBMISSION;;VEV_4500;XIREC;738.0;11
216800;SUBMISSION;;VEV_5000;XIREC;235.0;17
216900;SUBMISSION;;VELVETFRUIT_EXTRACT;XIREC;5232.0;17
216900;SUBMISSION;;VEV_4000;XIREC;1239.0;7
216900;SUBMISSION;;VEV_4000;XIREC;1242.0;10
216900;SUBMISSION;;VEV_4500;XIREC;737.0;10
216900;SUBMISSION;;VEV_4500;XIREC;739.0;7
216900;SUBMISSION;;VEV_5000;XIREC;235.0;17
217000;SUBMISSION;;VELVETFRUIT_EXTRACT;XIREC;5229.0;17
217000;SUBMISSION;;VEV_4000;XIREC;1237.0;13
217000;SUBMISSION;;VEV_4000;XIREC;1239.0;4
217000;SUBMISSION;;VEV_4500;XIREC;734.0;7
217000;SUBMISSION;;VEV_4500;XIREC;736.0;10
217000;SUBMISSION;;VEV_5000;XIREC;233.0;17
217100;SUBMISSION;;VELVETFRUIT_EXTRACT;XIREC;5230.0;17
217100;SUBMISSION;;VEV_4000;XIREC;1238.0;14
217100;SUBMISSION;;VEV_4000;XIREC;1240.0;3
217100;SUBMISSION;;VEV_4500;XIREC;735.0;8
217100;SUBMISSION;;VEV_4500;XIREC;737.0;9
217100;SUBMISSION;;VEV_5000;XIREC;233.0;8
217100;SUBMISSION;;VEV_5000;XIREC;234.0;9
217100;Mark 38;Mark 22;HYDROGEL_PACK;XIREC;10020.0;3
217200;SUBMISSION;;VELVETFRUIT_EXTRACT;XIREC;5231.0;17
217200;SUBMISSION;;VEV_4000;XIREC;1238.0;7
217200;SUBMISSION;;VEV_4000;XIREC;1241.0;10
217200;SUBMISSION;;VEV_4500;XIREC;736.0;9
217200;SUBMISSION;;VEV_4500;XIREC;738.0;8
217200;SUBMISSION;;VEV_5000;XIREC;234.0;9
217200;SUBMISSION;;VEV_5000;XIREC;235.0;8
217300;SUBMISSION;;VELVETFRUIT_EXTRACT;XIREC;5226.0;13
217300;SUBMISSION;;VELVETFRUIT_EXTRACT;XIREC;5230.0;4
217300;SUBMISSION;;VEV_4000;XIREC;1238.0;7
217300;SUBMISSION;;VEV_4000;XIREC;1240.0;10
217300;SUBMISSION;;VEV_4500;XIREC;735.0;11
217300;SUBMISSION;;VEV_4500;XIREC;737.0;6
217300;SUBMISSION;;VEV_5000;XIREC;233.0;5
217400;SUBMISSION;;VELVETFRUIT_EXTRACT;XIREC;5230.0;17
217400;SUBMISSION;;VEV_4000;XIREC;1238.0;14
217400;SUBMISSION;;VEV_4000;XIREC;1241.0;3
217400;SUBMISSION;;VEV_4500;XIREC;736.0;11
217400;SUBMISSION;;VEV_4500;XIREC;737.0;6
217500;SUBMISSION;;VELVETFRUIT_EXTRACT;XIREC;5231.0;17
217500;SUBMISSION;;VEV_4000;XIREC;1239.0;13
217500;SUBMISSION;;VEV_4000;XIREC;1241.0;4
217500;SUBMISSION;;VEV_4500;XIREC;736.0;6
217500;SUBMISSION;;VEV_4500;XIREC;738.0;11
217600;SUBMISSION;;VELVETFRUIT_EXTRACT;XIREC;5231.0;17
217600;SUBMISSION;;VEV_4000;XIREC;1238.0;7
217600;SUBMISSION;;VEV_4000;XIREC;1241.0;10
217600;SUBMISSION;;VEV_4500;XIREC;736.0;11
217600;SUBMISSION;;VEV_4500;XIREC;738.0;6
217700;SUBMISSION;;VELVETFRUIT_EXTRACT;XIREC;5229.0;17
217700;SUBMISSION;;VEV_4000;XIREC;1237.0;13
217700;SUBMISSION;;VEV_4000;XIREC;1239.0;4
217700;SUBMISSION;;VEV_4500;XIREC;734.0;11
217700;SUBMISSION;;VEV_4500;XIREC;736.0;6
217800;SUBMISSION;;VELVETFRUIT_EXTRACT;XIREC;5230.0;17
217800;SUBMISSION;;VEV_4000;XIREC;1238.0;9
217800;SUBMISSION;;VEV_4000;XIREC;1240.0;8
217800;SUBMISSION;;VEV_4500;XIREC;735.0;7
217800;SUBMISSION;;VEV_4500;XIREC;737.0;10
217900;SUBMISSION;;VELVETFRUIT_EXTRACT;XIREC;5230.0;17
217900;SUBMISSION;;VEV_4000;XIREC;1238.0;12
217900;SUBMISSION;;VEV_4000;XIREC;1240.0;5
217900;SUBMISSION;;VEV_4500;XIREC;735.0;6
217900;SUBMISSION;;VEV_4500;XIREC;737.0;11
218000;SUBMISSION;;VELVETFRUIT_EXTRACT;XIREC;5230.0;17
218000;SUBMISSION;;VEV_4000;XIREC;1238.0;14
218000;SUBMISSION;;VEV_4000;XIREC;1240.0;3
218000;SUBMISSION;;VEV_4500;XIREC;735.0;7
218000;SUBMISSION;;VEV_4500;XIREC;737.0;10
218100;SUBMISSION;;VELVETFRUIT_EXTRACT;XIREC;5232.0;17
218100;SUBMISSION;;VEV_4000;XIREC;1240.0;7
218100;SUBMISSION;;VEV_4000;XIREC;1242.0;10
218100;SUBMISSION;;VEV_4500;XIREC;737.0;8
218100;SUBMISSION;;VEV_4500;XIREC;739.0;9
218200;Mark 55;Mark 01;VELVETFRUIT_EXTRACT;XIREC;5233.0;8
218300;SUBMISSION;;VELVETFRUIT_EXTRACT;XIREC;5231.0;17
218300;SUBMISSION;;VEV_4000;XIREC;1228.0;5
218300;SUBMISSION;;VEV_4000;XIREC;1239.0;8
218300;SUBMISSION;;VEV_4000;XIREC;1241.0;4
218300;SUBMISSION;;VEV_4500;XIREC;728.0;5
218300;SUBMISSION;;VEV_4500;XIREC;736.0;7
218300;SUBMISSION;;VEV_4500;XIREC;738.0;5
218300;Mark 01;Mark 22;VEV_5300;XIREC;29.0;5
218300;Mark 01;Mark 22;VEV_5400;XIREC;8.0;5
218300;Mark 01;Mark 22;VEV_5500;XIREC;2.0;5
218300;Mark 01;Mark 22;VEV_6000;XIREC;0.0;5
218300;Mark 01;Mark 22;VEV_6500;XIREC;0.0;5
218400;SUBMISSION;;VELVETFRUIT_EXTRACT;XIREC;5230.0;17
218400;SUBMISSION;;VEV_4000;XIREC;1238.0;11
218400;SUBMISSION;;VEV_4000;XIREC;1240.0;6
218400;SUBMISSION;;VEV_4500;XIREC;735.0;7
218400;SUBMISSION;;VEV_4500;XIREC;737.0;10
218500;SUBMISSION;;VELVETFRUIT_EXTRACT;XIREC;5232.0;17
218500;SUBMISSION;;VEV_4000;XIREC;1240.0;12
218500;SUBMISSION;;VEV_4000;XIREC;1242.0;5
218500;SUBMISSION;;VEV_4500;XIREC;737.0;9
218500;SUBMISSION;;VEV_4500;XIREC;739.0;8
218800;SUBMISSION;;VELVETFRUIT_EXTRACT;XIREC;5232.0;17
218800;SUBMISSION;;VEV_4000;XIREC;1240.0;10
218800;SUBMISSION;;VEV_4000;XIREC;1242.0;7
218800;SUBMISSION;;VEV_4500;XIREC;737.0;12
218800;SUBMISSION;;VEV_4500;XIREC;739.0;5
219000;SUBMISSION;;VELVETFRUIT_EXTRACT;XIREC;5232.0;17
219100;SUBMISSION;;VELVETFRUIT_EXTRACT;XIREC;5232.0;9
219100;SUBMISSION;;VEV_4000;XIREC;1240.0;7
219100;SUBMISSION;;VEV_4000;XIREC;1242.0;10
219100;SUBMISSION;;VEV_4500;XIREC;737.0;7
219100;SUBMISSION;;VEV_4500;XIREC;739.0;10
219200;SUBMISSION;;VEV_4000;XIREC;1239.0;14
219200;SUBMISSION;;VEV_4000;XIREC;1242.0;3
219200;SUBMISSION;;VEV_4500;XIREC;737.0;6
219200;SUBMISSION;;VEV_4500;XIREC;739.0;11
219300;SUBMISSION;;VEV_4000;XIREC;1240.0;15
219300;SUBMISSION;;VEV_4000;XIREC;1242.0;2
219300;SUBMISSION;;VEV_4500;XIREC;737.0;12
219300;SUBMISSION;;VEV_4500;XIREC;739.0;5
220600;Mark 14;Mark 38;HYDROGEL_PACK;XIREC;10013.0;5
220800;SUBMISSION;;VEV_4000;XIREC;1233.0;4
220800;SUBMISSION;;VEV_4000;XIREC;1244.0;7
220800;SUBMISSION;;VEV_4000;XIREC;1246.0;6
220800;SUBMISSION;;VEV_4500;XIREC;733.0;4
220800;SUBMISSION;;VEV_4500;XIREC;741.0;9
220800;SUBMISSION;;VEV_4500;XIREC;743.0;4
220800;Mark 01;Mark 22;VEV_5300;XIREC;31.0;4
220800;Mark 01;Mark 22;VEV_5400;XIREC;8.0;4
220800;Mark 01;Mark 22;VEV_5500;XIREC;2.0;4
220800;Mark 01;Mark 22;VEV_6000;XIREC;0.0;4
220800;Mark 01;Mark 22;VEV_6500;XIREC;0.0;4
221900;SUBMISSION;;VEV_4000;XIREC;1240.0;12
221900;SUBMISSION;;VEV_4000;XIREC;1243.0;5
221900;Mark 38;Mark 14;HYDROGEL_PACK;XIREC;10036.0;5
222100;SUBMISSION;;VEV_4000;XIREC;1240.0;15
222100;SUBMISSION;;VEV_4000;XIREC;1243.0;2
222200;SUBMISSION;;VEV_4000;XIREC;1239.0;8
222200;SUBMISSION;;VEV_4000;XIREC;1242.0;9
222200;SUBMISSION;;VEV_4500;XIREC;737.0;9
222200;SUBMISSION;;VEV_4500;XIREC;739.0;8
222300;SUBMISSION;;VEV_4000;XIREC;1239.0;7
222300;SUBMISSION;;VEV_4000;XIREC;1242.0;10
222300;SUBMISSION;;VEV_4500;XIREC;737.0;7
222300;SUBMISSION;;VEV_4500;XIREC;739.0;10
222300;Mark 38;Mark 14;HYDROGEL_PACK;XIREC;10035.0;2
222400;SUBMISSION;;VEV_4000;XIREC;1227.0;2
222400;SUBMISSION;;VEV_4000;XIREC;1238.0;12
222400;SUBMISSION;;VEV_4000;XIREC;1241.0;3
222400;SUBMISSION;;VEV_4500;XIREC;727.0;2
222400;SUBMISSION;;VEV_4500;XIREC;736.0;7
222400;SUBMISSION;;VEV_4500;XIREC;737.0;8
222400;Mark 01;Mark 22;VEV_5200;XIREC;71.0;2
222400;Mark 01;Mark 22;VEV_5300;XIREC;29.0;2
222400;Mark 01;Mark 22;VEV_5400;XIREC;8.0;2
222400;Mark 01;Mark 22;VEV_5500;XIREC;2.0;2
222400;Mark 01;Mark 22;VEV_6000;XIREC;0.0;2
222400;Mark 01;Mark 22;VEV_6500;XIREC;0.0;2
222500;SUBMISSION;;VEV_4000;XIREC;1238.0;12
222500;SUBMISSION;;VEV_4000;XIREC;1240.0;5
222500;SUBMISSION;;VEV_4500;XIREC;735.0;11
222500;SUBMISSION;;VEV_4500;XIREC;737.0;6
222600;SUBMISSION;;VEV_4000;XIREC;1237.0;11
222600;SUBMISSION;;VEV_4000;XIREC;1239.0;6
222600;SUBMISSION;;VEV_4500;XIREC;734.0;10
222600;SUBMISSION;;VEV_4500;XIREC;736.0;7
222700;SUBMISSION;;VEV_4000;XIREC;1238.0;13
222700;SUBMISSION;;VEV_4000;XIREC;1240.0;4
222700;SUBMISSION;;VEV_4500;XIREC;735.0;9
222700;SUBMISSION;;VEV_4500;XIREC;737.0;8
222800;SUBMISSION;;VEV_4000;XIREC;1238.0;13
222800;SUBMISSION;;VEV_4000;XIREC;1240.0;4
222800;SUBMISSION;;VEV_4500;XIREC;735.0;9
222800;SUBMISSION;;VEV_4500;XIREC;737.0;8
222900;SUBMISSION;;VEV_4000;XIREC;1237.0;5
222900;SUBMISSION;;VEV_4500;XIREC;735.0;12
222900;SUBMISSION;;VEV_4500;XIREC;737.0;5
223000;SUBMISSION;;VEV_4500;XIREC;737.0;10
223000;SUBMISSION;;VEV_4500;XIREC;738.0;7
224400;SUBMISSION;;VEV_4500;XIREC;737.0;7
224400;SUBMISSION;;VEV_4500;XIREC;738.0;10
224400;Mark 55;Mark 14;VELVETFRUIT_EXTRACT;XIREC;5231.0;4
224500;SUBMISSION;;VEV_4500;XIREC;737.0;5
225000;Mark 55;Mark 14;VELVETFRUIT_EXTRACT;XIREC;5232.0;7
229500;Mark 14;Mark 55;VELVETFRUIT_EXTRACT;XIREC;5239.0;4
229500;Mark 38;Mark 14;VEV_4000;XIREC;1252.0;2
230300;Mark 14;Mark 38;HYDROGEL_PACK;XIREC;9972.0;5
230900;Mark 38;Mark 14;HYDROGEL_PACK;XIREC;9984.0;6
231300;Mark 14;Mark 38;HYDROGEL_PACK;XIREC;9968.0;3
231300;Mark 01;Mark 55;VELVETFRUIT_EXTRACT;XIREC;5238.0;7
233100;Mark 14;Mark 38;VEV_4000;XIREC;1222.0;3
233900;Mark 14;Mark 55;VELVETFRUIT_EXTRACT;XIREC;5233.0;8
234500;Mark 55;Mark 14;VELVETFRUIT_EXTRACT;XIREC;5238.0;4
234700;Mark 38;Mark 14;VEV_4000;XIREC;1244.0;2
235900;Mark 14;Mark 38;HYDROGEL_PACK;XIREC;9992.0;3
236100;Mark 01;Mark 55;VELVETFRUIT_EXTRACT;XIREC;5228.0;8
236300;Mark 14;Mark 38;HYDROGEL_PACK;XIREC;9994.0;4
240100;Mark 14;Mark 38;HYDROGEL_PACK;XIREC;10013.0;2
240700;Mark 14;Mark 38;VEV_4000;XIREC;1225.0;3
241200;Mark 14;Mark 38;VEV_4000;XIREC;1222.0;1
243700;Mark 01;Mark 22;VEV_5300;XIREC;31.0;2
243700;Mark 01;Mark 22;VEV_5400;XIREC;9.0;2
243700;Mark 01;Mark 22;VEV_5500;XIREC;2.0;2
243700;Mark 01;Mark 22;VEV_6000;XIREC;0.0;2
243700;Mark 01;Mark 22;VEV_6500;XIREC;0.0;2
243900;Mark 55;Mark 14;VELVETFRUIT_EXTRACT;XIREC;5239.0;3
245100;Mark 14;Mark 55;VELVETFRUIT_EXTRACT;XIREC;5229.0;8
245700;Mark 14;Mark 55;VELVETFRUIT_EXTRACT;XIREC;5232.0;3
247000;Mark 38;Mark 14;HYDROGEL_PACK;XIREC;10038.0;6
248100;Mark 55;Mark 14;VELVETFRUIT_EXTRACT;XIREC;5239.0;8
250200;Mark 01;Mark 22;VEV_5400;XIREC;9.0;5
250200;Mark 01;Mark 22;VEV_5500;XIREC;2.0;5
250200;Mark 01;Mark 22;VEV_6000;XIREC;0.0;5
250200;Mark 01;Mark 22;VEV_6500;XIREC;0.0;5
251400;Mark 01;Mark 55;VELVETFRUIT_EXTRACT;XIREC;5235.0;4
252100;Mark 55;Mark 01;VELVETFRUIT_EXTRACT;XIREC;5241.0;3
252700;Mark 38;Mark 14;VEV_4000;XIREC;1250.0;1
253400;Mark 14;Mark 22;VEV_5200;XIREC;80.0;5
253400;Mark 01;Mark 22;VEV_5500;XIREC;2.0;5
253400;Mark 01;Mark 22;VEV_6000;XIREC;0.0;5
253400;Mark 01;Mark 22;VEV_6500;XIREC;0.0;5
254000;Mark 67;Mark 22;VELVETFRUIT_EXTRACT;XIREC;5242.0;7
254300;Mark 67;Mark 49;VELVETFRUIT_EXTRACT;XIREC;5239.0;15
254800;Mark 14;Mark 38;HYDROGEL_PACK;XIREC;10031.0;4
254900;Mark 22;Mark 38;HYDROGEL_PACK;XIREC;10036.0;3
256400;Mark 14;Mark 38;HYDROGEL_PACK;XIREC;10032.0;4
258200;Mark 14;Mark 38;HYDROGEL_PACK;XIREC;10010.0;3
259200;Mark 38;Mark 14;HYDROGEL_PACK;XIREC;10023.0;4
259900;Mark 14;Mark 38;HYDROGEL_PACK;XIREC;10001.0;2
260600;Mark 14;Mark 55;VELVETFRUIT_EXTRACT;XIREC;5228.0;6
261600;Mark 14;Mark 38;HYDROGEL_PACK;XIREC;9995.0;6
261700;Mark 55;Mark 01;VELVETFRUIT_EXTRACT;XIREC;5231.0;4
262100;Mark 38;Mark 14;HYDROGEL_PACK;XIREC;10011.0;6
262500;Mark 55;Mark 14;VELVETFRUIT_EXTRACT;XIREC;5231.0;5
263200;Mark 14;Mark 38;VEV_4000;XIREC;1216.0;3
263400;Mark 55;Mark 01;VELVETFRUIT_EXTRACT;XIREC;5231.0;3
263500;Mark 55;Mark 14;VELVETFRUIT_EXTRACT;XIREC;5230.0;5
264000;Mark 67;Mark 49;VELVETFRUIT_EXTRACT;XIREC;5230.0;9
265900;Mark 14;Mark 38;HYDROGEL_PACK;XIREC;9982.0;6
266300;Mark 38;Mark 14;HYDROGEL_PACK;XIREC;10001.0;6
268100;Mark 38;Mark 14;VEV_4000;XIREC;1247.0;3
268500;Mark 14;Mark 55;VELVETFRUIT_EXTRACT;XIREC;5236.0;3
268800;Mark 38;Mark 14;HYDROGEL_PACK;XIREC;10005.0;2
269000;Mark 14;Mark 22;VEV_5200;XIREC;76.0;2
269000;Mark 14;Mark 22;VEV_5300;XIREC;32.0;2
269000;Mark 01;Mark 22;VEV_5400;XIREC;9.0;2
269000;Mark 01;Mark 22;VEV_5500;XIREC;2.0;2
269000;Mark 01;Mark 22;VEV_6000;XIREC;0.0;2
269000;Mark 01;Mark 22;VEV_6500;XIREC;0.0;2
270900;Mark 14;Mark 38;HYDROGEL_PACK;XIREC;9994.0;6
272300;Mark 01;Mark 55;VELVETFRUIT_EXTRACT;XIREC;5233.0;6
273400;Mark 01;Mark 22;VEV_5500;XIREC;2.0;5
273400;Mark 01;Mark 22;VEV_6000;XIREC;0.0;5
273400;Mark 01;Mark 22;VEV_6500;XIREC;0.0;5
276600;Mark 14;Mark 38;HYDROGEL_PACK;XIREC;10001.0;6
277600;Mark 22;Mark 55;VELVETFRUIT_EXTRACT;XIREC;5241.0;5
277800;Mark 14;Mark 38;HYDROGEL_PACK;XIREC;9990.0;6
281100;Mark 14;Mark 55;VELVETFRUIT_EXTRACT;XIREC;5237.0;8
281800;Mark 14;Mark 55;VELVETFRUIT_EXTRACT;XIREC;5237.0;4
281900;Mark 38;Mark 14;HYDROGEL_PACK;XIREC;10020.0;2
282100;Mark 01;Mark 55;VELVETFRUIT_EXTRACT;XIREC;5235.0;7
283900;Mark 01;Mark 55;VELVETFRUIT_EXTRACT;XIREC;5237.0;6
284600;Mark 14;Mark 55;VELVETFRUIT_EXTRACT;XIREC;5241.0;7
285600;Mark 67;Mark 22;VELVETFRUIT_EXTRACT;XIREC;5245.0;7
285700;Mark 14;Mark 55;VELVETFRUIT_EXTRACT;XIREC;5243.0;5
285900;Mark 55;Mark 14;VELVETFRUIT_EXTRACT;XIREC;5247.0;8
287000;Mark 01;Mark 55;VELVETFRUIT_EXTRACT;XIREC;5241.0;7
289400;Mark 01;Mark 22;VEV_5300;XIREC;31.0;2
289400;Mark 01;Mark 22;VEV_5400;XIREC;8.0;2
289400;Mark 01;Mark 22;VEV_5500;XIREC;2.0;2
289400;Mark 01;Mark 22;VEV_6000;XIREC;0.0;2
289400;Mark 01;Mark 22;VEV_6500;XIREC;0.0;2
289600;Mark 49;Mark 22;VELVETFRUIT_EXTRACT;XIREC;5234.0;6
290900;Mark 01;Mark 22;VEV_5300;XIREC;29.0;4
290900;Mark 01;Mark 22;VEV_5400;XIREC;8.0;4
290900;Mark 01;Mark 22;VEV_5500;XIREC;1.0;4
290900;Mark 01;Mark 22;VEV_6000;XIREC;0.0;4
290900;Mark 01;Mark 22;VEV_6500;XIREC;0.0;4
292600;Mark 55;Mark 01;VELVETFRUIT_EXTRACT;XIREC;5230.0;7
293300;Mark 14;Mark 55;VELVETFRUIT_EXTRACT;XIREC;5225.0;3
293400;Mark 01;Mark 55;VELVETFRUIT_EXTRACT;XIREC;5223.0;6
294300;Mark 67;Mark 22;VELVETFRUIT_EXTRACT;XIREC;5226.0;10
295400;Mark 01;Mark 55;VELVETFRUIT_EXTRACT;XIREC;5218.0;3
295600;Mark 55;Mark 01;VELVETFRUIT_EXTRACT;XIREC;5221.0;8
296200;Mark 38;Mark 14;HYDROGEL_PACK;XIREC;10033.0;6
296500;Mark 38;Mark 14;VEV_4000;XIREC;1232.0;3
298100;Mark 55;Mark 14;VELVETFRUIT_EXTRACT;XIREC;5225.0;5
298800;Mark 01;Mark 55;VELVETFRUIT_EXTRACT;XIREC;5217.0;7
302800;Mark 55;Mark 49;VELVETFRUIT_EXTRACT;XIREC;5224.0;3
303900;Mark 14;Mark 38;VEV_4000;XIREC;1210.0;3
305500;Mark 55;Mark 14;VELVETFRUIT_EXTRACT;XIREC;5226.0;8
306100;Mark 14;Mark 38;HYDROGEL_PACK;XIREC;9999.0;4
306300;Mark 55;Mark 01;VELVETFRUIT_EXTRACT;XIREC;5226.0;6
309000;Mark 14;Mark 55;VELVETFRUIT_EXTRACT;XIREC;5220.0;6
310300;Mark 55;Mark 14;VELVETFRUIT_EXTRACT;XIREC;5226.0;3
310600;Mark 38;Mark 14;HYDROGEL_PACK;XIREC;9997.0;5
310900;Mark 55;Mark 49;VELVETFRUIT_EXTRACT;XIREC;5226.0;3
312000;Mark 14;Mark 38;HYDROGEL_PACK;XIREC;9978.0;3
312800;Mark 14;Mark 38;HYDROGEL_PACK;XIREC;9974.0;5
314800;Mark 38;Mark 14;HYDROGEL_PACK;XIREC;9995.0;2
315800;Mark 01;Mark 22;VEV_5300;XIREC;28.0;3
315800;Mark 01;Mark 22;VEV_5400;XIREC;7.0;3
315800;Mark 01;Mark 22;VEV_5500;XIREC;1.0;3
315800;Mark 01;Mark 22;VEV_6000;XIREC;0.0;3
315800;Mark 01;Mark 22;VEV_6500;XIREC;0.0;3
317100;Mark 14;Mark 55;VELVETFRUIT_EXTRACT;XIREC;5224.0;6
317200;Mark 01;Mark 22;VEV_5300;XIREC;28.0;4
317200;Mark 01;Mark 22;VEV_5400;XIREC;7.0;4
317200;Mark 01;Mark 22;VEV_5500;XIREC;1.0;4
317200;Mark 01;Mark 22;VEV_6000;XIREC;0.0;4
317200;Mark 01;Mark 22;VEV_6500;XIREC;0.0;4
318600;Mark 55;Mark 01;VELVETFRUIT_EXTRACT;XIREC;5228.0;4
319100;Mark 14;Mark 38;VEV_4000;XIREC;1213.0;3
319400;Mark 14;Mark 55;VELVETFRUIT_EXTRACT;XIREC;5222.0;5
319700;Mark 01;Mark 22;VEV_5300;XIREC;27.0;2
319700;Mark 01;Mark 22;VEV_5400;XIREC;7.0;2
319700;Mark 01;Mark 22;VEV_5500;XIREC;1.0;2
319700;Mark 01;Mark 22;VEV_6000;XIREC;0.0;2
319700;Mark 01;Mark 22;VEV_6500;XIREC;0.0;2
319800;Mark 14;Mark 38;HYDROGEL_PACK;XIREC;9968.0;2
320200;Mark 55;Mark 01;VELVETFRUIT_EXTRACT;XIREC;5226.0;7
320200;Mark 01;Mark 22;VEV_5300;XIREC;27.0;4
320200;Mark 14;Mark 22;VEV_5400;XIREC;7.0;4
320200;Mark 01;Mark 22;VEV_5500;XIREC;1.0;4
320200;Mark 01;Mark 22;VEV_6000;XIREC;0.0;4
320200;Mark 01;Mark 22;VEV_6500;XIREC;0.0;4
321900;Mark 38;Mark 14;HYDROGEL_PACK;XIREC;9979.0;2
323300;Mark 55;Mark 01;VELVETFRUIT_EXTRACT;XIREC;5229.0;7
323600;Mark 14;Mark 38;HYDROGEL_PACK;XIREC;9965.0;2
323600;Mark 14;Mark 38;VEV_4000;XIREC;1218.0;1
326700;Mark 55;Mark 14;VELVETFRUIT_EXTRACT;XIREC;5235.0;3
326800;Mark 01;Mark 55;VELVETFRUIT_EXTRACT;XIREC;5229.0;8
328200;Mark 14;Mark 55;VELVETFRUIT_EXTRACT;XIREC;5227.0;3
328700;Mark 14;Mark 22;VEV_5200;XIREC;72.0;3
328700;Mark 01;Mark 22;VEV_5300;XIREC;29.0;3
328700;Mark 01;Mark 22;VEV_5400;XIREC;7.0;3
328700;Mark 01;Mark 22;VEV_5500;XIREC;1.0;3
328700;Mark 01;Mark 22;VEV_6000;XIREC;0.0;3
328700;Mark 01;Mark 22;VEV_6500;XIREC;0.0;3
329200;Mark 14;Mark 22;VEV_5200;XIREC;73.0;5
329200;Mark 14;Mark 22;VEV_5300;XIREC;30.0;5
329200;Mark 01;Mark 22;VEV_5500;XIREC;1.0;5
329200;Mark 01;Mark 22;VEV_6000;XIREC;0.0;5
329200;Mark 01;Mark 22;VEV_6500;XIREC;0.0;5
329600;Mark 38;Mark 14;HYDROGEL_PACK;XIREC;10000.0;2
330100;Mark 55;Mark 14;VELVETFRUIT_EXTRACT;XIREC;5241.0;3
330700;Mark 14;Mark 38;HYDROGEL_PACK;XIREC;9978.0;3
332000;Mark 14;Mark 55;VELVETFRUIT_EXTRACT;XIREC;5238.0;8
332600;Mark 01;Mark 22;VEV_5300;XIREC;32.0;2
332600;Mark 01;Mark 22;VEV_5400;XIREC;8.0;2
332600;Mark 01;Mark 22;VEV_5500;XIREC;2.0;2
332600;Mark 01;Mark 22;VEV_6000;XIREC;0.0;2
332600;Mark 01;Mark 22;VEV_6500;XIREC;0.0;2
332700;Mark 14;Mark 38;HYDROGEL_PACK;XIREC;9986.0;5
332800;Mark 14;Mark 55;VELVETFRUIT_EXTRACT;XIREC;5235.0;6
332900;Mark 38;Mark 14;VEV_4000;XIREC;1247.0;3
333600;Mark 14;Mark 55;VELVETFRUIT_EXTRACT;XIREC;5232.0;6
334800;Mark 38;Mark 14;HYDROGEL_PACK;XIREC;10000.0;6
334800;Mark 38;Mark 14;VEV_4000;XIREC;1247.0;2
339000;Mark 14;Mark 38;HYDROGEL_PACK;XIREC;10017.0;3
339800;Mark 38;Mark 14;VEV_4000;XIREC;1240.0;1
339900;Mark 01;Mark 55;VELVETFRUIT_EXTRACT;XIREC;5228.0;3
344400;Mark 38;Mark 14;VEV_4000;XIREC;1239.0;1
344800;Mark 38;Mark 14;HYDROGEL_PACK;XIREC;10041.0;6
345900;Mark 38;Mark 14;VEV_4000;XIREC;1240.0;2
346200;Mark 14;Mark 38;HYDROGEL_PACK;XIREC;10021.0;2
346200;Mark 01;Mark 22;VEV_5400;XIREC;7.0;3
346200;Mark 01;Mark 22;VEV_5500;XIREC;1.0;3
346200;Mark 01;Mark 22;VEV_6000;XIREC;0.0;3
346200;Mark 01;Mark 22;VEV_6500;XIREC;0.0;3
346900;Mark 01;Mark 55;VELVETFRUIT_EXTRACT;XIREC;5221.0;3
347100;Mark 38;Mark 14;HYDROGEL_PACK;XIREC;10045.0;5
349100;Mark 67;Mark 22;VELVETFRUIT_EXTRACT;XIREC;5220.0;6
349700;Mark 38;Mark 14;HYDROGEL_PACK;XIREC;10040.0;2
350300;Mark 14;Mark 22;VEV_5200;XIREC;68.0;4
350300;Mark 01;Mark 22;VEV_5300;XIREC;27.0;4
350300;Mark 01;Mark 22;VEV_5500;XIREC;1.0;4
350300;Mark 01;Mark 22;VEV_6000;XIREC;0.0;4
350300;Mark 01;Mark 22;VEV_6500;XIREC;0.0;4
352000;Mark 67;Mark 49;VELVETFRUIT_EXTRACT;XIREC;5221.0;9
357500;Mark 67;Mark 49;VELVETFRUIT_EXTRACT;XIREC;5216.0;11
358100;Mark 38;Mark 14;HYDROGEL_PACK;XIREC;10043.0;3
358100;Mark 14;Mark 38;VEV_4000;XIREC;1206.0;1
360100;Mark 14;Mark 38;HYDROGEL_PACK;XIREC;10022.0;3
360300;Mark 55;Mark 01;VELVETFRUIT_EXTRACT;XIREC;5219.0;5
361700;Mark 38;Mark 14;HYDROGEL_PACK;XIREC;10036.0;3
362400;Mark 38;Mark 14;VEV_4000;XIREC;1229.0;3
363100;Mark 01;Mark 22;VEV_5200;XIREC;68.0;2
363100;Mark 01;Mark 22;VEV_5300;XIREC;27.0;2
363100;Mark 01;Mark 22;VEV_5400;XIREC;6.0;2
363100;Mark 01;Mark 22;VEV_5500;XIREC;1.0;2
363100;Mark 01;Mark 22;VEV_6000;XIREC;0.0;2
363100;Mark 01;Mark 22;VEV_6500;XIREC;0.0;2
363400;Mark 55;Mark 14;VELVETFRUIT_EXTRACT;XIREC;5228.0;8
363700;Mark 38;Mark 14;HYDROGEL_PACK;XIREC;10034.0;3
364600;Mark 14;Mark 55;VELVETFRUIT_EXTRACT;XIREC;5221.0;6
364700;Mark 01;Mark 22;VEV_5300;XIREC;27.0;3
364700;Mark 01;Mark 22;VEV_5400;XIREC;6.0;3
364700;Mark 01;Mark 22;VEV_5500;XIREC;1.0;3
364700;Mark 01;Mark 22;VEV_6000;XIREC;0.0;3
364700;Mark 01;Mark 22;VEV_6500;XIREC;0.0;3
366200;Mark 38;Mark 14;HYDROGEL_PACK;XIREC;10046.0;4
366700;Mark 38;Mark 14;HYDROGEL_PACK;XIREC;10046.0;3
367300;Mark 55;Mark 14;VELVETFRUIT_EXTRACT;XIREC;5228.0;5
367700;Mark 55;Mark 14;VELVETFRUIT_EXTRACT;XIREC;5230.0;4
368400;Mark 14;Mark 38;HYDROGEL_PACK;XIREC;10031.0;3
368900;Mark 14;Mark 38;HYDROGEL_PACK;XIREC;10026.0;5
369300;Mark 55;Mark 14;VELVETFRUIT_EXTRACT;XIREC;5231.0;5
369800;Mark 14;Mark 22;VEV_5200;XIREC;70.0;5
369800;Mark 01;Mark 22;VEV_5300;XIREC;28.0;5
369800;Mark 01;Mark 22;VEV_5400;XIREC;7.0;5
369800;Mark 01;Mark 22;VEV_5500;XIREC;1.0;5
369800;Mark 01;Mark 22;VEV_6000;XIREC;0.0;5
369800;Mark 01;Mark 22;VEV_6500;XIREC;0.0;5
370100;Mark 22;Mark 38;VEV_4000;XIREC;1226.0;3
370100;Mark 22;Mark 38;VEV_4500;XIREC;726.0;3
370100;Mark 22;Mark 38;VEV_5000;XIREC;229.0;3
370100;Mark 22;Mark 38;VEV_5100;XIREC;139.0;3
370100;Mark 22;Mark 38;VEV_5200;XIREC;69.0;3
370100;Mark 22;Mark 38;VEV_5300;XIREC;28.0;3
370200;Mark 14;Mark 38;HYDROGEL_PACK;XIREC;10028.0;4
370900;Mark 14;Mark 38;HYDROGEL_PACK;XIREC;10030.0;3
371300;Mark 55;Mark 14;VELVETFRUIT_EXTRACT;XIREC;5233.0;6
371900;Mark 01;Mark 55;VELVETFRUIT_EXTRACT;XIREC;5229.0;4
372800;Mark 55;Mark 14;VELVETFRUIT_EXTRACT;XIREC;5235.0;4
373000;Mark 01;Mark 55;VELVETFRUIT_EXTRACT;XIREC;5229.0;6
373200;Mark 14;Mark 38;VEV_4000;XIREC;1224.0;3
376000;Mark 01;Mark 55;VELVETFRUIT_EXTRACT;XIREC;5235.0;8
376200;Mark 14;Mark 55;VELVETFRUIT_EXTRACT;XIREC;5233.0;4
377800;Mark 14;Mark 38;HYDROGEL_PACK;XIREC;10034.0;5
378400;Mark 14;Mark 55;VELVETFRUIT_EXTRACT;XIREC;5239.0;7
379400;Mark 14;Mark 38;VEV_4000;XIREC;1234.0;1
380200;Mark 38;Mark 14;HYDROGEL_PACK;XIREC;10034.0;6
380200;Mark 55;Mark 01;VELVETFRUIT_EXTRACT;XIREC;5247.0;5
380700;Mark 55;Mark 14;VELVETFRUIT_EXTRACT;XIREC;5249.0;3
381000;Mark 14;Mark 38;HYDROGEL_PACK;XIREC;10020.0;3
382600;Mark 55;Mark 01;VELVETFRUIT_EXTRACT;XIREC;5254.0;5
385400;Mark 01;Mark 22;VEV_5300;XIREC;32.0;4
385400;Mark 01;Mark 22;VEV_5400;XIREC;8.0;4
385400;Mark 01;Mark 22;VEV_5500;XIREC;2.0;4
385400;Mark 01;Mark 22;VEV_6000;XIREC;0.0;4
385400;Mark 01;Mark 22;VEV_6500;XIREC;0.0;4
386400;Mark 14;Mark 38;HYDROGEL_PACK;XIREC;10006.0;5
387000;Mark 55;Mark 14;VELVETFRUIT_EXTRACT;XIREC;5246.0;4
389100;Mark 01;Mark 22;VEV_5300;XIREC;32.0;2
389100;Mark 01;Mark 22;VEV_5400;XIREC;8.0;2
389100;Mark 01;Mark 22;VEV_5500;XIREC;2.0;2
389100;Mark 01;Mark 22;VEV_6000;XIREC;0.0;2
389100;Mark 01;Mark 22;VEV_6500;XIREC;0.0;2
389200;Mark 14;Mark 38;HYDROGEL_PACK;XIREC;10006.0;2
389300;Mark 38;Mark 14;VEV_4000;XIREC;1250.0;3
389800;Mark 01;Mark 55;VELVETFRUIT_EXTRACT;XIREC;5242.0;5
390200;Mark 14;Mark 38;HYDROGEL_PACK;XIREC;9996.0;2
390600;Mark 14;Mark 38;HYDROGEL_PACK;XIREC;10000.0;6
391200;Mark 14;Mark 38;HYDROGEL_PACK;XIREC;10003.0;2
391400;Mark 01;Mark 22;VEV_5300;XIREC;34.0;4
391400;Mark 01;Mark 22;VEV_5400;XIREC;9.0;4
391400;Mark 01;Mark 22;VEV_5500;XIREC;2.0;4
391400;Mark 01;Mark 22;VEV_6000;XIREC;0.0;4
391400;Mark 01;Mark 22;VEV_6500;XIREC;0.0;4
391700;Mark 38;Mark 14;HYDROGEL_PACK;XIREC;10026.0;4
391900;Mark 14;Mark 38;HYDROGEL_PACK;XIREC;10010.0;4
392500;Mark 38;Mark 14;VEV_4000;XIREC;1258.0;1
394800;Mark 14;Mark 38;HYDROGEL_PACK;XIREC;10007.0;6
395400;Mark 38;Mark 14;VEV_4000;XIREC;1259.0;3
395500;Mark 38;Mark 14;HYDROGEL_PACK;XIREC;10031.0;3
396000;Mark 14;Mark 22;VEV_5200;XIREC;85.0;4
396000;Mark 01;Mark 22;VEV_5400;XIREC;10.0;4
396000;Mark 01;Mark 22;VEV_5500;XIREC;2.0;4
396000;Mark 01;Mark 22;VEV_6000;XIREC;0.0;4
396000;Mark 01;Mark 22;VEV_6500;XIREC;0.0;4
396500;Mark 38;Mark 22;HYDROGEL_PACK;XIREC;10018.0;5
396700;Mark 38;Mark 14;VEV_4000;XIREC;1263.0;3
397000;Mark 38;Mark 14;HYDROGEL_PACK;XIREC;10027.0;2
397100;Mark 38;Mark 14;HYDROGEL_PACK;XIREC;10028.0;5
397200;Mark 55;Mark 01;VELVETFRUIT_EXTRACT;XIREC;5255.0;5
397300;Mark 38;Mark 14;VEV_4000;XIREC;1262.0;1
397900;Mark 38;Mark 14;VEV_4000;XIREC;1262.0;2
398500;Mark 14;Mark 38;HYDROGEL_PACK;XIREC;10015.0;6
398900;Mark 55;Mark 14;VELVETFRUIT_EXTRACT;XIREC;5253.0;6
399000;Mark 14;Mark 55;VELVETFRUIT_EXTRACT;XIREC;5248.0;5
399000;Mark 14;Mark 38;VEV_4000;XIREC;1240.0;1
399600;Mark 01;Mark 55;VELVETFRUIT_EXTRACT;XIREC;5252.0;6
399800;Mark 14;Mark 55;VELVETFRUIT_EXTRACT;XIREC;5251.0;6
400200;Mark 38;Mark 14;HYDROGEL_PACK;XIREC;10023.0;3
402000;Mark 14;Mark 38;VEV_4000;XIREC;1241.0;3
404000;Mark 14;Mark 55;VELVETFRUIT_EXTRACT;XIREC;5248.0;6
404300;Mark 14;Mark 38;HYDROGEL_PACK;XIREC;9993.0;6
405400;Mark 67;Mark 22;VELVETFRUIT_EXTRACT;XIREC;5241.0;8
406500;Mark 67;Mark 49;VELVETFRUIT_EXTRACT;XIREC;5236.0;14
406800;Mark 38;Mark 14;HYDROGEL_PACK;XIREC;10002.0;6
406900;Mark 14;Mark 38;VEV_4000;XIREC;1225.0;1
409100;Mark 14;Mark 38;HYDROGEL_PACK;XIREC;9979.0;3
409700;Mark 14;Mark 55;VELVETFRUIT_EXTRACT;XIREC;5232.0;4
410800;Mark 14;Mark 38;VEV_4000;XIREC;1223.0;1
411800;Mark 14;Mark 55;VELVETFRUIT_EXTRACT;XIREC;5229.0;3
417100;Mark 38;Mark 14;HYDROGEL_PACK;XIREC;10013.0;4
418200;Mark 55;Mark 01;VELVETFRUIT_EXTRACT;XIREC;5229.0;6
419200;Mark 14;Mark 38;HYDROGEL_PACK;XIREC;10013.0;2
420300;Mark 38;Mark 14;VEV_4000;XIREC;1241.0;1
422800;Mark 14;Mark 38;VEV_4000;XIREC;1219.0;1
424000;Mark 38;Mark 14;HYDROGEL_PACK;XIREC;10039.0;4
426600;Mark 55;Mark 14;VELVETFRUIT_EXTRACT;XIREC;5220.0;6
427800;Mark 38;Mark 14;VEV_4000;XIREC;1228.0;1
428600;Mark 14;Mark 38;VEV_4000;XIREC;1208.0;1
428900;Mark 14;Mark 22;VEV_5200;XIREC;65.0;5
428900;Mark 01;Mark 22;VEV_5300;XIREC;25.0;5
428900;Mark 01;Mark 22;VEV_5400;XIREC;6.0;5
428900;Mark 01;Mark 22;VEV_5500;XIREC;1.0;5
428900;Mark 01;Mark 22;VEV_6000;XIREC;0.0;5
428900;Mark 01;Mark 22;VEV_6500;XIREC;0.0;5
429300;Mark 55;Mark 14;VELVETFRUIT_EXTRACT;XIREC;5219.0;7
429500;Mark 55;Mark 14;VELVETFRUIT_EXTRACT;XIREC;5221.0;4
430100;Mark 55;Mark 01;VELVETFRUIT_EXTRACT;XIREC;5217.0;6
431900;Mark 01;Mark 22;VEV_5200;XIREC;63.0;5
431900;Mark 01;Mark 22;VEV_5300;XIREC;24.0;5
431900;Mark 01;Mark 22;VEV_5400;XIREC;5.0;5
431900;Mark 01;Mark 22;VEV_5500;XIREC;1.0;5
431900;Mark 01;Mark 22;VEV_6000;XIREC;0.0;5
431900;Mark 01;Mark 22;VEV_6500;XIREC;0.0;5
432800;Mark 55;Mark 01;VELVETFRUIT_EXTRACT;XIREC;5221.0;7
434200;Mark 14;Mark 38;VEV_4000;XIREC;1203.0;2
434400;Mark 38;Mark 14;HYDROGEL_PACK;XIREC;10033.0;4
436000;Mark 38;Mark 14;HYDROGEL_PACK;XIREC;10051.0;2
437400;Mark 55;Mark 14;VELVETFRUIT_EXTRACT;XIREC;5220.0;5
437500;Mark 55;Mark 14;VELVETFRUIT_EXTRACT;XIREC;5220.0;6
438800;Mark 38;Mark 14;HYDROGEL_PACK;XIREC;10051.0;6
439100;Mark 38;Mark 14;HYDROGEL_PACK;XIREC;10051.0;3
439700;Mark 14;Mark 55;VELVETFRUIT_EXTRACT;XIREC;5215.0;3
441900;Mark 55;Mark 14;VELVETFRUIT_EXTRACT;XIREC;5219.0;5
442200;Mark 01;Mark 22;VEV_5300;XIREC;23.0;2
442200;Mark 01;Mark 22;VEV_5400;XIREC;5.0;2
442200;Mark 01;Mark 22;VEV_5500;XIREC;1.0;2
442200;Mark 01;Mark 22;VEV_6000;XIREC;0.0;2
442200;Mark 01;Mark 22;VEV_6500;XIREC;0.0;2
442400;Mark 01;Mark 55;VELVETFRUIT_EXTRACT;XIREC;5213.0;6
442900;Mark 38;Mark 14;HYDROGEL_PACK;XIREC;10052.0;2
443100;Mark 67;Mark 49;VELVETFRUIT_EXTRACT;XIREC;5217.0;11
444100;Mark 01;Mark 55;VELVETFRUIT_EXTRACT;XIREC;5215.0;8
444500;Mark 55;Mark 01;VELVETFRUIT_EXTRACT;XIREC;5218.0;8
445000;Mark 14;Mark 55;VELVETFRUIT_EXTRACT;XIREC;5212.0;6
446100;Mark 38;Mark 14;HYDROGEL_PACK;XIREC;10054.0;2
446200;Mark 01;Mark 55;VELVETFRUIT_EXTRACT;XIREC;5209.0;7
448000;Mark 55;Mark 14;VELVETFRUIT_EXTRACT;XIREC;5210.0;4
450300;Mark 49;Mark 22;VELVETFRUIT_EXTRACT;XIREC;5214.0;10
450700;Mark 01;Mark 55;VELVETFRUIT_EXTRACT;XIREC;5210.0;6
451000;Mark 14;Mark 38;HYDROGEL_PACK;XIREC;10043.0;4
451300;Mark 38;Mark 14;HYDROGEL_PACK;XIREC;10053.0;6
451300;Mark 14;Mark 22;VEV_5300;XIREC;23.0;3
451300;Mark 01;Mark 22;VEV_5400;XIREC;5.0;3
451300;Mark 01;Mark 22;VEV_5500;XIREC;1.0;3
451300;Mark 01;Mark 22;VEV_6000;XIREC;0.0;3
451300;Mark 01;Mark 22;VEV_6500;XIREC;0.0;3
451600;Mark 14;Mark 38;HYDROGEL_PACK;XIREC;10040.0;2
452100;Mark 38;Mark 14;VEV_4000;XIREC;1218.0;1
452800;Mark 14;Mark 38;VEV_4000;XIREC;1201.0;1
453000;Mark 14;Mark 38;HYDROGEL_PACK;XIREC;10046.0;4
454000;Mark 55;Mark 01;VELVETFRUIT_EXTRACT;XIREC;5212.0;4
454100;Mark 14;Mark 55;VELVETFRUIT_EXTRACT;XIREC;5207.0;6
454500;Mark 14;Mark 55;VELVETFRUIT_EXTRACT;XIREC;5211.0;3
454900;Mark 38;Mark 14;HYDROGEL_PACK;XIREC;10068.0;2
456100;Mark 14;Mark 55;VELVETFRUIT_EXTRACT;XIREC;5210.0;3
456400;Mark 55;Mark 01;VELVETFRUIT_EXTRACT;XIREC;5217.0;6
456600;Mark 01;Mark 22;VEV_5300;XIREC;23.0;2
456600;Mark 01;Mark 22;VEV_5400;XIREC;5.0;2
456600;Mark 01;Mark 22;VEV_5500;XIREC;1.0;2
456600;Mark 01;Mark 22;VEV_6000;XIREC;0.0;2
456600;Mark 01;Mark 22;VEV_6500;XIREC;0.0;2
457800;Mark 55;Mark 14;VELVETFRUIT_EXTRACT;XIREC;5214.0;3
459700;Mark 14;Mark 38;HYDROGEL_PACK;XIREC;10073.0;4
459800;Mark 01;Mark 22;VEV_5300;XIREC;23.0;2
459800;Mark 01;Mark 22;VEV_5400;XIREC;5.0;2
459800;Mark 01;Mark 22;VEV_5500;XIREC;1.0;2
459800;Mark 01;Mark 22;VEV_6000;XIREC;0.0;2
459800;Mark 01;Mark 22;VEV_6500;XIREC;0.0;2
461400;Mark 38;Mark 14;HYDROGEL_PACK;XIREC;10080.0;4
462100;Mark 67;Mark 22;VELVETFRUIT_EXTRACT;XIREC;5212.0;9
465000;Mark 14;Mark 38;HYDROGEL_PACK;XIREC;10051.0;6
465500;Mark 14;Mark 38;VEV_4000;XIREC;1207.0;1
465600;Mark 38;Mark 14;HYDROGEL_PACK;XIREC;10066.0;6
466400;Mark 14;Mark 38;HYDROGEL_PACK;XIREC;10050.0;3
466900;Mark 14;Mark 38;HYDROGEL_PACK;XIREC;10049.0;5
467300;Mark 14;Mark 55;VELVETFRUIT_EXTRACT;XIREC;5213.0;7
469100;Mark 01;Mark 55;VELVETFRUIT_EXTRACT;XIREC;5208.0;3
471200;Mark 38;Mark 14;VEV_4000;XIREC;1222.0;1
471700;Mark 14;Mark 55;VELVETFRUIT_EXTRACT;XIREC;5209.0;5
473400;Mark 38;Mark 14;HYDROGEL_PACK;XIREC;10061.0;6
474600;Mark 14;Mark 38;HYDROGEL_PACK;XIREC;10041.0;4
476800;Mark 14;Mark 38;HYDROGEL_PACK;XIREC;10029.0;2
476900;Mark 14;Mark 38;HYDROGEL_PACK;XIREC;10028.0;4
477000;Mark 14;Mark 55;VELVETFRUIT_EXTRACT;XIREC;5210.0;5
478700;Mark 55;Mark 14;VELVETFRUIT_EXTRACT;XIREC;5220.0;4
480000;Mark 14;Mark 38;VEV_4000;XIREC;1207.0;1
480200;Mark 38;Mark 14;HYDROGEL_PACK;XIREC;10040.0;5
481200;Mark 14;Mark 38;HYDROGEL_PACK;XIREC;10020.0;4
481700;Mark 38;Mark 14;VEV_4000;XIREC;1225.0;2
483900;Mark 01;Mark 22;VEV_5300;XIREC;22.0;3
483900;Mark 01;Mark 22;VEV_5500;XIREC;1.0;3
483900;Mark 01;Mark 22;VEV_6000;XIREC;0.0;3
483900;Mark 01;Mark 22;VEV_6500;XIREC;0.0;3
485400;Mark 55;Mark 01;VELVETFRUIT_EXTRACT;XIREC;5218.0;3
485500;Mark 01;Mark 22;VEV_5400;XIREC;5.0;2
485500;Mark 01;Mark 22;VEV_5500;XIREC;1.0;2
485500;Mark 01;Mark 22;VEV_6000;XIREC;0.0;2
485500;Mark 01;Mark 22;VEV_6500;XIREC;0.0;2
486800;Mark 38;Mark 14;HYDROGEL_PACK;XIREC;10059.0;4
489800;Mark 14;Mark 55;VELVETFRUIT_EXTRACT;XIREC;5210.0;8
489900;Mark 38;Mark 14;VEV_4000;XIREC;1222.0;3
490700;Mark 38;Mark 14;HYDROGEL_PACK;XIREC;10057.0;4
491400;Mark 38;Mark 14;VEV_4000;XIREC;1218.0;1
491500;Mark 14;Mark 38;VEV_4000;XIREC;1199.0;2
492500;Mark 38;Mark 14;VEV_4000;XIREC;1223.0;2
493200;Mark 01;Mark 55;VELVETFRUIT_EXTRACT;XIREC;5208.0;8
493700;Mark 55;Mark 14;VELVETFRUIT_EXTRACT;XIREC;5212.0;8
494100;Mark 55;Mark 14;VELVETFRUIT_EXTRACT;XIREC;5212.0;4
495400;Mark 38;Mark 14;HYDROGEL_PACK;XIREC;10052.0;4
496900;Mark 14;Mark 38;VEV_4000;XIREC;1197.0;2
497300;Mark 14;Mark 55;VELVETFRUIT_EXTRACT;XIREC;5203.0;7
497600;Mark 14;Mark 38;HYDROGEL_PACK;XIREC;10034.0;5
497700;Mark 55;Mark 14;VELVETFRUIT_EXTRACT;XIREC;5209.0;4
498100;Mark 14;Mark 38;HYDROGEL_PACK;XIREC;10037.0;5
498100;Mark 01;Mark 22;VEV_5300;XIREC;21.0;5
498100;Mark 01;Mark 22;VEV_5400;XIREC;4.0;5
498100;Mark 14;Mark 22;VEV_5500;XIREC;1.0;5
498100;Mark 01;Mark 22;VEV_6000;XIREC;0.0;5
498100;Mark 01;Mark 22;VEV_6500;XIREC;0.0;5
498800;Mark 14;Mark 55;VELVETFRUIT_EXTRACT;XIREC;5196.0;5
499000;Mark 01;Mark 55;VELVETFRUIT_EXTRACT;XIREC;5198.0;6
499800;Mark 14;Mark 38;HYDROGEL_PACK;XIREC;10032.0;2
503300;Mark 14;Mark 38;HYDROGEL_PACK;XIREC;10033.0;2
504500;Mark 38;Mark 14;HYDROGEL_PACK;XIREC;10054.0;6
505300;Mark 14;Mark 38;HYDROGEL_PACK;XIREC;10044.0;3
506200;Mark 14;Mark 55;VELVETFRUIT_EXTRACT;XIREC;5198.0;4
508300;Mark 55;Mark 14;VELVETFRUIT_EXTRACT;XIREC;5207.0;5
508400;Mark 55;Mark 14;VELVETFRUIT_EXTRACT;XIREC;5207.0;7
510600;Mark 38;Mark 14;VEV_4000;XIREC;1217.0;1
511000;Mark 38;Mark 14;VEV_4000;XIREC;1213.0;2
511400;Mark 14;Mark 38;HYDROGEL_PACK;XIREC;10038.0;6
511800;Mark 01;Mark 22;VEV_5200;XIREC;55.0;2
511800;Mark 01;Mark 22;VEV_5300;XIREC;20.0;2
511800;Mark 01;Mark 22;VEV_5400;XIREC;4.0;2
511800;Mark 01;Mark 22;VEV_5500;XIREC;0.0;2
511800;Mark 01;Mark 22;VEV_6000;XIREC;0.0;2
511800;Mark 01;Mark 22;VEV_6500;XIREC;0.0;2
512800;Mark 67;Mark 22;VELVETFRUIT_EXTRACT;XIREC;5203.0;9
516400;Mark 38;Mark 14;HYDROGEL_PACK;XIREC;10051.0;3
516400;Mark 01;Mark 22;VEV_5200;XIREC;60.0;4
516400;Mark 01;Mark 22;VEV_5400;XIREC;4.0;4
516400;Mark 01;Mark 22;VEV_5500;XIREC;1.0;4
516400;Mark 01;Mark 22;VEV_6000;XIREC;0.0;4
516400;Mark 01;Mark 22;VEV_6500;XIREC;0.0;4
517800;Mark 38;Mark 14;HYDROGEL_PACK;XIREC;10062.0;6
518200;Mark 14;Mark 55;VELVETFRUIT_EXTRACT;XIREC;5208.0;3
519500;Mark 14;Mark 38;HYDROGEL_PACK;XIREC;10052.0;6
519700;Mark 14;Mark 38;HYDROGEL_PACK;XIREC;10053.0;6
519700;Mark 55;Mark 14;VELVETFRUIT_EXTRACT;XIREC;5206.0;8
521700;Mark 55;Mark 01;VELVETFRUIT_EXTRACT;XIREC;5207.0;5
522900;Mark 55;Mark 14;VELVETFRUIT_EXTRACT;XIREC;5211.0;8
523200;Mark 55;Mark 01;VELVETFRUIT_EXTRACT;XIREC;5209.0;5
524000;Mark 01;Mark 22;VEV_5200;XIREC;57.0;2
524000;Mark 01;Mark 22;VEV_5300;XIREC;21.0;2
524000;Mark 01;Mark 22;VEV_5400;XIREC;4.0;2
524000;Mark 01;Mark 22;VEV_5500;XIREC;1.0;2
524000;Mark 01;Mark 22;VEV_6000;XIREC;0.0;2
524000;Mark 01;Mark 22;VEV_6500;XIREC;0.0;2
524900;Mark 01;Mark 55;VELVETFRUIT_EXTRACT;XIREC;5201.0;8
527400;Mark 38;Mark 14;HYDROGEL_PACK;XIREC;10045.0;3
528200;Mark 55;Mark 01;VELVETFRUIT_EXTRACT;XIREC;5205.0;4
529600;Mark 14;Mark 22;VEV_5300;XIREC;20.0;2
529600;Mark 01;Mark 22;VEV_5400;XIREC;4.0;2
529600;Mark 01;Mark 22;VEV_5500;XIREC;0.0;2
529600;Mark 01;Mark 22;VEV_6000;XIREC;0.0;2
529600;Mark 01;Mark 22;VEV_6500;XIREC;0.0;2
530300;Mark 01;Mark 55;VELVETFRUIT_EXTRACT;XIREC;5197.0;4
531500;Mark 01;Mark 22;VEV_5300;XIREC;20.0;2
531500;Mark 01;Mark 22;VEV_5400;XIREC;4.0;2
531500;Mark 01;Mark 22;VEV_5500;XIREC;0.0;2
531500;Mark 01;Mark 22;VEV_6000;XIREC;0.0;2
531500;Mark 01;Mark 22;VEV_6500;XIREC;0.0;2
531800;Mark 38;Mark 14;HYDROGEL_PACK;XIREC;10052.0;3
532400;Mark 01;Mark 55;VELVETFRUIT_EXTRACT;XIREC;5197.0;4
532800;Mark 55;Mark 14;VELVETFRUIT_EXTRACT;XIREC;5201.0;7
533800;Mark 38;Mark 14;HYDROGEL_PACK;XIREC;10029.0;5
534000;Mark 55;Mark 01;VELVETFRUIT_EXTRACT;XIREC;5196.0;4
534000;Mark 38;Mark 14;VEV_4000;XIREC;1203.0;2
534700;Mark 14;Mark 55;VELVETFRUIT_EXTRACT;XIREC;5190.0;5
534900;Mark 14;Mark 38;VEV_4000;XIREC;1182.0;3
535400;Mark 01;Mark 22;VEV_5300;XIREC;18.0;3
535400;Mark 01;Mark 22;VEV_5400;XIREC;3.0;3
535400;Mark 01;Mark 22;VEV_5500;XIREC;0.0;3
535400;Mark 01;Mark 22;VEV_6000;XIREC;0.0;3
535400;Mark 01;Mark 22;VEV_6500;XIREC;0.0;3
535600;Mark 14;Mark 38;VEV_4000;XIREC;1184.0;2
535900;Mark 01;Mark 22;VEV_5200;XIREC;52.0;3
535900;Mark 01;Mark 22;VEV_5300;XIREC;18.0;3
535900;Mark 01;Mark 22;VEV_5400;XIREC;3.0;3
535900;Mark 01;Mark 22;VEV_5500;XIREC;0.0;3
535900;Mark 01;Mark 22;VEV_6000;XIREC;0.0;3
535900;Mark 01;Mark 22;VEV_6500;XIREC;0.0;3
536400;Mark 14;Mark 38;HYDROGEL_PACK;XIREC;10019.0;6
539800;Mark 55;Mark 01;VELVETFRUIT_EXTRACT;XIREC;5204.0;3
540200;Mark 22;Mark 55;VELVETFRUIT_EXTRACT;XIREC;5200.0;3
540300;Mark 38;Mark 14;HYDROGEL_PACK;XIREC;10009.0;4
541100;Mark 22;Mark 38;HYDROGEL_PACK;XIREC;10002.0;6
542500;Mark 14;Mark 38;HYDROGEL_PACK;XIREC;9995.0;3
544900;Mark 14;Mark 38;HYDROGEL_PACK;XIREC;10000.0;6
545400;Mark 14;Mark 55;VELVETFRUIT_EXTRACT;XIREC;5200.0;5
547000;Mark 14;Mark 38;VEV_4000;XIREC;1195.0;1
547600;Mark 55;Mark 01;VELVETFRUIT_EXTRACT;XIREC;5210.0;4
547600;Mark 01;Mark 22;VEV_5400;XIREC;4.0;4
547600;Mark 01;Mark 22;VEV_5500;XIREC;1.0;4
547600;Mark 01;Mark 22;VEV_6000;XIREC;0.0;4
547600;Mark 01;Mark 22;VEV_6500;XIREC;0.0;4
551600;Mark 01;Mark 22;VEV_5300;XIREC;23.0;4
551600;Mark 01;Mark 22;VEV_5500;XIREC;1.0;4
551600;Mark 01;Mark 22;VEV_6000;XIREC;0.0;4
551600;Mark 01;Mark 22;VEV_6500;XIREC;0.0;4
551800;Mark 14;Mark 38;HYDROGEL_PACK;XIREC;9995.0;2
552500;Mark 14;Mark 55;VELVETFRUIT_EXTRACT;XIREC;5214.0;8
552700;Mark 14;Mark 38;VEV_4000;XIREC;1206.0;3
553500;Mark 14;Mark 38;VEV_4000;XIREC;1207.0;1
554500;Mark 55;Mark 14;VELVETFRUIT_EXTRACT;XIREC;5223.0;3
555100;Mark 14;Mark 22;VEV_5200;XIREC;67.0;5
555100;Mark 01;Mark 22;VEV_5300;XIREC;26.0;5
555100;Mark 01;Mark 22;VEV_5400;XIREC;5.0;5
555100;Mark 01;Mark 22;VEV_5500;XIREC;1.0;5
555100;Mark 01;Mark 22;VEV_6000;XIREC;0.0;5
555100;Mark 01;Mark 22;VEV_6500;XIREC;0.0;5
555200;Mark 14;Mark 55;VELVETFRUIT_EXTRACT;XIREC;5222.0;6
555500;Mark 38;Mark 14;HYDROGEL_PACK;XIREC;10006.0;5
556400;Mark 01;Mark 22;VEV_5400;XIREC;5.0;5
556400;Mark 01;Mark 22;VEV_5500;XIREC;1.0;5
556400;Mark 01;Mark 22;VEV_6000;XIREC;0.0;5
556400;Mark 01;Mark 22;VEV_6500;XIREC;0.0;5
558600;Mark 38;Mark 14;VEV_4000;XIREC;1229.0;2
559400;Mark 01;Mark 55;VELVETFRUIT_EXTRACT;XIREC;5214.0;3
560300;Mark 55;Mark 14;VELVETFRUIT_EXTRACT;XIREC;5220.0;4
560900;Mark 67;Mark 22;VELVETFRUIT_EXTRACT;XIREC;5214.0;9
561000;Mark 01;Mark 55;VELVETFRUIT_EXTRACT;XIREC;5212.0;6
562200;Mark 55;Mark 14;VELVETFRUIT_EXTRACT;XIREC;5220.0;8
562500;Mark 55;Mark 01;VELVETFRUIT_EXTRACT;XIREC;5222.0;7
562900;Mark 55;Mark 01;VELVETFRUIT_EXTRACT;XIREC;5224.0;3
565100;Mark 55;Mark 14;VELVETFRUIT_EXTRACT;XIREC;5229.0;6
565600;Mark 01;Mark 22;VEV_5400;XIREC;6.0;4
565600;Mark 01;Mark 22;VEV_5500;XIREC;1.0;4
565600;Mark 01;Mark 22;VEV_6000;XIREC;0.0;4
565600;Mark 01;Mark 22;VEV_6500;XIREC;0.0;4
565700;Mark 38;Mark 14;HYDROGEL_PACK;XIREC;10001.0;4
566100;Mark 01;Mark 55;VELVETFRUIT_EXTRACT;XIREC;5223.0;4
566500;Mark 38;Mark 14;VEV_4000;XIREC;1237.0;2
567800;Mark 14;Mark 55;VELVETFRUIT_EXTRACT;XIREC;5222.0;5
568300;Mark 14;Mark 38;VEV_4000;XIREC;1218.0;1
569900;Mark 55;Mark 01;VELVETFRUIT_EXTRACT;XIREC;5228.0;4
570100;Mark 14;Mark 55;VELVETFRUIT_EXTRACT;XIREC;5224.0;3
572400;Mark 14;Mark 38;VEV_4000;XIREC;1211.0;3
572800;Mark 22;Mark 55;VELVETFRUIT_EXTRACT;XIREC;5217.0;6
575300;Mark 49;Mark 22;VELVETFRUIT_EXTRACT;XIREC;5221.0;7
577200;Mark 14;Mark 38;VEV_4000;XIREC;1206.0;2
578300;Mark 38;Mark 14;HYDROGEL_PACK;XIREC;9993.0;5
578300;Mark 55;Mark 01;VELVETFRUIT_EXTRACT;XIREC;5223.0;8
578400;Mark 01;Mark 55;VELVETFRUIT_EXTRACT;XIREC;5218.0;3
578500;Mark 14;Mark 38;HYDROGEL_PACK;XIREC;9978.0;2
579000;Mark 38;Mark 14;VEV_4000;XIREC;1234.0;3
580600;Mark 01;Mark 22;VEV_5300;XIREC;25.0;5
580600;Mark 01;Mark 22;VEV_5400;XIREC;5.0;5
580600;Mark 01;Mark 22;VEV_5500;XIREC;1.0;5
580600;Mark 01;Mark 22;VEV_6000;XIREC;0.0;5
580600;Mark 01;Mark 22;VEV_6500;XIREC;0.0;5
583100;Mark 01;Mark 22;VEV_5400;XIREC;5.0;2
583100;Mark 01;Mark 22;VEV_5500;XIREC;1.0;2
583100;Mark 01;Mark 22;VEV_6000;XIREC;0.0;2
583100;Mark 01;Mark 22;VEV_6500;XIREC;0.0;2
584300;Mark 01;Mark 22;VEV_5300;XIREC;24.0;2
584300;Mark 01;Mark 22;VEV_5400;XIREC;5.0;2
584300;Mark 01;Mark 22;VEV_5500;XIREC;1.0;2
584300;Mark 01;Mark 22;VEV_6000;XIREC;0.0;2
584300;Mark 01;Mark 22;VEV_6500;XIREC;0.0;2
584400;Mark 55;Mark 14;VELVETFRUIT_EXTRACT;XIREC;5220.0;6
587400;Mark 01;Mark 55;VELVETFRUIT_EXTRACT;XIREC;5213.0;6
587700;Mark 55;Mark 14;VELVETFRUIT_EXTRACT;XIREC;5218.0;8
588300;Mark 67;Mark 22;VELVETFRUIT_EXTRACT;XIREC;5216.0;5
589800;Mark 14;Mark 55;VELVETFRUIT_EXTRACT;XIREC;5223.0;4
590000;Mark 38;Mark 14;HYDROGEL_PACK;XIREC;10018.0;4
590500;Mark 14;Mark 38;HYDROGEL_PACK;XIREC;9993.0;3
591200;Mark 38;Mark 14;HYDROGEL_PACK;XIREC;10016.0;5
591700;Mark 01;Mark 55;VELVETFRUIT_EXTRACT;XIREC;5218.0;4
594300;Mark 14;Mark 55;VELVETFRUIT_EXTRACT;XIREC;5219.0;4
595400;Mark 22;Mark 55;VELVETFRUIT_EXTRACT;XIREC;5219.0;5
601600;Mark 14;Mark 55;VELVETFRUIT_EXTRACT;XIREC;5223.0;4
602800;Mark 01;Mark 55;VELVETFRUIT_EXTRACT;XIREC;5218.0;5
604800;Mark 14;Mark 38;HYDROGEL_PACK;XIREC;9998.0;5
605800;Mark 01;Mark 55;VELVETFRUIT_EXTRACT;XIREC;5221.0;4
607100;Mark 14;Mark 38;HYDROGEL_PACK;XIREC;9998.0;3
607900;Mark 38;Mark 14;HYDROGEL_PACK;XIREC;10009.0;3
610000;Mark 55;Mark 01;VELVETFRUIT_EXTRACT;XIREC;5223.0;5
610300;Mark 38;Mark 14;HYDROGEL_PACK;XIREC;10022.0;5
612700;Mark 01;Mark 22;VEV_5300;XIREC;27.0;2
612700;Mark 01;Mark 22;VEV_5400;XIREC;6.0;2
612700;Mark 01;Mark 22;VEV_5500;XIREC;1.0;2
612700;Mark 01;Mark 22;VEV_6000;XIREC;0.0;2
612700;Mark 01;Mark 22;VEV_6500;XIREC;0.0;2
614400;Mark 55;Mark 01;VELVETFRUIT_EXTRACT;XIREC;5243.0;3
614800;Mark 01;Mark 22;VEV_5400;XIREC;7.0;2
614800;Mark 01;Mark 22;VEV_5500;XIREC;1.0;2
614800;Mark 01;Mark 22;VEV_6000;XIREC;0.0;2
614800;Mark 01;Mark 22;VEV_6500;XIREC;0.0;2
615400;Mark 38;Mark 14;HYDROGEL_PACK;XIREC;10015.0;3
616000;Mark 14;Mark 55;VELVETFRUIT_EXTRACT;XIREC;5230.0;6
616700;Mark 67;Mark 49;VELVETFRUIT_EXTRACT;XIREC;5230.0;14
618400;Mark 14;Mark 38;VEV_4000;XIREC;1219.0;2
618500;Mark 14;Mark 38;HYDROGEL_PACK;XIREC;10007.0;2
620100;Mark 38;Mark 14;HYDROGEL_PACK;XIREC;10025.0;6
621000;Mark 01;Mark 22;VEV_5400;XIREC;5.0;5
621000;Mark 01;Mark 22;VEV_5500;XIREC;1.0;5
621000;Mark 01;Mark 22;VEV_6000;XIREC;0.0;5
621000;Mark 01;Mark 22;VEV_6500;XIREC;0.0;5
621500;Mark 38;Mark 14;HYDROGEL_PACK;XIREC;10020.0;6
621600;Mark 55;Mark 14;VELVETFRUIT_EXTRACT;XIREC;5221.0;8
622500;Mark 14;Mark 22;VEV_5200;XIREC;66.0;2
622500;Mark 01;Mark 22;VEV_5300;XIREC;25.0;2
622500;Mark 01;Mark 22;VEV_5400;XIREC;5.0;2
622500;Mark 01;Mark 22;VEV_5500;XIREC;1.0;2
622500;Mark 01;Mark 22;VEV_6000;XIREC;0.0;2
622500;Mark 01;Mark 22;VEV_6500;XIREC;0.0;2
624000;Mark 38;Mark 14;HYDROGEL_PACK;XIREC;10013.0;5
624200;Mark 14;Mark 22;VEV_5200;XIREC;67.0;5
624200;Mark 01;Mark 22;VEV_5400;XIREC;5.0;5
624200;Mark 01;Mark 22;VEV_5500;XIREC;1.0;5
624200;Mark 01;Mark 22;VEV_6000;XIREC;0.0;5
624200;Mark 01;Mark 22;VEV_6500;XIREC;0.0;5
624500;Mark 01;Mark 55;VELVETFRUIT_EXTRACT;XIREC;5221.0;4
624700;Mark 38;Mark 14;VEV_4000;XIREC;1236.0;3
626300;Mark 14;Mark 55;VELVETFRUIT_EXTRACT;XIREC;5234.0;5
627700;Mark 01;Mark 22;VEV_5200;XIREC;76.0;2
627700;Mark 01;Mark 22;VEV_5300;XIREC;30.0;2
627700;Mark 01;Mark 22;VEV_5400;XIREC;7.0;2
627700;Mark 01;Mark 22;VEV_6000;XIREC;0.0;2
627700;Mark 01;Mark 22;VEV_6500;XIREC;0.0;2
630100;Mark 01;Mark 55;VELVETFRUIT_EXTRACT;XIREC;5227.0;6
630700;Mark 14;Mark 38;VEV_4000;XIREC;1222.0;1
630900;Mark 14;Mark 38;HYDROGEL_PACK;XIREC;9974.0;2
631300;Mark 01;Mark 22;VEV_5300;XIREC;29.0;5
631300;Mark 01;Mark 22;VEV_5400;XIREC;6.0;5
631300;Mark 01;Mark 22;VEV_5500;XIREC;1.0;5
631300;Mark 01;Mark 22;VEV_6000;XIREC;0.0;5
631300;Mark 01;Mark 22;VEV_6500;XIREC;0.0;5
631500;Mark 01;Mark 22;VEV_5300;XIREC;29.0;2
631500;Mark 01;Mark 22;VEV_5400;XIREC;6.0;2
631500;Mark 01;Mark 22;VEV_5500;XIREC;1.0;2
631500;Mark 01;Mark 22;VEV_6000;XIREC;0.0;2
631500;Mark 01;Mark 22;VEV_6500;XIREC;0.0;2
632400;Mark 55;Mark 14;VELVETFRUIT_EXTRACT;XIREC;5232.0;4
632500;Mark 01;Mark 55;VELVETFRUIT_EXTRACT;XIREC;5227.0;4
633200;Mark 55;Mark 14;VELVETFRUIT_EXTRACT;XIREC;5232.0;3
633800;Mark 38;Mark 14;HYDROGEL_PACK;XIREC;9989.0;6
634500;Mark 14;Mark 22;VEV_5300;XIREC;29.0;2
634500;Mark 01;Mark 22;VEV_5400;XIREC;6.0;2
634500;Mark 01;Mark 22;VEV_5500;XIREC;1.0;2
634500;Mark 01;Mark 22;VEV_6000;XIREC;0.0;2
634500;Mark 01;Mark 22;VEV_6500;XIREC;0.0;2
636600;Mark 55;Mark 14;VELVETFRUIT_EXTRACT;XIREC;5238.0;7
641800;Mark 14;Mark 38;VEV_4000;XIREC;1231.0;2
642300;Mark 38;Mark 14;HYDROGEL_PACK;XIREC;9985.0;5
642500;Mark 01;Mark 22;VEV_5300;XIREC;32.0;3
642500;Mark 14;Mark 22;VEV_5400;XIREC;8.0;3
642500;Mark 01;Mark 22;VEV_5500;XIREC;2.0;3
642500;Mark 01;Mark 22;VEV_6000;XIREC;0.0;3
642500;Mark 01;Mark 22;VEV_6500;XIREC;0.0;3
644900;Mark 38;Mark 14;HYDROGEL_PACK;XIREC;9996.0;4
647400;Mark 38;Mark 14;HYDROGEL_PACK;XIREC;10001.0;4
647700;Mark 14;Mark 38;HYDROGEL_PACK;XIREC;9981.0;3
648500;Mark 01;Mark 55;VELVETFRUIT_EXTRACT;XIREC;5251.0;4
649200;Mark 38;Mark 14;HYDROGEL_PACK;XIREC;10002.0;3
649500;Mark 55;Mark 14;VELVETFRUIT_EXTRACT;XIREC;5254.0;8
651100;Mark 38;Mark 14;HYDROGEL_PACK;XIREC;9996.0;2
652300;;SUBMISSION;VEV_4000;XIREC;1259.0;5
652300;;SUBMISSION;VEV_4000;XIREC;1248.0;8
653000;Mark 38;Mark 14;HYDROGEL_PACK;XIREC;9978.0;2
653400;Mark 67;Mark 49;VELVETFRUIT_EXTRACT;XIREC;5252.0;9
654500;Mark 14;Mark 55;VELVETFRUIT_EXTRACT;XIREC;5253.0;8
656200;Mark 14;Mark 55;VELVETFRUIT_EXTRACT;XIREC;5248.0;6
657400;SUBMISSION;;HYDROGEL_PACK;XIREC;9968.0;12
657400;SUBMISSION;;HYDROGEL_PACK;XIREC;9970.0;5
657500;SUBMISSION;;HYDROGEL_PACK;XIREC;9968.0;15
657500;SUBMISSION;;HYDROGEL_PACK;XIREC;9970.0;2
657600;SUBMISSION;;HYDROGEL_PACK;XIREC;9968.0;14
657600;SUBMISSION;;HYDROGEL_PACK;XIREC;9971.0;3
657700;SUBMISSION;;HYDROGEL_PACK;XIREC;9968.0;15
657700;SUBMISSION;;HYDROGEL_PACK;XIREC;9971.0;2
657800;SUBMISSION;;HYDROGEL_PACK;XIREC;9968.0;11
657800;SUBMISSION;;HYDROGEL_PACK;XIREC;9970.0;6
657900;SUBMISSION;;HYDROGEL_PACK;XIREC;9968.0;12
657900;SUBMISSION;;HYDROGEL_PACK;XIREC;9970.0;5
658000;SUBMISSION;;HYDROGEL_PACK;XIREC;9965.0;10
658000;SUBMISSION;;HYDROGEL_PACK;XIREC;9968.0;7
658100;SUBMISSION;;HYDROGEL_PACK;XIREC;9967.0;12
658100;SUBMISSION;;HYDROGEL_PACK;XIREC;9970.0;5
658200;SUBMISSION;;HYDROGEL_PACK;XIREC;9967.0;12
658200;SUBMISSION;;HYDROGEL_PACK;XIREC;9970.0;5
658300;SUBMISSION;;HYDROGEL_PACK;XIREC;9968.0;14
658300;SUBMISSION;;HYDROGEL_PACK;XIREC;9970.0;3
658400;SUBMISSION;;HYDROGEL_PACK;XIREC;9968.0;15
658400;SUBMISSION;;HYDROGEL_PACK;XIREC;9971.0;2
658500;SUBMISSION;;HYDROGEL_PACK;XIREC;9966.0;13
658500;SUBMISSION;;HYDROGEL_PACK;XIREC;9968.0;4
658600;SUBMISSION;;HYDROGEL_PACK;XIREC;9967.0;12
658600;SUBMISSION;;HYDROGEL_PACK;XIREC;9969.0;5
658700;SUBMISSION;;HYDROGEL_PACK;XIREC;9965.0;10
658700;SUBMISSION;;HYDROGEL_PACK;XIREC;9967.0;7
658800;SUBMISSION;;HYDROGEL_PACK;XIREC;9964.0;15
658800;SUBMISSION;;HYDROGEL_PACK;XIREC;9967.0;2
658900;SUBMISSION;;HYDROGEL_PACK;XIREC;9966.0;12
658900;SUBMISSION;;HYDROGEL_PACK;XIREC;9969.0;5
658900;Mark 38;Mark 14;HYDROGEL_PACK;XIREC;9966.0;6
659000;SUBMISSION;;HYDROGEL_PACK;XIREC;9966.0;10
659000;SUBMISSION;;HYDROGEL_PACK;XIREC;9968.0;7
659100;SUBMISSION;;HYDROGEL_PACK;XIREC;9967.0;13
659100;SUBMISSION;;HYDROGEL_PACK;XIREC;9969.0;4
659200;SUBMISSION;;HYDROGEL_PACK;XIREC;9965.0;11
659200;SUBMISSION;;HYDROGEL_PACK;XIREC;9968.0;6
659200;;SUBMISSION;VELVETFRUIT_EXTRACT;XIREC;5262.0;17
659200;;SUBMISSION;VEV_4000;XIREC;1254.0;13
659200;;SUBMISSION;VEV_4000;XIREC;1251.0;4
659300;SUBMISSION;;HYDROGEL_PACK;XIREC;9965.0;11
659300;SUBMISSION;;HYDROGEL_PACK;XIREC;9968.0;6
659300;;SUBMISSION;VELVETFRUIT_EXTRACT;XIREC;5262.0;17
659300;;SUBMISSION;VEV_4000;XIREC;1254.0;11
659300;;SUBMISSION;VEV_4000;XIREC;1251.0;6
659300;;SUBMISSION;VEV_4500;XIREC;756.0;6
659300;;SUBMISSION;VEV_4500;XIREC;754.0;11
659500;SUBMISSION;;HYDROGEL_PACK;XIREC;9964.0;10
659500;SUBMISSION;;HYDROGEL_PACK;XIREC;9967.0;7
659600;SUBMISSION;;HYDROGEL_PACK;XIREC;9963.0;14
659600;SUBMISSION;;HYDROGEL_PACK;XIREC;9966.0;3
659700;SUBMISSION;;HYDROGEL_PACK;XIREC;9960.0;10
659700;SUBMISSION;;HYDROGEL_PACK;XIREC;9962.0;7
659700;;SUBMISSION;VELVETFRUIT_EXTRACT;XIREC;5262.0;17
659800;SUBMISSION;;HYDROGEL_PACK;XIREC;9961.0;9
659800;;SUBMISSION;VELVETFRUIT_EXTRACT;XIREC;5263.0;17
659800;;SUBMISSION;VEV_4000;XIREC;1255.0;14
659800;;SUBMISSION;VEV_4000;XIREC;1252.0;3
659800;;SUBMISSION;VEV_4500;XIREC;757.0;11
659800;;SUBMISSION;VEV_4500;XIREC;755.0;6
659900;;SUBMISSION;VELVETFRUIT_EXTRACT;XIREC;5265.0;6
659900;;SUBMISSION;VELVETFRUIT_EXTRACT;XIREC;5263.0;11
659900;;SUBMISSION;VEV_4000;XIREC;1255.0;15
659900;;SUBMISSION;VEV_4000;XIREC;1253.0;2
659900;;SUBMISSION;VEV_4500;XIREC;758.0;8
659900;;SUBMISSION;VEV_4500;XIREC;756.0;9
660000;;SUBMISSION;VELVETFRUIT_EXTRACT;XIREC;5262.0;17
660000;;SUBMISSION;VEV_4000;XIREC;1254.0;7
660000;;SUBMISSION;VEV_4000;XIREC;1252.0;10
660000;;SUBMISSION;VEV_4500;XIREC;757.0;8
660000;;SUBMISSION;VEV_4500;XIREC;755.0;9
660100;;SUBMISSION;VELVETFRUIT_EXTRACT;XIREC;5262.0;17
660100;;SUBMISSION;VEV_4000;XIREC;1254.0;12
660100;;SUBMISSION;VEV_4000;XIREC;1252.0;5
660100;;SUBMISSION;VEV_4500;XIREC;757.0;11
660100;;SUBMISSION;VEV_4500;XIREC;755.0;6
660300;;SUBMISSION;VELVETFRUIT_EXTRACT;XIREC;5262.0;15
660300;;SUBMISSION;VELVETFRUIT_EXTRACT;XIREC;5261.0;2
660300;;SUBMISSION;VEV_4000;XIREC;1254.0;15
660300;;SUBMISSION;VEV_4000;XIREC;1251.0;2
660300;;SUBMISSION;VEV_4500;XIREC;756.0;11
660300;;SUBMISSION;VEV_4500;XIREC;755.0;6
660300;Mark 38;Mark 14;HYDROGEL_PACK;XIREC;9960.0;4
660500;;SUBMISSION;VELVETFRUIT_EXTRACT;XIREC;5262.0;17
660500;;SUBMISSION;VEV_4000;XIREC;1254.0;13
660500;;SUBMISSION;VEV_4000;XIREC;1252.0;4
660500;;SUBMISSION;VEV_4500;XIREC;757.0;6
660500;;SUBMISSION;VEV_4500;XIREC;755.0;11
660700;;SUBMISSION;VELVETFRUIT_EXTRACT;XIREC;5262.0;17
660700;;SUBMISSION;VEV_4000;XIREC;1254.0;8
660700;;SUBMISSION;VEV_4000;XIREC;1251.0;9
661500;;SUBMISSION;VELVETFRUIT_EXTRACT;XIREC;5262.0;17
661500;;SUBMISSION;VEV_4000;XIREC;1254.0;9
661500;;SUBMISSION;VEV_4000;XIREC;1251.0;8
661500;;SUBMISSION;VEV_4500;XIREC;756.0;8
661500;;SUBMISSION;VEV_4500;XIREC;755.0;9
661700;;SUBMISSION;VELVETFRUIT_EXTRACT;XIREC;5262.0;17
661700;;SUBMISSION;VEV_4000;XIREC;1254.0;7
661700;;SUBMISSION;VEV_4000;XIREC;1251.0;10
661700;;SUBMISSION;VEV_4500;XIREC;756.0;7
661700;;SUBMISSION;VEV_4500;XIREC;754.0;10
662000;;SUBMISSION;VELVETFRUIT_EXTRACT;XIREC;5264.0;9
662000;;SUBMISSION;VELVETFRUIT_EXTRACT;XIREC;5262.0;8
662000;;SUBMISSION;VEV_4000;XIREC;1254.0;15
662000;;SUBMISSION;VEV_4000;XIREC;1251.0;2
662100;;SUBMISSION;VELVETFRUIT_EXTRACT;XIREC;5262.0;16
662100;;SUBMISSION;VELVETFRUIT_EXTRACT;XIREC;5261.0;1
662100;;SUBMISSION;VEV_4000;XIREC;1254.0;13
662100;;SUBMISSION;VEV_4000;XIREC;1251.0;4
662100;;SUBMISSION;VEV_4500;XIREC;756.0;7
662100;;SUBMISSION;VEV_4500;XIREC;755.0;10
662200;;SUBMISSION;VELVETFRUIT_EXTRACT;XIREC;5262.0;17
662200;;SUBMISSION;VEV_4000;XIREC;1254.0;15
662200;;SUBMISSION;VEV_4000;XIREC;1252.0;2
662200;;SUBMISSION;VEV_4500;XIREC;757.0;12
662200;;SUBMISSION;VEV_4500;XIREC;755.0;5
662300;Mark 38;Mark 14;HYDROGEL_PACK;XIREC;9961.0;6
662900;;SUBMISSION;VELVETFRUIT_EXTRACT;XIREC;5262.0;17
662900;;SUBMISSION;VEV_4000;XIREC;1254.0;8
662900;;SUBMISSION;VEV_4000;XIREC;1251.0;9
662900;;SUBMISSION;VEV_4500;XIREC;756.0;10
662900;;SUBMISSION;VEV_4500;XIREC;755.0;7
663100;Mark 67;Mark 49;VELVETFRUIT_EXTRACT;XIREC;5262.0;8
663600;Mark 55;Mark 14;VELVETFRUIT_EXTRACT;XIREC;5262.0;7
664700;Mark 38;Mark 14;HYDROGEL_PACK;XIREC;9969.0;4
665900;;SUBMISSION;VEV_4000;XIREC;1259.0;4
665900;;SUBMISSION;VEV_4000;XIREC;1249.0;9
666300;Mark 14;Mark 38;VEV_4000;XIREC;1249.0;3
666400;Mark 55;Mark 14;VELVETFRUIT_EXTRACT;XIREC;5261.0;7
666500;Mark 01;Mark 22;VEV_5400;XIREC;10.0;3
666500;Mark 01;Mark 22;VEV_5500;XIREC;2.0;3
666500;Mark 01;Mark 22;VEV_6000;XIREC;0.0;3
666500;Mark 01;Mark 22;VEV_6500;XIREC;0.0;3
666700;Mark 01;Mark 22;VEV_5500;XIREC;2.0;3
666700;Mark 01;Mark 22;VEV_6000;XIREC;0.0;3
666700;Mark 01;Mark 22;VEV_6500;XIREC;0.0;3
667100;Mark 14;Mark 38;VEV_4000;XIREC;1247.0;3
668700;Mark 38;Mark 14;HYDROGEL_PACK;XIREC;9959.0;3
670700;Mark 38;Mark 14;HYDROGEL_PACK;XIREC;9969.0;3
671800;Mark 01;Mark 22;VEV_5300;XIREC;33.0;4
671800;Mark 01;Mark 22;VEV_5400;XIREC;8.0;4
671800;Mark 01;Mark 22;VEV_5500;XIREC;2.0;4
671800;Mark 01;Mark 22;VEV_6000;XIREC;0.0;4
671800;Mark 01;Mark 22;VEV_6500;XIREC;0.0;4
671900;Mark 01;Mark 22;VEV_5300;XIREC;33.0;4
671900;Mark 01;Mark 22;VEV_5400;XIREC;8.0;4
671900;Mark 01;Mark 22;VEV_5500;XIREC;2.0;4
671900;Mark 01;Mark 22;VEV_6000;XIREC;0.0;4
671900;Mark 01;Mark 22;VEV_6500;XIREC;0.0;4
672400;Mark 14;Mark 38;HYDROGEL_PACK;XIREC;9946.0;3
672800;Mark 14;Mark 38;HYDROGEL_PACK;XIREC;9941.0;6
676800;Mark 55;Mark 14;VELVETFRUIT_EXTRACT;XIREC;5255.0;8
677300;Mark 67;Mark 49;VELVETFRUIT_EXTRACT;XIREC;5251.0;10
678700;Mark 01;Mark 22;VEV_5400;XIREC;9.0;3
678700;Mark 01;Mark 22;VEV_5500;XIREC;2.0;3
678700;Mark 01;Mark 22;VEV_6000;XIREC;0.0;3
678700;Mark 01;Mark 22;VEV_6500;XIREC;0.0;3
680400;Mark 38;Mark 14;HYDROGEL_PACK;XIREC;9966.0;6
680500;Mark 38;Mark 14;HYDROGEL_PACK;XIREC;9965.0;2
682700;Mark 14;Mark 55;VELVETFRUIT_EXTRACT;XIREC;5245.0;4
684800;Mark 14;Mark 38;HYDROGEL_PACK;XIREC;9952.0;4
685500;Mark 14;Mark 38;HYDROGEL_PACK;XIREC;9940.0;3
686200;Mark 38;Mark 14;VEV_4000;XIREC;1255.0;3
686400;Mark 38;Mark 14;HYDROGEL_PACK;XIREC;9961.0;5
686800;Mark 55;Mark 14;VELVETFRUIT_EXTRACT;XIREC;5249.0;4
687600;Mark 14;Mark 55;VELVETFRUIT_EXTRACT;XIREC;5244.0;3
688300;Mark 01;Mark 55;VELVETFRUIT_EXTRACT;XIREC;5240.0;4
688400;Mark 14;Mark 38;HYDROGEL_PACK;XIREC;9946.0;6
689300;Mark 14;Mark 55;VELVETFRUIT_EXTRACT;XIREC;5238.0;4
689900;Mark 01;Mark 22;VEV_5300;XIREC;30.0;5
689900;Mark 01;Mark 22;VEV_5400;XIREC;7.0;5
689900;Mark 01;Mark 22;VEV_5500;XIREC;2.0;5
689900;Mark 01;Mark 22;VEV_6000;XIREC;0.0;5
689900;Mark 01;Mark 22;VEV_6500;XIREC;0.0;5
690000;Mark 01;Mark 55;VELVETFRUIT_EXTRACT;XIREC;5238.0;6
692900;Mark 14;Mark 38;HYDROGEL_PACK;XIREC;9946.0;2
694500;Mark 38;Mark 14;HYDROGEL_PACK;XIREC;9971.0;5
698600;Mark 14;Mark 38;HYDROGEL_PACK;XIREC;9958.0;2
699000;Mark 14;Mark 38;VEV_4000;XIREC;1235.0;1
699400;Mark 14;Mark 38;HYDROGEL_PACK;XIREC;9962.0;4
699400;Mark 14;Mark 22;VEV_5200;XIREC;80.0;4
699400;Mark 01;Mark 22;VEV_5300;XIREC;32.0;4
699400;Mark 01;Mark 22;VEV_5400;XIREC;8.0;4
699400;Mark 01;Mark 22;VEV_5500;XIREC;2.0;4
699400;Mark 01;Mark 22;VEV_6000;XIREC;0.0;4
699400;Mark 01;Mark 22;VEV_6500;XIREC;0.0;4
700300;Mark 14;Mark 22;VEV_5300;XIREC;32.0;4
700300;Mark 01;Mark 22;VEV_5400;XIREC;8.0;4
700300;Mark 01;Mark 22;VEV_5500;XIREC;2.0;4
700300;Mark 01;Mark 22;VEV_6000;XIREC;0.0;4
700300;Mark 01;Mark 22;VEV_6500;XIREC;0.0;4
700600;Mark 67;Mark 49;VELVETFRUIT_EXTRACT;XIREC;5243.0;14
701000;Mark 67;Mark 49;VELVETFRUIT_EXTRACT;XIREC;5245.0;9
702400;Mark 38;Mark 14;VEV_4000;XIREC;1255.0;2
702500;Mark 55;Mark 14;VELVETFRUIT_EXTRACT;XIREC;5247.0;4
705400;Mark 14;Mark 22;VEV_5200;XIREC;80.0;2
705400;Mark 01;Mark 22;VEV_5300;XIREC;32.0;2
705400;Mark 01;Mark 22;VEV_5400;XIREC;8.0;2
705400;Mark 01;Mark 22;VEV_5500;XIREC;2.0;2
705400;Mark 01;Mark 22;VEV_6000;XIREC;0.0;2
705400;Mark 01;Mark 22;VEV_6500;XIREC;0.0;2
707000;Mark 14;Mark 38;VEV_4000;XIREC;1234.0;1
707500;Mark 01;Mark 55;VELVETFRUIT_EXTRACT;XIREC;5244.0;6
707800;Mark 67;Mark 49;VELVETFRUIT_EXTRACT;XIREC;5247.0;14
708400;Mark 38;Mark 14;VEV_4000;XIREC;1267.0;1
708800;Mark 01;Mark 22;VEV_5300;XIREC;34.0;5
708800;Mark 01;Mark 22;VEV_5400;XIREC;9.0;5
708800;Mark 01;Mark 22;VEV_5500;XIREC;2.0;5
708800;Mark 01;Mark 22;VEV_6000;XIREC;0.0;5
708800;Mark 01;Mark 22;VEV_6500;XIREC;0.0;5
711300;Mark 55;Mark 01;VELVETFRUIT_EXTRACT;XIREC;5266.0;7
711500;;SUBMISSION;VELVETFRUIT_EXTRACT;XIREC;5262.0;17
711500;;SUBMISSION;VEV_4000;XIREC;1254.0;10
711500;;SUBMISSION;VEV_4000;XIREC;1251.0;7
711500;;SUBMISSION;VEV_4500;XIREC;756.0;8
711500;;SUBMISSION;VEV_4500;XIREC;754.0;9
711600;;SUBMISSION;VELVETFRUIT_EXTRACT;XIREC;5262.0;17
711600;;SUBMISSION;VEV_4000;XIREC;1254.0;15
711600;;SUBMISSION;VEV_4000;XIREC;1252.0;2
711600;;SUBMISSION;VEV_4500;XIREC;757.0;6
711600;;SUBMISSION;VEV_4500;XIREC;755.0;11
711700;;SUBMISSION;VELVETFRUIT_EXTRACT;XIREC;5262.0;17
711700;;SUBMISSION;VEV_4000;XIREC;1254.0;12
711700;;SUBMISSION;VEV_4000;XIREC;1252.0;5
711700;;SUBMISSION;VEV_4500;XIREC;757.0;9
711700;;SUBMISSION;VEV_4500;XIREC;755.0;8
711900;;SUBMISSION;VELVETFRUIT_EXTRACT;XIREC;5262.0;17
711900;;SUBMISSION;VEV_4000;XIREC;1254.0;13
711900;;SUBMISSION;VEV_4000;XIREC;1251.0;4
711900;;SUBMISSION;VEV_4500;XIREC;756.0;10
711900;;SUBMISSION;VEV_4500;XIREC;754.0;7
712700;;SUBMISSION;VELVETFRUIT_EXTRACT;XIREC;5263.0;9
712700;;SUBMISSION;VELVETFRUIT_EXTRACT;XIREC;5260.0;8
713700;Mark 38;Mark 14;HYDROGEL_PACK;XIREC;9970.0;3
714200;Mark 38;Mark 14;HYDROGEL_PACK;XIREC;9973.0;4
714400;Mark 38;Mark 14;VEV_4000;XIREC;1272.0;1
714900;;SUBMISSION;VEV_4000;XIREC;1262.0;4
714900;;SUBMISSION;VEV_4000;XIREC;1252.0;8
714900;;SUBMISSION;VEV_4000;XIREC;1250.0;5
714900;;SUBMISSION;VEV_4500;XIREC;762.0;4
714900;;SUBMISSION;VEV_4500;XIREC;755.0;12
714900;;SUBMISSION;VEV_4500;XIREC;753.0;1
715600;Mark 55;Mark 14;VELVETFRUIT_EXTRACT;XIREC;5262.0;3
718600;Mark 67;Mark 49;VELVETFRUIT_EXTRACT;XIREC;5257.0;12
719500;Mark 14;Mark 38;HYDROGEL_PACK;XIREC;9941.0;6
720000;Mark 67;Mark 49;VELVETFRUIT_EXTRACT;XIREC;5258.0;8
720500;Mark 38;Mark 14;HYDROGEL_PACK;XIREC;9969.0;2
723100;Mark 55;Mark 14;VELVETFRUIT_EXTRACT;XIREC;5259.0;3
723700;Mark 14;Mark 55;VELVETFRUIT_EXTRACT;XIREC;5255.0;6
726100;Mark 55;Mark 01;VELVETFRUIT_EXTRACT;XIREC;5259.0;5
726300;Mark 55;Mark 14;VELVETFRUIT_EXTRACT;XIREC;5259.0;3
726500;Mark 55;Mark 14;VELVETFRUIT_EXTRACT;XIREC;5258.0;3
726600;Mark 14;Mark 55;VELVETFRUIT_EXTRACT;XIREC;5253.0;3
727000;Mark 55;Mark 01;VELVETFRUIT_EXTRACT;XIREC;5259.0;3
727700;Mark 38;Mark 14;HYDROGEL_PACK;XIREC;9964.0;4
728200;Mark 55;Mark 14;VELVETFRUIT_EXTRACT;XIREC;5259.0;8
728400;Mark 38;Mark 14;HYDROGEL_PACK;XIREC;9960.0;2
728500;Mark 14;Mark 22;VEV_5300;XIREC;36.0;2
728500;Mark 01;Mark 22;VEV_5400;XIREC;9.0;2
728500;Mark 01;Mark 22;VEV_5500;XIREC;2.0;2
728500;Mark 01;Mark 22;VEV_6000;XIREC;0.0;2
728500;Mark 01;Mark 22;VEV_6500;XIREC;0.0;2
729000;Mark 14;Mark 55;VELVETFRUIT_EXTRACT;XIREC;5254.0;6
730000;Mark 01;Mark 22;VEV_5300;XIREC;36.0;2
730000;Mark 01;Mark 22;VEV_5400;XIREC;9.0;2
730000;Mark 01;Mark 22;VEV_5500;XIREC;2.0;2
730000;Mark 01;Mark 22;VEV_6000;XIREC;0.0;2
730000;Mark 01;Mark 22;VEV_6500;XIREC;0.0;2
730900;Mark 38;Mark 14;HYDROGEL_PACK;XIREC;9960.0;6
731400;Mark 14;Mark 55;VELVETFRUIT_EXTRACT;XIREC;5247.0;4
732900;Mark 38;Mark 14;VEV_4000;XIREC;1261.0;1
733000;Mark 14;Mark 38;HYDROGEL_PACK;XIREC;9945.0;4
733100;Mark 14;Mark 38;HYDROGEL_PACK;XIREC;9945.0;3
734000;Mark 14;Mark 38;VEV_4000;XIREC;1241.0;2
734200;Mark 14;Mark 38;VEV_4000;XIREC;1240.0;2
735900;Mark 38;Mark 14;HYDROGEL_PACK;XIREC;9961.0;6
736500;Mark 14;Mark 38;HYDROGEL_PACK;XIREC;9943.0;5
740800;Mark 55;Mark 14;VELVETFRUIT_EXTRACT;XIREC;5242.0;7
740900;Mark 14;Mark 55;VELVETFRUIT_EXTRACT;XIREC;5236.0;4
741100;Mark 01;Mark 22;VEV_5300;XIREC;29.0;2
741100;Mark 01;Mark 22;VEV_5400;XIREC;7.0;2
741100;Mark 01;Mark 22;VEV_5500;XIREC;1.0;2
741100;Mark 01;Mark 22;VEV_6000;XIREC;0.0;2
741100;Mark 01;Mark 22;VEV_6500;XIREC;0.0;2
741600;Mark 14;Mark 38;HYDROGEL_PACK;XIREC;9946.0;2
741800;Mark 14;Mark 38;HYDROGEL_PACK;XIREC;9945.0;6
742000;Mark 38;Mark 14;HYDROGEL_PACK;XIREC;9960.0;2
742300;Mark 14;Mark 55;VELVETFRUIT_EXTRACT;XIREC;5240.0;3
743900;Mark 38;Mark 14;VEV_4000;XIREC;1251.0;2
744800;Mark 14;Mark 55;VELVETFRUIT_EXTRACT;XIREC;5242.0;4
746000;Mark 01;Mark 55;VELVETFRUIT_EXTRACT;XIREC;5240.0;4
746600;Mark 14;Mark 55;VELVETFRUIT_EXTRACT;XIREC;5236.0;5
747600;Mark 14;Mark 38;HYDROGEL_PACK;XIREC;9955.0;3
750700;Mark 55;Mark 14;VELVETFRUIT_EXTRACT;XIREC;5234.0;3
751000;SUBMISSION;;VELVETFRUIT_EXTRACT;XIREC;5232.0;16
751000;SUBMISSION;;VELVETFRUIT_EXTRACT;XIREC;5233.0;1
751000;SUBMISSION;;VEV_4000;XIREC;1240.0;10
751000;SUBMISSION;;VEV_4000;XIREC;1242.0;7
751000;SUBMISSION;;VEV_4500;XIREC;737.0;6
751000;SUBMISSION;;VEV_4500;XIREC;739.0;11
751100;SUBMISSION;;VELVETFRUIT_EXTRACT;XIREC;5231.0;15
751100;SUBMISSION;;VELVETFRUIT_EXTRACT;XIREC;5232.0;2
751100;SUBMISSION;;VEV_4000;XIREC;1239.0;12
751100;SUBMISSION;;VEV_4000;XIREC;1242.0;5
751100;SUBMISSION;;VEV_4500;XIREC;737.0;11
751100;SUBMISSION;;VEV_4500;XIREC;739.0;6
751300;SUBMISSION;;VELVETFRUIT_EXTRACT;XIREC;5231.0;15
751300;SUBMISSION;;VELVETFRUIT_EXTRACT;XIREC;5232.0;2
751300;SUBMISSION;;VEV_4000;XIREC;1239.0;9
751300;SUBMISSION;;VEV_4000;XIREC;1242.0;8
751300;SUBMISSION;;VEV_4500;XIREC;737.0;10
751300;SUBMISSION;;VEV_4500;XIREC;738.0;7
751400;SUBMISSION;;VELVETFRUIT_EXTRACT;XIREC;5231.0;17
751400;SUBMISSION;;VEV_4000;XIREC;1239.0;13
751400;SUBMISSION;;VEV_4000;XIREC;1242.0;4
751400;SUBMISSION;;VEV_4500;XIREC;737.0;6
751400;SUBMISSION;;VEV_4500;XIREC;738.0;11
751500;SUBMISSION;;VELVETFRUIT_EXTRACT;XIREC;5230.0;17
751500;SUBMISSION;;VEV_4000;XIREC;1238.0;14
751500;SUBMISSION;;VEV_4000;XIREC;1240.0;3
751500;SUBMISSION;;VEV_4500;XIREC;735.0;8
751500;SUBMISSION;;VEV_4500;XIREC;737.0;9
751500;Mark 14;Mark 55;VELVETFRUIT_EXTRACT;XIREC;5225.0;7
751600;SUBMISSION;;VELVETFRUIT_EXTRACT;XIREC;5230.0;15
751600;SUBMISSION;;VELVETFRUIT_EXTRACT;XIREC;5231.0;2
751600;SUBMISSION;;VEV_4000;XIREC;1238.0;14
751600;SUBMISSION;;VEV_4000;XIREC;1240.0;3
751600;SUBMISSION;;VEV_4500;XIREC;735.0;7
751600;SUBMISSION;;VEV_4500;XIREC;737.0;10
751700;SUBMISSION;;VELVETFRUIT_EXTRACT;XIREC;5230.0;17
751700;SUBMISSION;;VEV_4000;XIREC;1238.0;15
751700;SUBMISSION;;VEV_4000;XIREC;1240.0;2
751700;SUBMISSION;;VEV_4500;XIREC;735.0;9
751700;SUBMISSION;;VEV_4500;XIREC;737.0;8
751700;Mark 14;Mark 55;VELVETFRUIT_EXTRACT;XIREC;5225.0;7
751800;SUBMISSION;;VELVETFRUIT_EXTRACT;XIREC;5230.0;17
751800;SUBMISSION;;VEV_4000;XIREC;1238.0;10
751800;SUBMISSION;;VEV_4000;XIREC;1241.0;7
751800;SUBMISSION;;VEV_4500;XIREC;736.0;11
751800;SUBMISSION;;VEV_4500;XIREC;737.0;6
751900;SUBMISSION;;VELVETFRUIT_EXTRACT;XIREC;5231.0;17
751900;SUBMISSION;;VEV_4000;XIREC;1238.0;13
751900;SUBMISSION;;VEV_4000;XIREC;1241.0;4
751900;SUBMISSION;;VEV_4500;XIREC;736.0;11
751900;SUBMISSION;;VEV_4500;XIREC;738.0;6
752000;SUBMISSION;;VELVETFRUIT_EXTRACT;XIREC;5231.0;17
752100;SUBMISSION;;VELVETFRUIT_EXTRACT;XIREC;5230.0;17
752100;SUBMISSION;;VEV_4000;XIREC;1238.0;12
752100;SUBMISSION;;VEV_4000;XIREC;1240.0;5
752100;SUBMISSION;;VEV_4500;XIREC;735.0;6
752100;SUBMISSION;;VEV_4500;XIREC;737.0;11
752200;SUBMISSION;;VELVETFRUIT_EXTRACT;XIREC;5230.0;17
752200;SUBMISSION;;VEV_4000;XIREC;1238.0;10
752200;SUBMISSION;;VEV_4000;XIREC;1241.0;7
752200;SUBMISSION;;VEV_4500;XIREC;736.0;11
752200;SUBMISSION;;VEV_4500;XIREC;737.0;6
752300;SUBMISSION;;VELVETFRUIT_EXTRACT;XIREC;5230.0;17
752300;SUBMISSION;;VEV_4000;XIREC;1237.0;12
752300;SUBMISSION;;VEV_4000;XIREC;1240.0;5
752300;SUBMISSION;;VEV_4500;XIREC;735.0;6
752300;SUBMISSION;;VEV_4500;XIREC;737.0;11
752300;Mark 38;Mark 14;VEV_4000;XIREC;1237.0;2
752400;SUBMISSION;;VELVETFRUIT_EXTRACT;XIREC;5230.0;17
752400;SUBMISSION;;VEV_4000;XIREC;1238.0;14
752400;SUBMISSION;;VEV_4000;XIREC;1241.0;3
752400;SUBMISSION;;VEV_4500;XIREC;736.0;10
752400;SUBMISSION;;VEV_4500;XIREC;737.0;7
752500;SUBMISSION;;VELVETFRUIT_EXTRACT;XIREC;5231.0;17
752500;SUBMISSION;;VEV_4000;XIREC;1238.0;9
