timestamp;buyer;seller;symbol;currency;price;quantity
0;;SUBMISSION;VELVETFRUIT_EXTRACT;XIREC;5265.0;25
0;;SUBMISSION;VELVETFRUIT_EXTRACT;XIREC;5264.0;25
0;;SUBMISSION;VEV_4000;XIREC;1257.0;15
0;;SUBMISSION;VEV_4000;XIREC;1254.0;27
0;;SUBMISSION;VEV_4500;XIREC;759.0;7
0;;SUBMISSION;VEV_4500;XIREC;757.0;14
0;;SUBMISSION;VEV_5000;XIREC;267.0;7
0;;SUBMISSION;VEV_5000;XIREC;266.0;14
0;;SUBMISSION;VEV_5100;XIREC;177.0;7
0;;SUBMISSION;VEV_5100;XIREC;176.0;14
0;;SUBMISSION;VEV_5200;XIREC;102.0;21
0;;SUBMISSION;VEV_5300;XIREC;52.0;20
100;;SUBMISSION;VELVETFRUIT_EXTRACT;XIREC;5263.0;50
100;;SUBMISSION;VEV_4000;XIREC;1255.0;12
100;;SUBMISSION;VEV_4000;XIREC;1252.0;20
100;;SUBMISSION;VEV_4500;XIREC;757.0;10
100;;SUBMISSION;VEV_4500;XIREC;756.0;14
100;;SUBMISSION;VEV_5000;XIREC;265.0;24
100;;SUBMISSION;VEV_5300;XIREC;51.0;25
200;;SUBMISSION;VELVETFRUIT_EXTRACT;XIREC;5263.0;50
200;;SUBMISSION;VEV_4000;XIREC;1255.0;10
200;;SUBMISSION;VEV_4000;XIREC;1253.0;20
200;;SUBMISSION;VEV_4500;XIREC;758.0;8
200;;SUBMISSION;VEV_4500;XIREC;756.0;15
200;;SUBMISSION;VEV_5000;XIREC;266.0;8
200;;SUBMISSION;VEV_5000;XIREC;265.0;15
200;;SUBMISSION;VEV_5300;XIREC;51.0;19
300;;SUBMISSION;VELVETFRUIT_EXTRACT;XIREC;5264.0;23
300;;SUBMISSION;VELVETFRUIT_EXTRACT;XIREC;5263.0;27
300;;SUBMISSION;VEV_4000;XIREC;1256.0;10
300;;SUBMISSION;VEV_4000;XIREC;1253.0;18
300;;SUBMISSION;VEV_4500;XIREC;758.0;9
300;;SUBMISSION;VEV_4500;XIREC;756.0;17
300;;SUBMISSION;VEV_5000;XIREC;266.0;9
300;;SUBMISSION;VEV_5000;XIREC;265.0;17
300;;SUBMISSION;VEV_5300;XIREC;51.0;25
400;;SUBMISSION;VEV_4000;XIREC;1254.0;8
400;;SUBMISSION;VEV_4000;XIREC;1252.0;30
400;;SUBMISSION;VEV_4500;XIREC;757.0;8
400;;SUBMISSION;VEV_4500;XIREC;755.0;14
400;;SUBMISSION;VEV_5300;XIREC;51.0;26
600;;SUBMISSION;VEV_4000;XIREC;1261.0;5
600;;SUBMISSION;VEV_4000;XIREC;1251.0;9
600;;SUBMISSION;VEV_4000;XIREC;1249.0;23
600;;SUBMISSION;VEV_4500;XIREC;761.0;5
600;;SUBMISSION;VEV_4500;XIREC;754.0;9
600;;SUBMISSION;VEV_4500;XIREC;752.0;14
900;;;VELVETFRUIT_EXTRACT;XIREC;5262.0;8
1300;;;VEV_4000;XIREC;1251.0;3
1500;;SUBMISSION;VEV_4000;XIREC;1254.0;8
1500;;SUBMISSION;VEV_4000;XIREC;1252.0;26
1500;;SUBMISSION;VEV_4500;XIREC;757.0;10
1500;;SUBMISSION;VEV_4500;XIREC;755.0;23
1500;;SUBMISSION;VEV_5300;XIREC;51.0;25
1600;;SUBMISSION;VEV_4000;XIREC;1254.0;13
1600;;SUBMISSION;VEV_4000;XIREC;1252.0;29
1600;;SUBMISSION;VEV_4500;XIREC;757.0;7
1600;;SUBMISSION;VEV_4500;XIREC;755.0;13
1600;;SUBMISSION;VEV_5300;XIREC;51.0;19
1700;;SUBMISSION;VEV_4000;XIREC;1255.0;14
1700;;SUBMISSION;VEV_4000;XIREC;1253.0;3
1700;;SUBMISSION;VEV_4500;XIREC;758.0;6
1700;;SUBMISSION;VEV_4500;XIREC;756.0;13
1700;;SUBMISSION;VEV_5000;XIREC;266.0;6
1700;;SUBMISSION;VEV_5000;XIREC;265.0;13
1700;;SUBMISSION;VEV_5300;XIREC;51.0;26
1800;;SUBMISSION;VEV_4500;XIREC;758.0;6
1800;;SUBMISSION;VEV_4500;XIREC;756.0;21
1800;;SUBMISSION;VEV_5000;XIREC;265.0;27
1800;;SUBMISSION;VEV_5300;XIREC;51.0;21
1900;;SUBMISSION;VEV_4500;XIREC;758.0;11
1900;;SUBMISSION;VEV_4500;XIREC;756.0;14
1900;;SUBMISSION;VEV_5000;XIREC;266.0;11
1900;;SUBMISSION;VEV_5000;XIREC;265.0;14
1900;;SUBMISSION;VEV_5300;XIREC;51.0;16
2000;;SUBMISSION;VEV_4500;XIREC;760.0;9
2000;;SUBMISSION;VEV_4500;XIREC;758.0;14
2000;;SUBMISSION;VEV_5000;XIREC;268.0;9
2000;;SUBMISSION;VEV_5000;XIREC;267.0;14
2000;;SUBMISSION;VEV_5100;XIREC;177.0;23
2000;;SUBMISSION;VEV_5200;XIREC;103.0;23
2000;;SUBMISSION;VEV_5300;XIREC;52.0;19
2100;;SUBMISSION;VEV_4500;XIREC;761.0;9
2100;;SUBMISSION;VEV_5000;XIREC;269.0;9
2100;;SUBMISSION;VEV_5000;XIREC;268.0;13
2100;;SUBMISSION;VEV_5100;XIREC;178.0;22
2100;;SUBMISSION;VEV_5200;XIREC;104.0;22
2100;;SUBMISSION;VEV_5300;XIREC;53.0;23
2200;;SUBMISSION;VEV_5000;XIREC;268.0;6
2200;;SUBMISSION;VEV_5000;XIREC;267.0;12
2200;;SUBMISSION;VEV_5100;XIREC;177.0;18
2200;;SUBMISSION;VEV_5200;XIREC;103.0;18
2200;;SUBMISSION;VEV_5300;XIREC;52.0;19
2300;;SUBMISSION;VEV_5000;XIREC;269.0;10
2300;;SUBMISSION;VEV_5000;XIREC;268.0;15
2300;;SUBMISSION;VEV_5100;XIREC;178.0;25
2300;;SUBMISSION;VEV_5200;XIREC;104.0;25
2300;;SUBMISSION;VEV_5300;XIREC;53.0;9
2300;;SUBMISSION;VEV_5300;XIREC;52.0;8
2400;;SUBMISSION;VEV_5000;XIREC;270.0;7
2400;;SUBMISSION;VEV_5000;XIREC;269.0;13
2400;;SUBMISSION;VEV_5100;XIREC;179.0;20
2400;;SUBMISSION;VEV_5200;XIREC;105.0;7
2400;;SUBMISSION;VEV_5200;XIREC;104.0;13
2500;;SUBMISSION;VEV_5000;XIREC;272.0;10
2500;;SUBMISSION;VEV_5000;XIREC;271.0;13
2500;;SUBMISSION;VEV_5100;XIREC;181.0;10
2500;;SUBMISSION;VEV_5100;XIREC;180.0;13
2500;;SUBMISSION;VEV_5200;XIREC;106.0;23
2600;;SUBMISSION;VEV_5000;XIREC;272.0;4
2600;;SUBMISSION;VEV_5100;XIREC;181.0;22
2600;;SUBMISSION;VEV_5200;XIREC;106.0;22
2700;;SUBMISSION;VEV_5100;XIREC;181.0;8
2700;;SUBMISSION;VEV_5100;XIREC;180.0;14
2700;;SUBMISSION;VEV_5200;XIREC;106.0;22
2700;;;VELVETFRUIT_EXTRACT;XIREC;5269.0;8
2800;;SUBMISSION;HYDROGEL_PACK;XIREC;10017.0;1
2800;;SUBMISSION;VEV_5100;XIREC;180.0;22
2800;;SUBMISSION;VEV_5200;XIREC;106.0;8
2800;;SUBMISSION;VEV_5200;XIREC;105.0;14
2900;;SUBMISSION;HYDROGEL_PACK;XIREC;10018.0;3
2900;;SUBMISSION;VEV_5100;XIREC;178.0;24
2900;;SUBMISSION;VEV_5200;XIREC;104.0;24
2900;;;VELVETFRUIT_EXTRACT;XIREC;5272.0;8
3000;;SUBMISSION;HYDROGEL_PACK;XIREC;10019.0;4
3000;;SUBMISSION;VEV_5100;XIREC;179.0;22
3000;;SUBMISSION;VEV_5200;XIREC;105.0;22
3100;;SUBMISSION;HYDROGEL_PACK;XIREC;10019.0;4
3100;;SUBMISSION;VEV_5100;XIREC;181.0;11
3100;;SUBMISSION;VEV_5100;XIREC;180.0;16
3100;;SUBMISSION;VEV_5200;XIREC;106.0;27
3200;;SUBMISSION;HYDROGEL_PACK;XIREC;10022.0;8
3200;;SUBMISSION;VEV_5100;XIREC;181.0;9
3200;;SUBMISSION;VEV_5200;XIREC;106.0;9
3300;;SUBMISSION;HYDROGEL_PACK;XIREC;10021.0;6
3400;;SUBMISSION;HYDROGEL_PACK;XIREC;10023.0;9
3500;;SUBMISSION;HYDROGEL_PACK;XIREC;10021.0;6
3600;;SUBMISSION;HYDROGEL_PACK;XIREC;10022.0;8
3700;;SUBMISSION;HYDROGEL_PACK;XIREC;10021.0;7
3800;;SUBMISSION;HYDROGEL_PACK;XIREC;10020.0;5
4000;;SUBMISSION;HYDROGEL_PACK;XIREC;10018.0;3
4100;;SUBMISSION;HYDROGEL_PACK;XIREC;10020.0;5
4200;;SUBMISSION;HYDROGEL_PACK;XIREC;10022.0;8
4300;;SUBMISSION;HYDROGEL_PACK;XIREC;10019.0;4
4400;;SUBMISSION;HYDROGEL_PACK;XIREC;10020.0;5
4500;;SUBMISSION;HYDROGEL_PACK;XIREC;10017.0;2
4600;;SUBMISSION;HYDROGEL_PACK;XIREC;10017.0;2
4700;;SUBMISSION;HYDROGEL_PACK;XIREC;10017.0;2
4800;;SUBMISSION;HYDROGEL_PACK;XIREC;10017.0;2
4800;;;VELVETFRUIT_EXTRACT;XIREC;5273.0;3
4900;;SUBMISSION;HYDROGEL_PACK;XIREC;10020.0;6
5000;;SUBMISSION;HYDROGEL_PACK;XIREC;10019.0;4
5500;;SUBMISSION;VEV_5400;XIREC;18.0;28
5600;;SUBMISSION;VEV_5400;XIREC;18.0;22
5700;;SUBMISSION;VEV_5400;XIREC;18.0;26
5700;;;VELVETFRUIT_EXTRACT;XIREC;5273.0;5
5900;;SUBMISSION;VEV_5400;XIREC;18.0;23
6000;;SUBMISSION;VEV_5400;XIREC;18.0;28
6100;;SUBMISSION;VEV_5400;XIREC;18.0;21
6200;;SUBMISSION;VEV_5400;XIREC;18.0;23
9000;;;VEV_4000;XIREC;1278.0;1
9900;;;VELVETFRUIT_EXTRACT;XIREC;5261.0;5
10100;;SUBMISSION;HYDROGEL_PACK;XIREC;10018.0;3
10200;;;HYDROGEL_PACK;XIREC;10017.0;6
10700;;;VELVETFRUIT_EXTRACT;XIREC;5265.0;4
11200;;SUBMISSION;HYDROGEL_PACK;XIREC;10029.0;4
12100;;;VELVETFRUIT_EXTRACT;XIREC;5268.0;5
12600;;;VELVETFRUIT_EXTRACT;XIREC;5264.0;3
13100;;;VEV_5400;XIREC;16.0;3
13100;;;VEV_5500;XIREC;6.0;3
13100;;;VEV_6000;XIREC;0.0;3
13100;;;VEV_6500;XIREC;0.0;3
13900;;;VELVETFRUIT_EXTRACT;XIREC;5269.0;4
15700;;SUBMISSION;HYDROGEL_PACK;XIREC;10019.0;1
15700;;SUBMISSION;HYDROGEL_PACK;XIREC;10034.0;2
16300;;;VELVETFRUIT_EXTRACT;XIREC;5275.0;5
16400;;SUBMISSION;HYDROGEL_PACK;XIREC;10021.0;2
17200;;SUBMISSION;VEV_5400;XIREC;18.0;28
17300;;SUBMISSION;VEV_5400;XIREC;18.0;19
17400;;SUBMISSION;VEV_5400;XIREC;18.0;20
17400;;;VELVETFRUIT_EXTRACT;XIREC;5274.0;3
17500;;SUBMISSION;VEV_5400;XIREC;18.0;24
17600;;SUBMISSION;VEV_5400;XIREC;18.0;23
18000;;SUBMISSION;VEV_5400;XIREC;18.0;15
19100;;SUBMISSION;HYDROGEL_PACK;XIREC;10019.0;6
20900;;;VEV_5300;XIREC;53.0;5
20900;;;VEV_5400;XIREC;17.0;5
20900;;;VEV_5500;XIREC;7.0;5
20900;;;VEV_6000;XIREC;0.0;5
20900;;;VEV_6500;XIREC;0.0;5
23100;;;VELVETFRUIT_EXTRACT;XIREC;5264.0;4
23500;;;VEV_5400;XIREC;16.0;2
23500;;;VEV_5500;XIREC;6.0;2
23500;;;VEV_6000;XIREC;0.0;2
23500;;;VEV_6500;XIREC;0.0;2
25500;SUBMISSION;;HYDROGEL_PACK;XIREC;9994.0;1
25500;;;VELVETFRUIT_EXTRACT;XIREC;5264.0;6
25600;SUBMISSION;;HYDROGEL_PACK;XIREC;9994.0;1
25700;SUBMISSION;;HYDROGEL_PACK;XIREC;9992.0;5
25800;SUBMISSION;;HYDROGEL_PACK;XIREC;9992.0;5
25900;SUBMISSION;;HYDROGEL_PACK;XIREC;9994.0;2
26000;SUBMISSION;;HYDROGEL_PACK;XIREC;9994.0;2
26500;;;VELVETFRUIT_EXTRACT;XIREC;5269.0;6
26700;SUBMISSION;;HYDROGEL_PACK;XIREC;9993.0;4
26800;SUBMISSION;;HYDROGEL_PACK;XIREC;9987.0;6
29200;SUBMISSION;;HYDROGEL_PACK;XIREC;9994.0;4
29500;;;VEV_5400;XIREC;16.0;2
29500;;;VEV_5500;XIREC;6.0;2
29500;;;VEV_6000;XIREC;0.0;2
29500;;;VEV_6500;XIREC;0.0;2
30900;SUBMISSION;;HYDROGEL_PACK;XIREC;9996.0;1
31000;SUBMISSION;;HYDROGEL_PACK;XIREC;9996.0;1
32500;;;VELVETFRUIT_EXTRACT;XIREC;5266.0;4
33300;;;VELVETFRUIT_EXTRACT;XIREC;5271.0;7
34100;;;VEV_4000;XIREC;1282.0;1
35700;;;VELVETFRUIT_EXTRACT;XIREC;5270.0;3
35800;;;VELVETFRUIT_EXTRACT;XIREC;5264.0;7
35900;SUBMISSION;;HYDROGEL_PACK;XIREC;9996.0;4
36100;SUBMISSION;;HYDROGEL_PACK;XIREC;9997.0;2
36100;;;VELVETFRUIT_EXTRACT;XIREC;5271.0;4
37100;SUBMISSION;;HYDROGEL_PACK;XIREC;9997.0;2
37200;SUBMISSION;;HYDROGEL_PACK;XIREC;9996.0;5
37300;SUBMISSION;;HYDROGEL_PACK;XIREC;9996.0;5
37400;SUBMISSION;;HYDROGEL_PACK;XIREC;9993.0;11
37500;SUBMISSION;;HYDROGEL_PACK;XIREC;9993.0;11
37600;SUBMISSION;;HYDROGEL_PACK;XIREC;9992.0;12
37600;SUBMISSION;;HYDROGEL_PACK;XIREC;9995.0;2
37700;SUBMISSION;;HYDROGEL_PACK;XIREC;9992.0;12
37700;SUBMISSION;;HYDROGEL_PACK;XIREC;9994.0;2
37800;SUBMISSION;;HYDROGEL_PACK;XIREC;9994.0;1
37900;SUBMISSION;;HYDROGEL_PACK;XIREC;9992.0;11
37900;SUBMISSION;;HYDROGEL_PACK;XIREC;9995.0;3
38000;SUBMISSION;;HYDROGEL_PACK;XIREC;9994.0;9
38100;SUBMISSION;;HYDROGEL_PACK;XIREC;9992.0;14
38200;SUBMISSION;;HYDROGEL_PACK;XIREC;9992.0;14
38300;SUBMISSION;;HYDROGEL_PACK;XIREC;9995.0;7
38400;SUBMISSION;;HYDROGEL_PACK;XIREC;9993.0;11
38400;;;VELVETFRUIT_EXTRACT;XIREC;5265.0;8
38500;SUBMISSION;;HYDROGEL_PACK;XIREC;9991.0;13
38500;SUBMISSION;;HYDROGEL_PACK;XIREC;9994.0;3
38600;SUBMISSION;;HYDROGEL_PACK;XIREC;9993.0;10
38600;SUBMISSION;;HYDROGEL_PACK;XIREC;9996.0;1
38700;SUBMISSION;;HYDROGEL_PACK;XIREC;9995.0;7
38800;SUBMISSION;;HYDROGEL_PACK;XIREC;9994.0;9
38900;SUBMISSION;;HYDROGEL_PACK;XIREC;9993.0;11
39000;SUBMISSION;;HYDROGEL_PACK;XIREC;9995.0;6
39500;;;VEV_4000;XIREC;1254.0;2
40500;SUBMISSION;;HYDROGEL_PACK;XIREC;9995.0;1
41100;;;HYDROGEL_PACK;XIREC;9998.0;6
41700;;;VELVETFRUIT_EXTRACT;XIREC;5254.0;5
41900;;;VEV_5400;XIREC;13.0;2
41900;;;VEV_5500;XIREC;5.0;2
41900;;;VEV_6000;XIREC;0.0;2
41900;;;VEV_6500;XIREC;0.0;2
42000;;;VELVETFRUIT_EXTRACT;XIREC;5247.0;8
42600;SUBMISSION;;HYDROGEL_PACK;XIREC;9994.0;4
42900;SUBMISSION;;HYDROGEL_PACK;XIREC;9993.0;3
42900;;;VEV_5400;XIREC;14.0;4
42900;;;VEV_5500;XIREC;5.0;4
42900;;;VEV_6000;XIREC;0.0;4
42900;;;VEV_6500;XIREC;0.0;4
43000;;;VELVETFRUIT_EXTRACT;XIREC;5250.0;8
43900;SUBMISSION;;HYDROGEL_PACK;XIREC;9992.0;3
44000;SUBMISSION;;HYDROGEL_PACK;XIREC;9979.0;4
44200;SUBMISSION;;HYDROGEL_PACK;XIREC;9984.0;8
44700;;;VELVETFRUIT_EXTRACT;XIREC;5255.0;8
44800;SUBMISSION;;HYDROGEL_PACK;XIREC;9983.0;3
44900;;;VELVETFRUIT_EXTRACT;XIREC;5257.0;14
45100;;;HYDROGEL_PACK;XIREC;9991.0;3
45100;;;VEV_5400;XIREC;15.0;5
45100;;;VEV_5500;XIREC;5.0;5
45100;;;VEV_6000;XIREC;0.0;5
45100;;;VEV_6500;XIREC;0.0;5
45200;SUBMISSION;;HYDROGEL_PACK;XIREC;9981.0;4
46800;;;VELVETFRUIT_EXTRACT;XIREC;5256.0;8
47000;SUBMISSION;;HYDROGEL_PACK;XIREC;9982.0;7
47100;SUBMISSION;;HYDROGEL_PACK;XIREC;9981.0;3
47200;SUBMISSION;;HYDROGEL_PACK;XIREC;9979.0;5
47500;SUBMISSION;;HYDROGEL_PACK;XIREC;9973.0;9
48100;;;VELVETFRUIT_EXTRACT;XIREC;5261.0;7
48400;;;VELVETFRUIT_EXTRACT;XIREC;5258.0;5
49400;SUBMISSION;;HYDROGEL_PACK;XIREC;9959.0;4
49800;;;HYDROGEL_PACK;XIREC;9960.0;3
50200;;;VEV_4000;XIREC;1249.0;3
52600;;;VELVETFRUIT_EXTRACT;XIREC;5263.0;8
52900;;;VEV_5500;XIREC;6.0;5
52900;;;VEV_6000;XIREC;0.0;5
52900;;;VEV_6500;XIREC;0.0;5
53200;;;VELVETFRUIT_EXTRACT;XIREC;5264.0;5
53600;;;VELVETFRUIT_EXTRACT;XIREC;5257.0;5
58300;;;HYDROGEL_PACK;XIREC;9963.0;6
59200;;;VELVETFRUIT_EXTRACT;XIREC;5244.0;8
60700;;;HYDROGEL_PACK;XIREC;9973.0;5
63800;;;VEV_4000;XIREC;1262.0;3
64300;;;VELVETFRUIT_EXTRACT;XIREC;5249.0;3
67600;;;VELVETFRUIT_EXTRACT;XIREC;5262.0;4
70000;;;VELVETFRUIT_EXTRACT;XIREC;5255.0;6
70400;;;VELVETFRUIT_EXTRACT;XIREC;5260.0;5
70900;;;HYDROGEL_PACK;XIREC;9994.0;2
71500;;;VELVETFRUIT_EXTRACT;XIREC;5251.0;4
71800;SUBMISSION;;HYDROGEL_PACK;XIREC;9976.0;5
72700;;;HYDROGEL_PACK;XIREC;9988.0;3
73100;;;VELVETFRUIT_EXTRACT;XIREC;5256.0;7
73200;;;VELVETFRUIT_EXTRACT;XIREC;5254.0;5
75200;;;VEV_5300;XIREC;46.0;4
75200;;;VEV_5400;XIREC;14.0;4
75200;;;VEV_5500;XIREC;5.0;4
75200;;;VEV_6000;XIREC;0.0;4
75200;;;VEV_6500;XIREC;0.0;4
76700;;;VELVETFRUIT_EXTRACT;XIREC;5258.0;4
78700;SUBMISSION;;HYDROGEL_PACK;XIREC;9940.0;3
79300;;;VEV_5300;XIREC;47.0;5
79300;;;VEV_5400;XIREC;14.0;5
79300;;;VEV_5500;XIREC;5.0;5
79300;;;VEV_6000;XIREC;0.0;5
79300;;;VEV_6500;XIREC;0.0;5
80800;;;VEV_4000;XIREC;1274.0;1
82100;;;VELVETFRUIT_EXTRACT;XIREC;5270.0;5
83000;;;VELVETFRUIT_EXTRACT;XIREC;5271.0;6
84100;;;VELVETFRUIT_EXTRACT;XIREC;5272.0;8
84400;;;VELVETFRUIT_EXTRACT;XIREC;5273.0;5
84800;;;VELVETFRUIT_EXTRACT;XIREC;5276.0;5
85500;;;HYDROGEL_PACK;XIREC;9954.0;2
85500;;;VELVETFRUIT_EXTRACT;XIREC;5273.0;8
90100;;;HYDROGEL_PACK;XIREC;9931.0;3
91100;SUBMISSION;;HYDROGEL_PACK;XIREC;9923.0;10
91100;SUBMISSION;;HYDROGEL_PACK;XIREC;9925.0;16
91700;;;HYDROGEL_PACK;XIREC;9929.0;2
91700;;;VELVETFRUIT_EXTRACT;XIREC;5264.0;8
92600;;;VELVETFRUIT_EXTRACT;XIREC;5271.0;4
95100;;;VELVETFRUIT_EXTRACT;XIREC;5262.0;8
97200;;;VELVETFRUIT_EXTRACT;XIREC;5265.0;7
97400;;;VELVETFRUIT_EXTRACT;XIREC;5258.0;5
97600;;;HYDROGEL_PACK;XIREC;9937.0;2
98600;;;VEV_4000;XIREC;1255.0;1
101800;;;HYDROGEL_PACK;XIREC;9984.0;3
102400;;;HYDROGEL_PACK;XIREC;9984.0;3
102600;;;VEV_5400;XIREC;16.0;2
102600;;;VEV_5500;XIREC;6.0;2
102600;;;VEV_6000;XIREC;0.0;2
102600;;;VEV_6500;XIREC;0.0;2
103300;;;VEV_4000;XIREC;1254.0;1
103500;;;VELVETFRUIT_EXTRACT;XIREC;5263.0;8
103700;;;VEV_4000;XIREC;1254.0;3
104500;;;HYDROGEL_PACK;XIREC;9984.0;2
105500;;;VEV_5300;XIREC;47.0;5
105500;;;VEV_5500;XIREC;5.0;5
105500;;;VEV_6000;XIREC;0.0;5
105500;;;VEV_6500;XIREC;0.0;5
106300;;;VELVETFRUIT_EXTRACT;XIREC;5262.0;7
108800;;;VELVETFRUIT_EXTRACT;XIREC;5263.0;3
109100;;;VEV_4000;XIREC;1254.0;1
109400;;;VELVETFRUIT_EXTRACT;XIREC;5266.0;6
109600;;;HYDROGEL_PACK;XIREC;9990.0;6
109800;;;VELVETFRUIT_EXTRACT;XIREC;5267.0;3
110500;;;VELVETFRUIT_EXTRACT;XIREC;5262.0;8
111300;;;VELVETFRUIT_EXTRACT;XIREC;5263.0;7
111900;;;VEV_4000;XIREC;1252.0;2
112600;;;VELVETFRUIT_EXTRACT;XIREC;5257.0;10
114500;;;HYDROGEL_PACK;XIREC;9994.0;5
114700;;;VEV_4000;XIREC;1269.0;2
116800;;;VEV_4000;XIREC;1268.0;2
118100;;;VELVETFRUIT_EXTRACT;XIREC;5260.0;3
121500;;SUBMISSION;HYDROGEL_PACK;XIREC;10006.0;5
121800;;SUBMISSION;HYDROGEL_PACK;XIREC;10000.0;12
122900;;;VELVETFRUIT_EXTRACT;XIREC;5258.0;8
124900;;SUBMISSION;HYDROGEL_PACK;XIREC;10021.0;3
126800;;SUBMISSION;HYDROGEL_PACK;XIREC;10014.0;2
129300;;;VELVETFRUIT_EXTRACT;XIREC;5255.0;8
129300;;;VELVETFRUIT_EXTRACT;XIREC;5255.0;5
129400;;SUBMISSION;HYDROGEL_PACK;XIREC;10008.0;4
129600;;;VELVETFRUIT_EXTRACT;XIREC;5255.0;6
129700;;;VEV_5300;XIREC;46.0;4
129700;;;VEV_5400;XIREC;14.0;4
129700;;;VEV_5500;XIREC;5.0;4
129700;;;VEV_6000;XIREC;0.0;4
129700;;;VEV_6500;XIREC;0.0;4
130100;;;VELVETFRUIT_EXTRACT;XIREC;5256.0;5
130300;;;VELVETFRUIT_EXTRACT;XIREC;5252.0;6
133000;;;VELVETFRUIT_EXTRACT;XIREC;5260.0;7
134300;;;VELVETFRUIT_EXTRACT;XIREC;5255.0;9
135500;;;VELVETFRUIT_EXTRACT;XIREC;5259.0;7
137000;;;HYDROGEL_PACK;XIREC;10007.0;3
137300;;SUBMISSION;HYDROGEL_PACK;XIREC;10012.0;1
137400;;SUBMISSION;HYDROGEL_PACK;XIREC;10013.0;3
137500;;SUBMISSION;HYDROGEL_PACK;XIREC;10012.0;1
137600;;SUBMISSION;HYDROGEL_PACK;XIREC;10015.0;6
137700;;SUBMISSION;HYDROGEL_PACK;XIREC;10013.0;3
137800;;SUBMISSION;HYDROGEL_PACK;XIREC;10012.0;1
138000;;SUBMISSION;HYDROGEL_PACK;XIREC;10014.0;4
138100;;SUBMISSION;HYDROGEL_PACK;XIREC;10014.0;4
138200;;SUBMISSION;HYDROGEL_PACK;XIREC;10016.0;8
138300;;SUBMISSION;HYDROGEL_PACK;XIREC;10014.0;4
138600;;SUBMISSION;HYDROGEL_PACK;XIREC;10013.0;3
138700;;SUBMISSION;HYDROGEL_PACK;XIREC;10013.0;3
138700;;;VELVETFRUIT_EXTRACT;XIREC;5262.0;3
138800;;SUBMISSION;HYDROGEL_PACK;XIREC;10015.0;6
138900;;SUBMISSION;HYDROGEL_PACK;XIREC;10015.0;6
139000;;SUBMISSION;HYDROGEL_PACK;XIREC;10017.0;9
139100;;SUBMISSION;HYDROGEL_PACK;XIREC;10014.0;5
139200;;SUBMISSION;HYDROGEL_PACK;XIREC;10013.0;3
139300;;SUBMISSION;HYDROGEL_PACK;XIREC;10013.0;3
140400;;SUBMISSION;HYDROGEL_PACK;XIREC;10012.0;2
140500;;;VELVETFRUIT_EXTRACT;XIREC;5257.0;6
140600;;SUBMISSION;HYDROGEL_PACK;XIREC;10011.0;1
140700;;SUBMISSION;HYDROGEL_PACK;XIREC;10013.0;4
140800;;SUBMISSION;HYDROGEL_PACK;XIREC;10011.0;1
140900;;SUBMISSION;HYDROGEL_PACK;XIREC;10013.0;4
140900;;;VEV_4000;XIREC;1246.0;1
141000;;SUBMISSION;HYDROGEL_PACK;XIREC;10013.0;4
141100;;SUBMISSION;HYDROGEL_PACK;XIREC;10014.0;5
141200;;SUBMISSION;HYDROGEL_PACK;XIREC;10015.0;7
141300;;SUBMISSION;HYDROGEL_PACK;XIREC;10016.0;9
141400;;SUBMISSION;HYDROGEL_PACK;XIREC;10016.0;9
141500;;SUBMISSION;HYDROGEL_PACK;XIREC;10020.0;12
141500;;SUBMISSION;HYDROGEL_PACK;XIREC;10017.0;3
141600;;SUBMISSION;HYDROGEL_PACK;XIREC;10020.0;13
141600;;SUBMISSION;HYDROGEL_PACK;XIREC;10017.0;2
141700;;SUBMISSION;HYDROGEL_PACK;XIREC;10021.0;15
141700;;SUBMISSION;HYDROGEL_PACK;XIREC;10018.0;2
141800;;SUBMISSION;HYDROGEL_PACK;XIREC;10017.0;10
141900;;SUBMISSION;HYDROGEL_PACK;XIREC;10015.0;7
142000;;SUBMISSION;HYDROGEL_PACK;XIREC;10014.0;6
142100;;SUBMISSION;HYDROGEL_PACK;XIREC;10011.0;1
142200;;SUBMISSION;HYDROGEL_PACK;XIREC;10011.0;1
142300;;SUBMISSION;HYDROGEL_PACK;XIREC;10011.0;2
142300;;;VELVETFRUIT_EXTRACT;XIREC;5259.0;6
142400;;SUBMISSION;HYDROGEL_PACK;XIREC;10013.0;4
142500;;SUBMISSION;HYDROGEL_PACK;XIREC;10013.0;5
143100;;SUBMISSION;HYDROGEL_PACK;XIREC;10011.0;1
143100;;;VELVETFRUIT_EXTRACT;XIREC;5261.0;7
143800;SUBMISSION;;HYDROGEL_PACK;XIREC;9997.0;5
144300;;;VELVETFRUIT_EXTRACT;XIREC;5266.0;6
144400;;;VEV_4000;XIREC;1253.0;1
145100;;SUBMISSION;HYDROGEL_PACK;XIREC;10011.0;5
145400;SUBMISSION;;HYDROGEL_PACK;XIREC;9996.0;2
145800;;;VEV_4000;XIREC;1257.0;1
147200;;;VELVETFRUIT_EXTRACT;XIREC;5259.0;8
148100;;SUBMISSION;HYDROGEL_PACK;XIREC;10010.0;2
148700;;SUBMISSION;HYDROGEL_PACK;XIREC;10011.0;5
148800;;SUBMISSION;HYDROGEL_PACK;XIREC;10012.0;6
148900;;SUBMISSION;HYDROGEL_PACK;XIREC;10012.0;7
149000;;SUBMISSION;HYDROGEL_PACK;XIREC;10012.0;7
149200;;SUBMISSION;HYDROGEL_PACK;XIREC;10013.0;8
149300;;SUBMISSION;HYDROGEL_PACK;XIREC;10012.0;7
149400;;SUBMISSION;HYDROGEL_PACK;XIREC;10009.0;1
149500;;SUBMISSION;HYDROGEL_PACK;XIREC;10009.0;1
149600;;SUBMISSION;HYDROGEL_PACK;XIREC;10009.0;1
149700;;SUBMISSION;HYDROGEL_PACK;XIREC;10010.0;3
149800;;SUBMISSION;HYDROGEL_PACK;XIREC;10009.0;1
149900;;;HYDROGEL_PACK;XIREC;10007.0;3
150200;;SUBMISSION;HYDROGEL_PACK;XIREC;10010.0;3
150300;;SUBMISSION;HYDROGEL_PACK;XIREC;10013.0;9
150400;;SUBMISSION;HYDROGEL_PACK;XIREC;10016.0;13
150400;;SUBMISSION;HYDROGEL_PACK;XIREC;10014.0;1
150400;;;VEV_4000;XIREC;1278.0;1
150500;;SUBMISSION;HYDROGEL_PACK;XIREC;10012.0;6
150600;;SUBMISSION;HYDROGEL_PACK;XIREC;10027.0;4
150900;;SUBMISSION;HYDROGEL_PACK;XIREC;10014.0;1
151000;;SUBMISSION;HYDROGEL_PACK;XIREC;10016.0;5
151400;;;HYDROGEL_PACK;XIREC;10014.0;3
151600;;;HYDROGEL_PACK;XIREC;10014.0;6
153100;;;VEV_4000;XIREC;1284.0;3
153200;;;HYDROGEL_PACK;XIREC;10008.0;5
154300;;;VELVETFRUIT_EXTRACT;XIREC;5275.0;6
155100;;;VELVETFRUIT_EXTRACT;XIREC;5277.0;8
155300;;;VELVETFRUIT_EXTRACT;XIREC;5277.0;3
155700;;;VELVETFRUIT_EXTRACT;XIREC;5277.0;4
155800;;;VELVETFRUIT_EXTRACT;XIREC;5274.0;7
155900;;;VEV_4000;XIREC;1285.0;2
156200;;;VELVETFRUIT_EXTRACT;XIREC;5275.0;14
157000;;SUBMISSION;HYDROGEL_PACK;XIREC;10023.0;4
157400;;;VELVETFRUIT_EXTRACT;XIREC;5272.0;13
160000;;SUBMISSION;HYDROGEL_PACK;XIREC;10019.0;10
160400;;SUBMISSION;HYDROGEL_PACK;XIREC;10021.0;4
160500;;SUBMISSION;HYDROGEL_PACK;XIREC;10022.0;3
161100;;SUBMISSION;HYDROGEL_PACK;XIREC;10027.0;4
164100;;;VELVETFRUIT_EXTRACT;XIREC;5282.0;5
164200;;;VELVETFRUIT_EXTRACT;XIREC;5278.0;7
164600;;;HYDROGEL_PACK;XIREC;10023.0;6
165700;;;VELVETFRUIT_EXTRACT;XIREC;5273.0;10
166700;;;VEV_4000;XIREC;1283.0;3
169000;;SUBMISSION;HYDROGEL_PACK;XIREC;10012.0;5
169000;;SUBMISSION;HYDROGEL_PACK;XIREC;10027.0;2
169000;;;VEV_5300;XIREC;52.0;3
169000;;;VEV_5400;XIREC;16.0;3
169000;;;VEV_5500;XIREC;6.0;3
169000;;;VEV_6000;XIREC;0.0;3
169000;;;VEV_6500;XIREC;0.0;3
169200;;SUBMISSION;HYDROGEL_PACK;XIREC;10024.0;5
169200;;;VEV_4000;XIREC;1261.0;3
169900;;;VELVETFRUIT_EXTRACT;XIREC;5267.0;3
170100;;SUBMISSION;HYDROGEL_PACK;XIREC;10019.0;4
170500;;;VELVETFRUIT_EXTRACT;XIREC;5272.0;7
171500;;;VELVETFRUIT_EXTRACT;XIREC;5271.0;7
171800;;;VEV_5400;XIREC;17.0;5
171800;;;VEV_5500;XIREC;7.0;5
171800;;;VEV_6000;XIREC;0.0;5
171800;;;VEV_6500;XIREC;0.0;5
172600;;;VELVETFRUIT_EXTRACT;XIREC;5276.0;8
174000;;;VELVETFRUIT_EXTRACT;XIREC;5278.0;6
175000;;;VELVETFRUIT_EXTRACT;XIREC;5279.0;4
177100;;;HYDROGEL_PACK;XIREC;10011.0;3
178100;;;HYDROGEL_PACK;XIREC;10007.0;3
178200;;;VELVETFRUIT_EXTRACT;XIREC;5272.0;3
179100;;;VELVETFRUIT_EXTRACT;XIREC;5275.0;8
181600;SUBMISSION;;HYDROGEL_PACK;XIREC;9997.0;5
185500;;;VELVETFRUIT_EXTRACT;XIREC;5262.0;5
188200;;;VELVETFRUIT_EXTRACT;XIREC;5255.0;3
188500;SUBMISSION;;HYDROGEL_PACK;XIREC;9999.0;3
188600;SUBMISSION;;HYDROGEL_PACK;XIREC;9994.0;14
188600;SUBMISSION;;HYDROGEL_PACK;XIREC;9997.0;2
188700;SUBMISSION;;HYDROGEL_PACK;XIREC;9992.0;14
188700;SUBMISSION;;HYDROGEL_PACK;XIREC;9995.0;8
188800;SUBMISSION;;HYDROGEL_PACK;XIREC;9990.0;11
188800;SUBMISSION;;HYDROGEL_PACK;XIREC;9992.0;16
188900;SUBMISSION;;HYDROGEL_PACK;XIREC;9988.0;10
188900;SUBMISSION;;HYDROGEL_PACK;XIREC;9991.0;20
189000;SUBMISSION;;HYDROGEL_PACK;XIREC;9990.0;10
189000;SUBMISSION;;HYDROGEL_PACK;XIREC;9993.0;17
189100;SUBMISSION;;HYDROGEL_PACK;XIREC;9989.0;13
189100;SUBMISSION;;HYDROGEL_PACK;XIREC;9992.0;16
189100;;;VEV_5300;XIREC;47.0;4
189100;;;VEV_5400;XIREC;14.0;4
189100;;;VEV_5500;XIREC;6.0;4
189100;;;VEV_6000;XIREC;0.0;4
189100;;;VEV_6500;XIREC;0.0;4
189200;SUBMISSION;;HYDROGEL_PACK;XIREC;9991.0;11
189200;SUBMISSION;;HYDROGEL_PACK;XIREC;9994.0;13
189300;SUBMISSION;;HYDROGEL_PACK;XIREC;9991.0;11
189300;SUBMISSION;;HYDROGEL_PACK;XIREC;9994.0;13
189400;SUBMISSION;;HYDROGEL_PACK;XIREC;9990.0;10
189400;SUBMISSION;;HYDROGEL_PACK;XIREC;9992.0;16
189500;SUBMISSION;;HYDROGEL_PACK;XIREC;9988.0;15
189500;SUBMISSION;;HYDROGEL_PACK;XIREC;9990.0;16
189600;SUBMISSION;;HYDROGEL_PACK;XIREC;9987.0;12
189600;SUBMISSION;;HYDROGEL_PACK;XIREC;9989.0;22
189700;SUBMISSION;;HYDROGEL_PACK;XIREC;9976.0;5
189700;SUBMISSION;;HYDROGEL_PACK;XIREC;9984.0;12
189700;SUBMISSION;;HYDROGEL_PACK;XIREC;9987.0;6
189700;;;VELVETFRUIT_EXTRACT;XIREC;5257.0;6
190900;;;VEV_4000;XIREC;1270.0;1
192700;;;VEV_4000;XIREC;1253.0;2
193400;;;HYDROGEL_PACK;XIREC;9993.0;4
194700;;;VELVETFRUIT_EXTRACT;XIREC;5262.0;10
194900;;;VELVETFRUIT_EXTRACT;XIREC;5257.0;6
195200;;;VEV_4000;XIREC;1270.0;2
195500;;;VELVETFRUIT_EXTRACT;XIREC;5264.0;6
195600;SUBMISSION;;HYDROGEL_PACK;XIREC;9973.0;5
196700;;;VELVETFRUIT_EXTRACT;XIREC;5261.0;6
196800;;;VEV_4000;XIREC;1253.0;2
199400;;;VELVETFRUIT_EXTRACT;XIREC;5262.0;8
200400;;;VEV_4000;XIREC;1252.0;1
201300;;;VELVETFRUIT_EXTRACT;XIREC;5259.0;6
201500;;;VEV_4000;XIREC;1248.0;1
202300;;;VEV_4000;XIREC;1249.0;1
203500;;;VELVETFRUIT_EXTRACT;XIREC;5263.0;4
204400;;;VEV_5300;XIREC;47.0;5
204400;;;VEV_5400;XIREC;14.0;5
204400;;;VEV_5500;XIREC;6.0;5
204400;;;VEV_6000;XIREC;0.0;5
204400;;;VEV_6500;XIREC;0.0;5
205000;;;VELVETFRUIT_EXTRACT;XIREC;5263.0;5
206000;;;VELVETFRUIT_EXTRACT;XIREC;5268.0;6
206200;;;HYDROGEL_PACK;XIREC;9992.0;3
206600;SUBMISSION;;HYDROGEL_PACK;XIREC;9977.0;3
206700;SUBMISSION;;HYDROGEL_PACK;XIREC;9982.0;5
207000;;;VELVETFRUIT_EXTRACT;XIREC;5268.0;15
209400;;;VELVETFRUIT_EXTRACT;XIREC;5265.0;4
211400;;;VELVETFRUIT_EXTRACT;XIREC;5264.0;7
212100;;;VELVETFRUIT_EXTRACT;XIREC;5271.0;4
212100;;;VEV_4000;XIREC;1257.0;2
212200;;;VELVETFRUIT_EXTRACT;XIREC;5267.0;5
212900;;;VELVETFRUIT_EXTRACT;XIREC;5266.0;5
217200;;;VELVETFRUIT_EXTRACT;XIREC;5262.0;4
217800;;;VELVETFRUIT_EXTRACT;XIREC;5260.0;6
219200;SUBMISSION;;HYDROGEL_PACK;XIREC;9955.0;4
220600;;;VELVETFRUIT_EXTRACT;XIREC;5260.0;4
220800;;;VELVETFRUIT_EXTRACT;XIREC;5265.0;6
221200;;;HYDROGEL_PACK;XIREC;9963.0;6
224300;;;HYDROGEL_PACK;XIREC;9942.0;4
225500;;;VEV_5300;XIREC;50.0;5
225500;;;VEV_5400;XIREC;16.0;5
225500;;;VEV_5500;XIREC;6.0;5
225500;;;VEV_6000;XIREC;0.0;5
225500;;;VEV_6500;XIREC;0.0;5
226200;SUBMISSION;;HYDROGEL_PACK;XIREC;9927.0;11
226200;SUBMISSION;;HYDROGEL_PACK;XIREC;9930.0;10
229400;;;VELVETFRUIT_EXTRACT;XIREC;5260.0;7
231600;;;VELVETFRUIT_EXTRACT;XIREC;5262.0;5
231900;;;VEV_4000;XIREC;1275.0;2
232000;;;VELVETFRUIT_EXTRACT;XIREC;5267.0;8
233000;;;HYDROGEL_PACK;XIREC;9927.0;3
235700;;;HYDROGEL_PACK;XIREC;9906.0;6
237400;;;VELVETFRUIT_EXTRACT;XIREC;5273.0;6
237600;;;VELVETFRUIT_EXTRACT;XIREC;5271.0;8
237700;;;VELVETFRUIT_EXTRACT;XIREC;5273.0;8
238900;;;HYDROGEL_PACK;XIREC;9910.0;4
239300;;;HYDROGEL_PACK;XIREC;9909.0;2
239400;;;HYDROGEL_PACK;XIREC;9910.0;4
239400;;;VEV_5400;XIREC;15.0;2
239400;;;VEV_5500;XIREC;6.0;2
239400;;;VEV_6000;XIREC;0.0;2
239400;;;VEV_6500;XIREC;0.0;2
239800;;;HYDROGEL_PACK;XIREC;9925.0;5
242100;;;VELVETFRUIT_EXTRACT;XIREC;5276.0;8
243500;;;VELVETFRUIT_EXTRACT;XIREC;5274.0;4
243800;;;HYDROGEL_PACK;XIREC;9919.0;4
244900;;;VELVETFRUIT_EXTRACT;XIREC;5276.0;4
249400;;;VEV_4000;XIREC;1286.0;3
249800;;;VEV_4000;XIREC;1267.0;2
253000;;;VEV_5400;XIREC;16.0;3
253000;;;VEV_5500;XIREC;6.0;3
253000;;;VEV_6000;XIREC;0.0;3
253000;;;VEV_6500;XIREC;0.0;3
254300;;;HYDROGEL_PACK;XIREC;9951.0;2
256200;;;HYDROGEL_PACK;XIREC;9927.0;5
258000;;;VELVETFRUIT_EXTRACT;XIREC;5271.0;15
258900;;;HYDROGEL_PACK;XIREC;9928.0;2
259500;;;VELVETFRUIT_EXTRACT;XIREC;5273.0;4
261600;;SUBMISSION;VEV_5500;XIREC;8.0;23
261700;;SUBMISSION;VEV_5500;XIREC;8.0;27
261900;;SUBMISSION;VEV_5500;XIREC;8.0;20
262000;;SUBMISSION;VEV_5500;XIREC;8.0;20
262100;;SUBMISSION;VEV_5500;XIREC;8.0;19
262200;;SUBMISSION;VEV_5500;XIREC;8.0;27
262300;;SUBMISSION;VEV_5500;XIREC;8.0;27
262400;;SUBMISSION;VEV_5500;XIREC;8.0;22
262500;;SUBMISSION;VEV_5500;XIREC;8.0;24
262600;;SUBMISSION;VEV_5500;XIREC;8.0;20
262800;;SUBMISSION;VEV_5500;XIREC;8.0;9
262800;;SUBMISSION;VEV_5500;XIREC;7.0;15
263200;;SUBMISSION;VEV_5500;XIREC;8.0;8
263200;;SUBMISSION;VEV_5500;XIREC;7.0;13
263300;;SUBMISSION;VEV_5500;XIREC;8.0;26
263900;;;VELVETFRUIT_EXTRACT;XIREC;5281.0;4
264200;;;HYDROGEL_PACK;XIREC;9927.0;6
264700;;;HYDROGEL_PACK;XIREC;9907.0;2
265100;;;VELVETFRUIT_EXTRACT;XIREC;5285.0;6
265200;;;HYDROGEL_PACK;XIREC;9909.0;5
265500;;;VELVETFRUIT_EXTRACT;XIREC;5285.0;6
266800;;;VEV_4000;XIREC;1275.0;1
267000;;;VELVETFRUIT_EXTRACT;XIREC;5289.0;6
267400;;;VELVETFRUIT_EXTRACT;XIREC;5283.0;4
267900;;;HYDROGEL_PACK;XIREC;9926.0;6
268200;;;VELVETFRUIT_EXTRACT;XIREC;5280.0;7
268600;;;VELVETFRUIT_EXTRACT;XIREC;5281.0;5
268900;;;VEV_5400;XIREC;19.0;4
268900;;;VEV_5500;XIREC;8.0;4
268900;;;VEV_6000;XIREC;0.0;4
268900;;;VEV_6500;XIREC;0.0;4
269700;;;VEV_4000;XIREC;1288.0;1
270500;;;VEV_4000;XIREC;1291.0;1
271100;;;VELVETFRUIT_EXTRACT;XIREC;5276.0;3
272000;;;VEV_5500;XIREC;8.0;3
272000;;;VEV_6000;XIREC;0.0;3
272000;;;VEV_6500;XIREC;0.0;3
272700;;;VELVETFRUIT_EXTRACT;XIREC;5277.0;3
272900;;;HYDROGEL_PACK;XIREC;9924.0;5
272900;;;VEV_4000;XIREC;1290.0;3
273400;;;HYDROGEL_PACK;XIREC;9922.0;3
273500;;;HYDROGEL_PACK;XIREC;9921.0;6
274100;;;VELVETFRUIT_EXTRACT;XIREC;5279.0;6
274300;;;VELVETFRUIT_EXTRACT;XIREC;5280.0;8
274400;;;HYDROGEL_PACK;XIREC;9907.0;3
274600;;;VELVETFRUIT_EXTRACT;XIREC;5274.0;3
275200;;;VEV_5400;XIREC;18.0;5
275200;;;VEV_5500;XIREC;7.0;5
275200;;;VEV_6000;XIREC;0.0;5
275200;;;VEV_6500;XIREC;0.0;5
275800;;;HYDROGEL_PACK;XIREC;9912.0;6
277000;;;HYDROGEL_PACK;XIREC;9911.0;6
277300;;;HYDROGEL_PACK;XIREC;9910.0;3
277900;;;VEV_4000;XIREC;1259.0;3
278700;;;VELVETFRUIT_EXTRACT;XIREC;5274.0;6
278800;;;HYDROGEL_PACK;XIREC;9890.0;2
278800;;;VELVETFRUIT_EXTRACT;XIREC;5276.0;4
279900;;;HYDROGEL_PACK;XIREC;9890.0;6
280700;;;VELVETFRUIT_EXTRACT;XIREC;5268.0;6
281100;;;VEV_4000;XIREC;1278.0;1
282200;;;HYDROGEL_PACK;XIREC;9891.0;4
282600;;;VELVETFRUIT_EXTRACT;XIREC;5269.0;10
282600;;;VELVETFRUIT_EXTRACT;XIREC;5272.0;6
283300;;;VELVETFRUIT_EXTRACT;XIREC;5270.0;5
283700;;;HYDROGEL_PACK;XIREC;9922.0;5
284300;;;HYDROGEL_PACK;XIREC;9923.0;6
285600;;;VELVETFRUIT_EXTRACT;XIREC;5278.0;4
285800;;;VELVETFRUIT_EXTRACT;XIREC;5276.0;6
286100;;;VELVETFRUIT_EXTRACT;XIREC;5278.0;5
286900;;;VEV_4000;XIREC;1266.0;3
287100;;;VEV_5400;XIREC;18.0;2
287100;;;VEV_5500;XIREC;7.0;2
287100;;;VEV_6000;XIREC;0.0;2
287100;;;VEV_6500;XIREC;0.0;2
287600;;;VEV_5400;XIREC;18.0;2
287600;;;VEV_5500;XIREC;7.0;2
287600;;;VEV_6000;XIREC;0.0;2
287600;;;VEV_6500;XIREC;0.0;2
288000;;;HYDROGEL_PACK;XIREC;9936.0;5
288000;;;VELVETFRUIT_EXTRACT;XIREC;5274.0;8
289300;;;VEV_5300;XIREC;52.0;2
289300;;;VEV_5400;XIREC;17.0;2
289300;;;VEV_5500;XIREC;7.0;2
289300;;;VEV_6000;XIREC;0.0;2
289300;;;VEV_6500;XIREC;0.0;2
291000;;;HYDROGEL_PACK;XIREC;9905.0;3
291800;;;VELVETFRUIT_EXTRACT;XIREC;5267.0;4
292800;;;HYDROGEL_PACK;XIREC;9921.0;6
293100;;;VELVETFRUIT_EXTRACT;XIREC;5274.0;5
293400;;;VELVETFRUIT_EXTRACT;XIREC;5273.0;5
293600;;;VEV_4000;XIREC;1260.0;2
293700;;;VELVETFRUIT_EXTRACT;XIREC;5267.0;8
294600;;;VEV_5400;XIREC;16.0;2
294600;;;VEV_5500;XIREC;7.0;2
294600;;;VEV_6000;XIREC;0.0;2
294600;;;VEV_6500;XIREC;0.0;2
296800;;;VELVETFRUIT_EXTRACT;XIREC;5268.0;8
299100;;;HYDROGEL_PACK;XIREC;9963.0;3
300800;;;HYDROGEL_PACK;XIREC;9946.0;4
301000;;;VELVETFRUIT_EXTRACT;XIREC;5267.0;8
301700;;;VEV_4000;XIREC;1256.0;2
303100;;;VEV_4000;XIREC;1256.0;1
303800;;;HYDROGEL_PACK;XIREC;9935.0;2
305600;;;VELVETFRUIT_EXTRACT;XIREC;5267.0;3
305700;;;HYDROGEL_PACK;XIREC;9951.0;6
306000;;;VELVETFRUIT_EXTRACT;XIREC;5274.0;5
306100;;;HYDROGEL_PACK;XIREC;9952.0;5
307600;;;VEV_4000;XIREC;1281.0;2
307900;;;VELVETFRUIT_EXTRACT;XIREC;5268.0;8
308400;;;VELVETFRUIT_EXTRACT;XIREC;5270.0;3
310100;;;HYDROGEL_PACK;XIREC;9942.0;4
311200;;;VELVETFRUIT_EXTRACT;XIREC;5265.0;8
311700;;;VELVETFRUIT_EXTRACT;XIREC;5273.0;6
311800;;;HYDROGEL_PACK;XIREC;9945.0;2
314800;;;HYDROGEL_PACK;XIREC;9953.0;3
315400;;;HYDROGEL_PACK;XIREC;9956.0;4
316700;;;VEV_5400;XIREC;17.0;3
316700;;;VEV_5500;XIREC;7.0;3
316700;;;VEV_6000;XIREC;0.0;3
316700;;;VEV_6500;XIREC;0.0;3
316800;;;VELVETFRUIT_EXTRACT;XIREC;5275.0;7
316900;;;HYDROGEL_PACK;XIREC;9954.0;2
317500;;;VEV_5400;XIREC;17.0;3
317500;;;VEV_5500;XIREC;7.0;3
317500;;;VEV_6000;XIREC;0.0;3
317500;;;VEV_6500;XIREC;0.0;3
318100;;;VEV_4000;XIREC;1284.0;1
320800;;;VEV_5300;XIREC;52.0;5
320800;;;VEV_5400;XIREC;17.0;5
320800;;;VEV_5500;XIREC;7.0;5
320800;;;VEV_6000;XIREC;0.0;5
320800;;;VEV_6500;XIREC;0.0;5
321600;;;VEV_5300;XIREC;50.0;4
321600;;;VEV_5400;XIREC;16.0;4
321600;;;VEV_5500;XIREC;7.0;4
321600;;;VEV_6000;XIREC;0.0;4
321600;;;VEV_6500;XIREC;0.0;4
322300;;;VEV_4000;XIREC;1282.0;2
323200;;;VELVETFRUIT_EXTRACT;XIREC;5276.0;5
323500;;;VELVETFRUIT_EXTRACT;XIREC;5269.0;14
327600;;;VELVETFRUIT_EXTRACT;XIREC;5266.0;5
328500;;;VELVETFRUIT_EXTRACT;XIREC;5269.0;7
328700;;;VELVETFRUIT_EXTRACT;XIREC;5268.0;5
328700;;;VEV_4000;XIREC;1255.0;3
328900;;;HYDROGEL_PACK;XIREC;9958.0;2
330400;;;VELVETFRUIT_EXTRACT;XIREC;5261.0;8
332600;;;VELVETFRUIT_EXTRACT;XIREC;5274.0;8
332800;;;HYDROGEL_PACK;XIREC;9947.0;3
333200;;;VELVETFRUIT_EXTRACT;XIREC;5269.0;7
333900;;;VELVETFRUIT_EXTRACT;XIREC;5273.0;7
335400;;;VELVETFRUIT_EXTRACT;XIREC;5271.0;6
336800;;;VELVETFRUIT_EXTRACT;XIREC;5268.0;5
337000;;;VELVETFRUIT_EXTRACT;XIREC;5271.0;6
338400;;;HYDROGEL_PACK;XIREC;9948.0;4
340200;;;HYDROGEL_PACK;XIREC;9951.0;2
340500;;;VEV_4000;XIREC;1257.0;3
341400;;;VEV_5400;XIREC;16.0;4
341400;;;VEV_5500;XIREC;7.0;4
341400;;;VEV_6000;XIREC;0.0;4
341400;;;VEV_6500;XIREC;0.0;4
342300;;;HYDROGEL_PACK;XIREC;9966.0;2
344000;;;VELVETFRUIT_EXTRACT;XIREC;5269.0;3
344100;;;HYDROGEL_PACK;XIREC;9942.0;3
344500;;;HYDROGEL_PACK;XIREC;9942.0;3
344600;;;HYDROGEL_PACK;XIREC;9958.0;6
344600;;;VELVETFRUIT_EXTRACT;XIREC;5265.0;7
344900;;;VELVETFRUIT_EXTRACT;XIREC;5265.0;6
346100;;;HYDROGEL_PACK;XIREC;9947.0;2
347400;;;HYDROGEL_PACK;XIREC;9947.0;4
347800;;;VEV_5400;XIREC;15.0;4
347800;;;VEV_5500;XIREC;6.0;4
347800;;;VEV_6000;XIREC;0.0;4
347800;;;VEV_6500;XIREC;0.0;4
350600;;;VELVETFRUIT_EXTRACT;XIREC;5266.0;5
350700;;;VEV_5300;XIREC;47.0;4
350700;;;VEV_5400;XIREC;15.0;4
350700;;;VEV_5500;XIREC;6.0;4
350700;;;VEV_6000;XIREC;0.0;4
350700;;;VEV_6500;XIREC;0.0;4
351400;;;HYDROGEL_PACK;XIREC;9937.0;6
352100;;;VELVETFRUIT_EXTRACT;XIREC;5252.0;4
352300;;;VELVETFRUIT_EXTRACT;XIREC;5257.0;8
353600;;;VELVETFRUIT_EXTRACT;XIREC;5254.0;7
353800;;;VELVETFRUIT_EXTRACT;XIREC;5257.0;7
356500;;;VELVETFRUIT_EXTRACT;XIREC;5263.0;6
358300;;;VELVETFRUIT_EXTRACT;XIREC;5261.0;7
358400;;;VELVETFRUIT_EXTRACT;XIREC;5266.0;5
358500;;;VEV_5300;XIREC;47.0;2
358500;;;VEV_5400;XIREC;15.0;2
358500;;;VEV_5500;XIREC;6.0;2
358500;;;VEV_6000;XIREC;0.0;2
358500;;;VEV_6500;XIREC;0.0;2
359500;;;HYDROGEL_PACK;XIREC;9972.0;5
360000;;;VELVETFRUIT_EXTRACT;XIREC;5267.0;7
361300;;;VELVETFRUIT_EXTRACT;XIREC;5267.0;3
361600;;;VELVETFRUIT_EXTRACT;XIREC;5260.0;5
362500;;;VELVETFRUIT_EXTRACT;XIREC;5260.0;5
362600;;;VEV_5300;XIREC;47.0;5
362600;;;VEV_5500;XIREC;6.0;5
362600;;;VEV_6000;XIREC;0.0;5
362600;;;VEV_6500;XIREC;0.0;5
363300;;;VEV_4000;XIREC;1272.0;1
365300;;;HYDROGEL_PACK;XIREC;9984.0;2
365400;;;VELVETFRUIT_EXTRACT;XIREC;5257.0;7
365600;;;VEV_5300;XIREC;45.0;4
365600;;;VEV_5400;XIREC;14.0;4
365600;;;VEV_5500;XIREC;5.0;4
365600;;;VEV_6000;XIREC;0.0;4
365600;;;VEV_6500;XIREC;0.0;4
366500;;;HYDROGEL_PACK;XIREC;10001.0;2
368100;;;VELVETFRUIT_EXTRACT;XIREC;5256.0;6
368200;;;VEV_4000;XIREC;1270.0;2
370600;;;VEV_4000;XIREC;1261.0;3
370700;;;VEV_4000;XIREC;1241.0;2
372300;;;VELVETFRUIT_EXTRACT;XIREC;5250.0;6
372300;;;VEV_4000;XIREC;1264.0;2
373100;;;VELVETFRUIT_EXTRACT;XIREC;5256.0;6
373800;;;VEV_5500;XIREC;5.0;4
373800;;;VEV_6000;XIREC;0.0;4
373800;;;VEV_6500;XIREC;0.0;4
376300;;;VEV_5400;XIREC;13.0;5
376300;;;VEV_5500;XIREC;5.0;5
376300;;;VEV_6000;XIREC;0.0;5
376300;;;VEV_6500;XIREC;0.0;5
376700;;;VELVETFRUIT_EXTRACT;XIREC;5250.0;7
378400;;;VELVETFRUIT_EXTRACT;XIREC;5249.0;10
382200;;;VELVETFRUIT_EXTRACT;XIREC;5253.0;5
383100;;;VELVETFRUIT_EXTRACT;XIREC;5254.0;6
384800;;;HYDROGEL_PACK;XIREC;9978.0;4
385100;;;VELVETFRUIT_EXTRACT;XIREC;5245.0;9
385500;;;HYDROGEL_PACK;XIREC;9972.0;5
387500;;;HYDROGEL_PACK;XIREC;9991.0;3
389000;;;VEV_5300;XIREC;38.0;2
389000;;;VEV_5400;XIREC;11.0;2
389000;;;VEV_5500;XIREC;4.0;2
389000;;;VEV_6000;XIREC;0.0;2
389000;;;VEV_6500;XIREC;0.0;2
389600;;;VELVETFRUIT_EXTRACT;XIREC;5238.0;7
389600;;;VEV_4000;XIREC;1249.0;3
390200;;;VEV_4000;XIREC;1229.0;1
390300;;;VEV_5300;XIREC;38.0;3
390300;;;VEV_5400;XIREC;11.0;3
390300;;;VEV_5500;XIREC;4.0;3
390300;;;VEV_6000;XIREC;0.0;3
390300;;;VEV_6500;XIREC;0.0;3
391600;;;HYDROGEL_PACK;XIREC;9970.0;2
391700;;;HYDROGEL_PACK;XIREC;9988.0;2
392400;;;HYDROGEL_PACK;XIREC;9990.0;5
394100;;;HYDROGEL_PACK;XIREC;9975.0;6
394300;;;HYDROGEL_PACK;XIREC;9970.0;5
397300;;;VEV_4000;XIREC;1226.0;2
397600;SUBMISSION;;VEV_5100;XIREC;149.0;26
397600;SUBMISSION;;VEV_5500;XIREC;4.0;6
397600;SUBMISSION;;VEV_5500;XIREC;5.0;13
398200;SUBMISSION;;VEV_4000;XIREC;1233.0;2
398200;SUBMISSION;;VEV_4000;XIREC;1244.0;13
398200;SUBMISSION;;VEV_4000;XIREC;1247.0;19
398200;SUBMISSION;;VEV_4500;XIREC;733.0;2
398200;SUBMISSION;;VEV_4500;XIREC;742.0;9
398200;SUBMISSION;;VEV_4500;XIREC;744.0;24
398200;SUBMISSION;;VEV_5100;XIREC;148.0;2
398200;SUBMISSION;;VEV_5100;XIREC;151.0;33
398200;;;VEV_5400;XIREC;10.0;2
398200;;;VEV_5500;XIREC;4.0;2
398200;;;VEV_6000;XIREC;0.0;2
398200;;;VEV_6500;XIREC;0.0;2
398700;SUBMISSION;;VEV_5100;XIREC;149.0;27
398700;SUBMISSION;;VEV_5500;XIREC;4.0;7
398700;SUBMISSION;;VEV_5500;XIREC;5.0;10
398800;SUBMISSION;;VEV_5000;XIREC;238.0;12
398800;SUBMISSION;;VEV_5000;XIREC;239.0;12
398800;SUBMISSION;;VEV_5100;XIREC;148.0;12
398800;SUBMISSION;;VEV_5100;XIREC;149.0;12
398800;SUBMISSION;;VEV_5500;XIREC;4.0;22
398900;SUBMISSION;;VEV_5100;XIREC;149.0;9
398900;SUBMISSION;;VEV_5100;XIREC;150.0;18
401000;SUBMISSION;;VEV_5100;XIREC;149.0;8
401000;SUBMISSION;;VEV_5100;XIREC;150.0;21
401000;;;VELVETFRUIT_EXTRACT;XIREC;5230.0;8
401100;SUBMISSION;;VEV_5000;XIREC;238.0;11
401100;SUBMISSION;;VEV_5000;XIREC;239.0;21
401100;SUBMISSION;;VEV_5100;XIREC;148.0;11
401100;SUBMISSION;;VEV_5100;XIREC;149.0;21
401100;SUBMISSION;;VEV_5500;XIREC;4.0;21
401200;SUBMISSION;;VEV_5000;XIREC;238.0;9
401200;SUBMISSION;;VEV_5000;XIREC;239.0;20
401200;SUBMISSION;;VEV_5100;XIREC;148.0;29
401200;SUBMISSION;;VEV_5500;XIREC;4.0;22
401200;;;HYDROGEL_PACK;XIREC;9966.0;5
401300;SUBMISSION;;VEV_5000;XIREC;238.0;27
401300;SUBMISSION;;VEV_5100;XIREC;148.0;27
401300;SUBMISSION;;VEV_5500;XIREC;4.0;22
401400;SUBMISSION;;VEV_5000;XIREC;238.0;11
401400;SUBMISSION;;VEV_5000;XIREC;239.0;13
401400;SUBMISSION;;VEV_5100;XIREC;148.0;24
401400;SUBMISSION;;VEV_5500;XIREC;4.0;24
401500;SUBMISSION;;VEV_5000;XIREC;238.0;28
401500;SUBMISSION;;VEV_5100;XIREC;148.0;28
401500;SUBMISSION;;VEV_5500;XIREC;4.0;26
401500;;;VELVETFRUIT_EXTRACT;XIREC;5233.0;7
401600;SUBMISSION;;VELVETFRUIT_EXTRACT;XIREC;5231.0;17
401600;SUBMISSION;;VELVETFRUIT_EXTRACT;XIREC;5232.0;33
401600;SUBMISSION;;VEV_4000;XIREC;1239.0;15
401600;SUBMISSION;;VEV_4000;XIREC;1241.0;26
401600;SUBMISSION;;VEV_4500;XIREC;736.0;7
401600;SUBMISSION;;VEV_4500;XIREC;738.0;22
401600;SUBMISSION;;VEV_5000;XIREC;236.0;7
401600;SUBMISSION;;VEV_5000;XIREC;237.0;22
401600;SUBMISSION;;VEV_5100;XIREC;146.0;7
401600;SUBMISSION;;VEV_5100;XIREC;147.0;22
401600;SUBMISSION;;VEV_5200;XIREC;79.0;29
401600;SUBMISSION;;VEV_5500;XIREC;4.0;26
401700;SUBMISSION;;VELVETFRUIT_EXTRACT;XIREC;5231.0;50
401700;SUBMISSION;;VEV_4000;XIREC;1239.0;7
401700;SUBMISSION;;VEV_4000;XIREC;1241.0;15
401700;SUBMISSION;;VEV_4500;XIREC;736.0;9
401700;SUBMISSION;;VEV_4500;XIREC;738.0;16
401700;SUBMISSION;;VEV_5000;XIREC;236.0;25
401700;SUBMISSION;;VEV_5100;XIREC;146.0;25
401700;SUBMISSION;;VEV_5200;XIREC;79.0;25
401700;SUBMISSION;;VEV_5500;XIREC;4.0;16
401800;SUBMISSION;;VELVETFRUIT_EXTRACT;XIREC;5231.0;50
401800;SUBMISSION;;VEV_4000;XIREC;1238.0;12
401800;SUBMISSION;;VEV_4000;XIREC;1241.0;28
401800;SUBMISSION;;VEV_4500;XIREC;736.0;10
401800;SUBMISSION;;VEV_4500;XIREC;738.0;17
401800;SUBMISSION;;VEV_5000;XIREC;236.0;27
401800;SUBMISSION;;VEV_5100;XIREC;146.0;27
401800;SUBMISSION;;VEV_5200;XIREC;78.0;10
401800;SUBMISSION;;VEV_5200;XIREC;79.0;17
401800;SUBMISSION;;VEV_5500;XIREC;4.0;18
401900;SUBMISSION;;VELVETFRUIT_EXTRACT;XIREC;5232.0;50
401900;SUBMISSION;;VEV_4000;XIREC;1239.0;12
401900;SUBMISSION;;VEV_4000;XIREC;1242.0;29
401900;SUBMISSION;;VEV_4500;XIREC;737.0;6
401900;SUBMISSION;;VEV_4500;XIREC;739.0;19
401900;SUBMISSION;;VEV_5000;XIREC;237.0;25
401900;SUBMISSION;;VEV_5100;XIREC;147.0;25
401900;SUBMISSION;;VEV_5200;XIREC;79.0;25
401900;SUBMISSION;;VEV_5500;XIREC;4.0;22
402000;SUBMISSION;;VELVETFRUIT_EXTRACT;XIREC;5232.0;48
402000;SUBMISSION;;VEV_4000;XIREC;1240.0;9
402000;SUBMISSION;;VEV_4000;XIREC;1242.0;15
402000;SUBMISSION;;VEV_4500;XIREC;737.0;10
402000;SUBMISSION;;VEV_4500;XIREC;739.0;23
402000;SUBMISSION;;VEV_5000;XIREC;237.0;33
402000;SUBMISSION;;VEV_5100;XIREC;147.0;33
402000;SUBMISSION;;VEV_5200;XIREC;79.0;33
402000;SUBMISSION;;VEV_5500;XIREC;4.0;24
402100;SUBMISSION;;VELVETFRUIT_EXTRACT;XIREC;5232.0;50
402100;SUBMISSION;;VEV_4000;XIREC;1239.0;9
402100;SUBMISSION;;VEV_4000;XIREC;1242.0;15
402100;SUBMISSION;;VEV_4500;XIREC;737.0;11
402100;SUBMISSION;;VEV_4500;XIREC;739.0;13
402100;SUBMISSION;;VEV_5000;XIREC;237.0;24
402100;SUBMISSION;;VEV_5100;XIREC;147.0;24
402100;SUBMISSION;;VEV_5200;XIREC;79.0;24
402100;SUBMISSION;;VEV_5500;XIREC;4.0;17
402200;SUBMISSION;;VELVETFRUIT_EXTRACT;XIREC;5231.0;24
402200;SUBMISSION;;VELVETFRUIT_EXTRACT;XIREC;5232.0;26
402200;SUBMISSION;;VEV_4000;XIREC;1239.0;12
402200;SUBMISSION;;VEV_4000;XIREC;1241.0;17
402200;SUBMISSION;;VEV_4500;XIREC;736.0;9
402200;SUBMISSION;;VEV_4500;XIREC;738.0;16
402200;SUBMISSION;;VEV_5000;XIREC;236.0;9
402200;SUBMISSION;;VEV_5000;XIREC;237.0;16
402200;SUBMISSION;;VEV_5100;XIREC;146.0;9
402200;SUBMISSION;;VEV_5100;XIREC;147.0;16
402200;SUBMISSION;;VEV_5200;XIREC;79.0;25
402200;SUBMISSION;;VEV_5500;XIREC;4.0;25
402300;SUBMISSION;;VELVETFRUIT_EXTRACT;XIREC;5230.0;50
402300;SUBMISSION;;VEV_4000;XIREC;1238.0;14
402300;SUBMISSION;;VEV_4000;XIREC;1240.0;30
402300;SUBMISSION;;VEV_4500;XIREC;735.0;10
402300;SUBMISSION;;VEV_4500;XIREC;737.0;17
402300;SUBMISSION;;VEV_5000;XIREC;235.0;10
402300;SUBMISSION;;VEV_5000;XIREC;236.0;17
402300;SUBMISSION;;VEV_5100;XIREC;145.0;10
402300;SUBMISSION;;VEV_5100;XIREC;146.0;17
402300;SUBMISSION;;VEV_5200;XIREC;78.0;27
402300;SUBMISSION;;VEV_5500;XIREC;4.0;26
402400;SUBMISSION;;VELVETFRUIT_EXTRACT;XIREC;5229.0;2
402400;SUBMISSION;;VEV_4000;XIREC;1237.0;10
402400;SUBMISSION;;VEV_4000;XIREC;1240.0;17
402400;SUBMISSION;;VEV_4500;XIREC;735.0;9
402400;SUBMISSION;;VEV_4500;XIREC;736.0;20
402400;SUBMISSION;;VEV_5000;XIREC;235.0;29
402400;SUBMISSION;;VEV_5100;XIREC;145.0;29
402400;SUBMISSION;;VEV_5200;XIREC;78.0;29
402400;SUBMISSION;;VEV_5500;XIREC;4.0;19
402500;SUBMISSION;;VEV_4000;XIREC;1238.0;15
402500;SUBMISSION;;VEV_4000;XIREC;1240.0;17
402500;SUBMISSION;;VEV_4500;XIREC;735.0;10
402500;SUBMISSION;;VEV_4500;XIREC;737.0;22
402500;SUBMISSION;;VEV_5000;XIREC;235.0;10
402500;SUBMISSION;;VEV_5000;XIREC;236.0;22
402500;SUBMISSION;;VEV_5100;XIREC;146.0;32
402500;SUBMISSION;;VEV_5200;XIREC;78.0;32
402500;SUBMISSION;;VEV_5500;XIREC;4.0;30
402600;SUBMISSION;;VEV_4000;XIREC;1238.0;13
402600;SUBMISSION;;VEV_4000;XIREC;1240.0;16
402600;SUBMISSION;;VEV_4500;XIREC;735.0;8
402600;SUBMISSION;;VEV_4500;XIREC;737.0;20
402600;SUBMISSION;;VEV_5000;XIREC;235.0;8
402600;SUBMISSION;;VEV_5000;XIREC;236.0;20
402600;SUBMISSION;;VEV_5100;XIREC;146.0;16
402600;SUBMISSION;;VEV_5200;XIREC;78.0;28
402600;SUBMISSION;;VEV_5500;XIREC;4.0;18
402700;SUBMISSION;;VEV_4000;XIREC;1238.0;7
402700;SUBMISSION;;VEV_4000;XIREC;1241.0;19
402700;SUBMISSION;;VEV_4500;XIREC;736.0;12
402700;SUBMISSION;;VEV_4500;XIREC;738.0;20
402700;SUBMISSION;;VEV_5000;XIREC;236.0;32
402700;SUBMISSION;;VEV_5200;XIREC;79.0;32
402700;SUBMISSION;;VEV_5500;XIREC;4.0;20
402800;SUBMISSION;;VEV_4000;XIREC;1238.0;12
402800;SUBMISSION;;VEV_4000;XIREC;1240.0;20
402800;SUBMISSION;;VEV_4500;XIREC;735.0;12
402800;SUBMISSION;;VEV_4500;XIREC;737.0;12
402800;SUBMISSION;;VEV_5000;XIREC;235.0;12
402800;SUBMISSION;;VEV_5000;XIREC;236.0;12
402800;SUBMISSION;;VEV_5200;XIREC;78.0;12
402800;SUBMISSION;;VEV_5200;XIREC;79.0;12
402800;SUBMISSION;;VEV_5500;XIREC;4.0;17
402900;SUBMISSION;;VEV_4000;XIREC;1237.0;7
402900;SUBMISSION;;VEV_4000;XIREC;1239.0;28
402900;SUBMISSION;;VEV_4500;XIREC;734.0;11
402900;SUBMISSION;;VEV_4500;XIREC;736.0;15
402900;SUBMISSION;;VEV_5000;XIREC;234.0;11
402900;SUBMISSION;;VEV_5000;XIREC;235.0;15
402900;SUBMISSION;;VEV_5200;XIREC;78.0;26
402900;SUBMISSION;;VEV_5500;XIREC;4.0;18
403000;SUBMISSION;;VEV_4000;XIREC;1238.0;11
403000;SUBMISSION;;VEV_4000;XIREC;1240.0;17
403000;SUBMISSION;;VEV_4500;XIREC;735.0;9
403000;SUBMISSION;;VEV_4500;XIREC;737.0;23
403000;SUBMISSION;;VEV_5000;XIREC;235.0;9
403000;SUBMISSION;;VEV_5000;XIREC;236.0;23
403000;SUBMISSION;;VEV_5200;XIREC;78.0;9
403000;SUBMISSION;;VEV_5200;XIREC;79.0;23
403000;SUBMISSION;;VEV_5500;XIREC;4.0;21
403100;SUBMISSION;;VEV_4000;XIREC;1238.0;15
403100;SUBMISSION;;VEV_4000;XIREC;1241.0;26
403100;SUBMISSION;;VEV_4500;XIREC;736.0;10
403100;SUBMISSION;;VEV_4500;XIREC;738.0;22
403100;SUBMISSION;;VEV_5000;XIREC;236.0;18
403100;SUBMISSION;;VEV_5200;XIREC;79.0;32
403100;SUBMISSION;;VEV_5500;XIREC;4.0;19
403200;SUBMISSION;;VEV_4000;XIREC;1238.0;15
403200;SUBMISSION;;VEV_4000;XIREC;1241.0;29
403200;SUBMISSION;;VEV_4500;XIREC;736.0;7
403200;SUBMISSION;;VEV_4500;XIREC;738.0;17
403200;SUBMISSION;;VEV_5200;XIREC;79.0;24
403200;SUBMISSION;;VEV_5500;XIREC;4.0;23
403300;SUBMISSION;;VEV_4000;XIREC;1239.0;7
403300;SUBMISSION;;VEV_4500;XIREC;736.0;11
403300;SUBMISSION;;VEV_4500;XIREC;738.0;13
403300;SUBMISSION;;VEV_5200;XIREC;79.0;24
403300;SUBMISSION;;VEV_5500;XIREC;4.0;24
403400;SUBMISSION;;VEV_4500;XIREC;737.0;12
403400;SUBMISSION;;VEV_4500;XIREC;739.0;16
403400;SUBMISSION;;VEV_5200;XIREC;79.0;28
403400;SUBMISSION;;VEV_5500;XIREC;4.0;19
403500;SUBMISSION;;VEV_5500;XIREC;4.0;23
403600;SUBMISSION;;VEV_5500;XIREC;4.0;2
406100;;;VELVETFRUIT_EXTRACT;XIREC;5231.0;4
406300;;;VEV_4000;XIREC;1220.0;2
406500;SUBMISSION;;VEV_4500;XIREC;736.0;7
406500;SUBMISSION;;VEV_4500;XIREC;738.0;15
406500;SUBMISSION;;VEV_5200;XIREC;79.0;22
406600;SUBMISSION;;VEV_4500;XIREC;734.0;6
406600;SUBMISSION;;VEV_4500;XIREC;736.0;11
406600;SUBMISSION;;VEV_5200;XIREC;78.0;23
406700;SUBMISSION;;VEV_5200;XIREC;77.0;22
406700;SUBMISSION;;VEV_5300;XIREC;35.0;20
406800;SUBMISSION;;VEV_5200;XIREC;78.0;7
407000;;;VELVETFRUIT_EXTRACT;XIREC;5225.0;4
407300;SUBMISSION;;VEV_5300;XIREC;35.0;21
407500;SUBMISSION;;VEV_5300;XIREC;35.0;19
407600;SUBMISSION;;VEV_5300;XIREC;35.0;24
407700;SUBMISSION;;VEV_5300;XIREC;35.0;19
407800;SUBMISSION;;VEV_5300;XIREC;35.0;29
408000;;;HYDROGEL_PACK;XIREC;9991.0;3
408100;SUBMISSION;;VEV_5300;XIREC;35.0;22
408500;SUBMISSION;;VEV_5300;XIREC;35.0;17
408600;SUBMISSION;;VEV_5300;XIREC;35.0;29
408700;SUBMISSION;;VEV_5300;XIREC;35.0;20
408900;SUBMISSION;;VEV_5300;XIREC;35.0;28
409000;SUBMISSION;;VEV_5300;XIREC;35.0;25
409100;SUBMISSION;;VEV_5300;XIREC;35.0;23
409400;;;HYDROGEL_PACK;XIREC;9988.0;3
409800;SUBMISSION;;VEV_5300;XIREC;35.0;25
410100;;;HYDROGEL_PACK;XIREC;9988.0;6
410200;;;VEV_5400;XIREC;9.0;5
410200;;;VEV_5500;XIREC;3.0;5
410200;;;VEV_6000;XIREC;0.0;5
410200;;;VEV_6500;XIREC;0.0;5
411400;SUBMISSION;;VEV_5300;XIREC;35.0;22
411700;SUBMISSION;;VEV_5300;XIREC;35.0;20
411800;SUBMISSION;;VEV_5300;XIREC;35.0;23
411900;SUBMISSION;;VEV_5300;XIREC;34.0;26
412000;SUBMISSION;;VEV_5300;XIREC;35.0;24
412100;SUBMISSION;;VEV_5300;XIREC;35.0;19
412200;SUBMISSION;;VEV_5300;XIREC;35.0;16
412300;SUBMISSION;;VEV_5300;XIREC;35.0;26
412400;SUBMISSION;;VEV_5300;XIREC;35.0;18
412500;SUBMISSION;;VEV_5300;XIREC;35.0;21
412600;SUBMISSION;;VEV_5300;XIREC;35.0;25
412700;SUBMISSION;;VEV_5300;XIREC;35.0;15
412800;SUBMISSION;;VEV_5300;XIREC;35.0;21
412900;SUBMISSION;;VEV_5300;XIREC;35.0;3
413100;;;HYDROGEL_PACK;XIREC;9977.0;2
413500;;;HYDROGEL_PACK;XIREC;9974.0;5
414900;;;VEV_5200;XIREC;76.0;3
414900;;;VEV_5300;XIREC;34.0;3
414900;;;VEV_5400;XIREC;9.0;3
414900;;;VEV_5500;XIREC;3.0;3
414900;;;VEV_6000;XIREC;0.0;3
414900;;;VEV_6500;XIREC;0.0;3
415400;;;HYDROGEL_PACK;XIREC;9976.0;6
415500;;;VEV_5400;XIREC;9.0;4
415500;;;VEV_5500;XIREC;3.0;4
415500;;;VEV_6000;XIREC;0.0;4
415500;;;VEV_6500;XIREC;0.0;4
416600;;;HYDROGEL_PACK;XIREC;9981.0;4
419300;;;VEV_4000;XIREC;1221.0;1
420200;;;HYDROGEL_PACK;XIREC;9975.0;4
421100;;;HYDROGEL_PACK;XIREC;9961.0;5
421400;;;VELVETFRUIT_EXTRACT;XIREC;5233.0;6
422200;;;HYDROGEL_PACK;XIREC;9963.0;2
423800;;;HYDROGEL_PACK;XIREC;9969.0;3
423800;;;VEV_5200;XIREC;79.0;5
423800;;;VEV_5300;XIREC;36.0;5
423800;;;VEV_5400;XIREC;10.0;5
423800;;;VEV_5500;XIREC;4.0;5
423800;;;VEV_6000;XIREC;0.0;5
423800;;;VEV_6500;XIREC;0.0;5
424400;;;VEV_4000;XIREC;1244.0;2
424600;;;VELVETFRUIT_EXTRACT;XIREC;5232.0;6
425300;;;VELVETFRUIT_EXTRACT;XIREC;5238.0;3
427400;;;VELVETFRUIT_EXTRACT;XIREC;5241.0;5
428400;;;VEV_4000;XIREC;1248.0;1
429500;;;HYDROGEL_PACK;XIREC;9968.0;3
430200;;;HYDROGEL_PACK;XIREC;9974.0;4
430700;;;HYDROGEL_PACK;XIREC;9976.0;4
432100;;;VELVETFRUIT_EXTRACT;XIREC;5233.0;8
433000;;;VELVETFRUIT_EXTRACT;XIREC;5238.0;4
433100;;;VEV_5200;XIREC;83.0;2
433100;;;VEV_5300;XIREC;38.0;2
433100;;;VEV_5400;XIREC;11.0;2
433100;;;VEV_5500;XIREC;4.0;2
433100;;;VEV_6000;XIREC;0.0;2
433100;;;VEV_6500;XIREC;0.0;2
433900;;;HYDROGEL_PACK;XIREC;9970.0;4
436100;;;VELVETFRUIT_EXTRACT;XIREC;5242.0;5
436200;;;HYDROGEL_PACK;XIREC;9968.0;2
438300;;;VEV_4000;XIREC;1230.0;3
438500;;;VELVETFRUIT_EXTRACT;XIREC;5241.0;6
438900;;;VEV_4000;XIREC;1249.0;3
441300;;;VELVETFRUIT_EXTRACT;XIREC;5235.0;5
443400;;;HYDROGEL_PACK;XIREC;9969.0;4
443600;;;VEV_5200;XIREC;82.0;4
443600;;;VEV_5400;XIREC;11.0;4
443600;;;VEV_5500;XIREC;4.0;4
443600;;;VEV_6000;XIREC;0.0;4
443600;;;VEV_6500;XIREC;0.0;4
444200;;;VELVETFRUIT_EXTRACT;XIREC;5244.0;6
445300;;;HYDROGEL_PACK;XIREC;9974.0;2
448600;;;VELVETFRUIT_EXTRACT;XIREC;5252.0;7
448900;;;VELVETFRUIT_EXTRACT;XIREC;5247.0;9
449000;;;HYDROGEL_PACK;XIREC;9979.0;6
449500;;;VEV_4000;XIREC;1238.0;2
450900;;;HYDROGEL_PACK;XIREC;9988.0;6
452000;;;HYDROGEL_PACK;XIREC;9965.0;3
452800;;;HYDROGEL_PACK;XIREC;9974.0;4
453000;;;VELVETFRUIT_EXTRACT;XIREC;5240.0;3
453800;;;VELVETFRUIT_EXTRACT;XIREC;5237.0;7
454700;;;VEV_4000;XIREC;1247.0;1
456200;;;VEV_5200;XIREC;82.0;2
456200;;;VEV_5400;XIREC;11.0;2
456200;;;VEV_5500;XIREC;4.0;2
456200;;;VEV_6000;XIREC;0.0;2
456200;;;VEV_6500;XIREC;0.0;2
457600;;;VELVETFRUIT_EXTRACT;XIREC;5242.0;3
460100;;;VELVETFRUIT_EXTRACT;XIREC;5235.0;4
461200;;;VEV_5300;XIREC;37.0;3
461200;;;VEV_5400;XIREC;10.0;3
461200;;;VEV_5500;XIREC;3.0;3
461200;;;VEV_6000;XIREC;0.0;3
461200;;;VEV_6500;XIREC;0.0;3
463600;;;VELVETFRUIT_EXTRACT;XIREC;5238.0;11
464700;;;VELVETFRUIT_EXTRACT;XIREC;5238.0;5
466000;;;VELVETFRUIT_EXTRACT;XIREC;5234.0;3
466400;;;VELVETFRUIT_EXTRACT;XIREC;5233.0;14
468600;;;VELVETFRUIT_EXTRACT;XIREC;5239.0;4
472900;;;VELVETFRUIT_EXTRACT;XIREC;5238.0;6
473000;;;VELVETFRUIT_EXTRACT;XIREC;5238.0;4
473800;;;VELVETFRUIT_EXTRACT;XIREC;5239.0;3
474000;;;VELVETFRUIT_EXTRACT;XIREC;5238.0;5
477300;;;VELVETFRUIT_EXTRACT;XIREC;5244.0;8
478900;;;HYDROGEL_PACK;XIREC;9997.0;3
480500;;;VELVETFRUIT_EXTRACT;XIREC;5240.0;3
480900;;;HYDROGEL_PACK;XIREC;9994.0;2
481400;;;HYDROGEL_PACK;XIREC;9996.0;2
481600;;SUBMISSION;HYDROGEL_PACK;XIREC;10001.0;11
482400;;SUBMISSION;HYDROGEL_PACK;XIREC;10012.0;3
483400;;;VELVETFRUIT_EXTRACT;XIREC;5249.0;3
483400;;;VEV_5300;XIREC;40.0;5
483400;;;VEV_5400;XIREC;12.0;5
483400;;;VEV_5500;XIREC;4.0;5
483400;;;VEV_6000;XIREC;0.0;5
483400;;;VEV_6500;XIREC;0.0;5
486000;;;VELVETFRUIT_EXTRACT;XIREC;5237.0;5
486200;;;VELVETFRUIT_EXTRACT;XIREC;5242.0;8
486700;;;VELVETFRUIT_EXTRACT;XIREC;5236.0;8
488200;SUBMISSION;;HYDROGEL_PACK;XIREC;9995.0;2
488600;;;VEV_4000;XIREC;1247.0;2
488700;SUBMISSION;;HYDROGEL_PACK;XIREC;9986.0;3
488700;;;HYDROGEL_PACK;XIREC;9985.0;2
490600;;;VEV_4000;XIREC;1251.0;2
492000;;;VELVETFRUIT_EXTRACT;XIREC;5241.0;5
492500;;SUBMISSION;HYDROGEL_PACK;XIREC;10001.0;14
493000;;;VELVETFRUIT_EXTRACT;XIREC;5240.0;12
493500;;;VELVETFRUIT_EXTRACT;XIREC;5239.0;6
493800;;SUBMISSION;HYDROGEL_PACK;XIREC;10019.0;6
494300;;;VELVETFRUIT_EXTRACT;XIREC;5244.0;6
495100;;;VELVETFRUIT_EXTRACT;XIREC;5247.0;8
495700;SUBMISSION;;HYDROGEL_PACK;XIREC;9986.0;3
495700;;;VEV_5400;XIREC;11.0;5
495700;;;VEV_5500;XIREC;4.0;5
495700;;;VEV_6000;XIREC;0.0;5
495700;;;VEV_6500;XIREC;0.0;5
498100;;;VELVETFRUIT_EXTRACT;XIREC;5242.0;8
498500;SUBMISSION;;HYDROGEL_PACK;XIREC;9978.0;4
499900;;;VEV_4000;XIREC;1256.0;3
500000;;;VELVETFRUIT_EXTRACT;XIREC;5248.0;3
500600;SUBMISSION;;HYDROGEL_PACK;XIREC;9977.0;5
501300;;;VELVETFRUIT_EXTRACT;XIREC;5247.0;7
501600;SUBMISSION;;HYDROGEL_PACK;XIREC;9977.0;4
501900;;;VEV_5300;XIREC;38.0;3
501900;;;VEV_5400;XIREC;11.0;3
501900;;;VEV_5500;XIREC;4.0;3
501900;;;VEV_6000;XIREC;0.0;3
501900;;;VEV_6500;XIREC;0.0;3
503600;SUBMISSION;;HYDROGEL_PACK;XIREC;9976.0;2
505100;;;VELVETFRUIT_EXTRACT;XIREC;5232.0;7
508800;;;VEV_5400;XIREC;10.0;5
508800;;;VEV_5500;XIREC;3.0;5
508800;;;VEV_6000;XIREC;0.0;5
508800;;;VEV_6500;XIREC;0.0;5
511000;SUBMISSION;;HYDROGEL_PACK;XIREC;9990.0;3
511000;;;HYDROGEL_PACK;XIREC;9989.0;3
512800;SUBMISSION;;HYDROGEL_PACK;XIREC;9983.0;2
512800;;;HYDROGEL_PACK;XIREC;9982.0;2
513600;;;VELVETFRUIT_EXTRACT;XIREC;5244.0;5
516500;SUBMISSION;;HYDROGEL_PACK;XIREC;9978.0;2
516500;;;HYDROGEL_PACK;XIREC;9977.0;3
519600;;;VEV_5200;XIREC;87.0;5
519600;;;VEV_5300;XIREC;40.0;5
519600;;;VEV_5400;XIREC;12.0;5
519600;;;VEV_5500;XIREC;4.0;5
519600;;;VEV_6000;XIREC;0.0;5
519600;;;VEV_6500;XIREC;0.0;5
519800;;;HYDROGEL_PACK;XIREC;9982.0;6
519800;;;VELVETFRUIT_EXTRACT;XIREC;5243.0;5
521000;;;VEV_4000;XIREC;1257.0;1
521700;;;VELVETFRUIT_EXTRACT;XIREC;5244.0;8
524600;SUBMISSION;;HYDROGEL_PACK;XIREC;9970.0;1
524600;;;HYDROGEL_PACK;XIREC;9969.0;4
526300;SUBMISSION;;HYDROGEL_PACK;XIREC;9967.0;1
526300;;;HYDROGEL_PACK;XIREC;9966.0;2
527200;;;VELVETFRUIT_EXTRACT;XIREC;5244.0;7
527300;;;VELVETFRUIT_EXTRACT;XIREC;5248.0;5
529800;;;VELVETFRUIT_EXTRACT;XIREC;5249.0;3
530600;;;VELVETFRUIT_EXTRACT;XIREC;5246.0;5
530900;SUBMISSION;;HYDROGEL_PACK;XIREC;9989.0;1
530900;;;HYDROGEL_PACK;XIREC;9988.0;2
533300;;;VELVETFRUIT_EXTRACT;XIREC;5243.0;3
534700;;;HYDROGEL_PACK;XIREC;9958.0;3
534900;;;HYDROGEL_PACK;XIREC;9976.0;3
535100;;;HYDROGEL_PACK;XIREC;9961.0;2
536500;;;VEV_4000;XIREC;1252.0;2
538700;;;VELVETFRUIT_EXTRACT;XIREC;5247.0;5
540500;;;HYDROGEL_PACK;XIREC;9982.0;2
540600;;;HYDROGEL_PACK;XIREC;9980.0;2
541400;;;VELVETFRUIT_EXTRACT;XIREC;5243.0;8
543800;;;HYDROGEL_PACK;XIREC;9975.0;6
543900;;;VEV_4000;XIREC;1231.0;1
544400;;;HYDROGEL_PACK;XIREC;9976.0;6
544700;;;VELVETFRUIT_EXTRACT;XIREC;5243.0;8
545400;;;VELVETFRUIT_EXTRACT;XIREC;5240.0;7
545900;;;VELVETFRUIT_EXTRACT;XIREC;5238.0;5
547000;;;HYDROGEL_PACK;XIREC;9969.0;6
547100;;;VELVETFRUIT_EXTRACT;XIREC;5237.0;13
548000;;;VELVETFRUIT_EXTRACT;XIREC;5235.0;5
548500;;;HYDROGEL_PACK;XIREC;9963.0;6
548600;;;VEV_5300;XIREC;36.0;2
548600;;;VEV_6000;XIREC;0.0;2
548600;;;VEV_6500;XIREC;0.0;2
548900;;;VELVETFRUIT_EXTRACT;XIREC;5240.0;7
551500;;;VELVETFRUIT_EXTRACT;XIREC;5238.0;6
553400;;;HYDROGEL_PACK;XIREC;9968.0;2
554600;;;VELVETFRUIT_EXTRACT;XIREC;5240.0;7
554600;;;VEV_5300;XIREC;38.0;5
554600;;;VEV_5400;XIREC;11.0;5
554600;;;VEV_5500;XIREC;4.0;5
554600;;;VEV_6000;XIREC;0.0;5
554600;;;VEV_6500;XIREC;0.0;5
555000;;;VELVETFRUIT_EXTRACT;XIREC;5246.0;3
555700;;;VELVETFRUIT_EXTRACT;XIREC;5239.0;7
555700;;;VEV_5400;XIREC;11.0;3
555700;;;VEV_5500;XIREC;4.0;3
555700;;;VEV_6000;XIREC;0.0;3
555700;;;VEV_6500;XIREC;0.0;3
556000;;;HYDROGEL_PACK;XIREC;9976.0;5
556100;;;HYDROGEL_PACK;XIREC;9976.0;5
556700;;;VELVETFRUIT_EXTRACT;XIREC;5238.0;8
558800;;;VELVETFRUIT_EXTRACT;XIREC;5241.0;8
558900;;;VELVETFRUIT_EXTRACT;XIREC;5241.0;7
561000;;;HYDROGEL_PACK;XIREC;9996.0;4
561100;;;VELVETFRUIT_EXTRACT;XIREC;5234.0;6
561300;;;VELVETFRUIT_EXTRACT;XIREC;5234.0;3
563200;;;VEV_4000;XIREC;1229.0;3
563700;;;VEV_4000;XIREC;1246.0;1
564900;;;VELVETFRUIT_EXTRACT;XIREC;5233.0;6
566100;;;VELVETFRUIT_EXTRACT;XIREC;5233.0;3
566300;;;VELVETFRUIT_EXTRACT;XIREC;5235.0;5
566700;;;VEV_5400;XIREC;9.0;2
566700;;;VEV_5500;XIREC;3.0;2
566700;;;VEV_6000;XIREC;0.0;2
566700;;;VEV_6500;XIREC;0.0;2
568500;;;HYDROGEL_PACK;XIREC;9971.0;2
569800;;;VELVETFRUIT_EXTRACT;XIREC;5225.0;5
571300;;;VEV_4000;XIREC;1219.0;3
573500;;;VELVETFRUIT_EXTRACT;XIREC;5232.0;5
573500;;;VEV_4000;XIREC;1224.0;2
573700;;;VELVETFRUIT_EXTRACT;XIREC;5237.0;3
573800;;;HYDROGEL_PACK;XIREC;9989.0;3
574200;;;HYDROGEL_PACK;XIREC;9988.0;6
575100;;;VEV_5400;XIREC;9.0;4
575100;;;VEV_5500;XIREC;3.0;4
575100;;;VEV_6000;XIREC;0.0;4
575100;;;VEV_6500;XIREC;0.0;4
576500;;;VELVETFRUIT_EXTRACT;XIREC;5225.0;7
576700;;;HYDROGEL_PACK;XIREC;10000.0;5
577300;SUBMISSION;;VEV_5400;XIREC;10.0;19
577400;SUBMISSION;;VEV_5400;XIREC;10.0;19
577700;;;VELVETFRUIT_EXTRACT;XIREC;5223.0;8
577800;SUBMISSION;;VEV_5400;XIREC;10.0;20
577900;SUBMISSION;;VEV_5400;XIREC;10.0;26
578000;SUBMISSION;;VEV_5400;XIREC;10.0;26
578300;;;HYDROGEL_PACK;XIREC;9992.0;6
578300;;;VELVETFRUIT_EXTRACT;XIREC;5223.0;8
578500;SUBMISSION;;VEV_5400;XIREC;9.0;9
578500;SUBMISSION;;VEV_5400;XIREC;10.0;14
578600;SUBMISSION;;VEV_5400;XIREC;9.0;22
578700;SUBMISSION;;VEV_5400;XIREC;9.0;21
578800;SUBMISSION;;VEV_5400;XIREC;9.0;27
578900;SUBMISSION;;VEV_5400;XIREC;9.0;29
579000;SUBMISSION;;VEV_5400;XIREC;9.0;16
579100;SUBMISSION;;VEV_5400;XIREC;9.0;19
579200;SUBMISSION;;VEV_5400;XIREC;9.0;29
579300;SUBMISSION;;VEV_5400;XIREC;9.0;20
579400;SUBMISSION;;VEV_5400;XIREC;9.0;25
579500;SUBMISSION;;VEV_5400;XIREC;9.0;15
579600;SUBMISSION;;VEV_5400;XIREC;9.0;24
579700;SUBMISSION;;VEV_5400;XIREC;9.0;17
579800;SUBMISSION;;VEV_5400;XIREC;9.0;17
579900;SUBMISSION;;VEV_5400;XIREC;9.0;27
580000;SUBMISSION;;VEV_5400;XIREC;9.0;20
580100;SUBMISSION;;VEV_5400;XIREC;9.0;18
580200;SUBMISSION;;VEV_5400;XIREC;9.0;29
580300;SUBMISSION;;VEV_5400;XIREC;9.0;28
580400;SUBMISSION;;VEV_5400;XIREC;9.0;22
580500;SUBMISSION;;VEV_5400;XIREC;9.0;23
580600;SUBMISSION;;VEV_5400;XIREC;10.0;19
581600;;;HYDROGEL_PACK;XIREC;10000.0;2
582600;;;HYDROGEL_PACK;XIREC;9980.0;4
584500;;SUBMISSION;HYDROGEL_PACK;XIREC;10001.0;13
585200;;;HYDROGEL_PACK;XIREC;10005.0;6
587100;;;VEV_5300;XIREC;28.0;4
587100;;;VEV_5400;XIREC;7.0;4
587100;;;VEV_5500;XIREC;2.0;4
587100;;;VEV_6000;XIREC;0.0;4
587100;;;VEV_6500;XIREC;0.0;4
587200;;;VELVETFRUIT_EXTRACT;XIREC;5214.0;6
587500;;;VEV_4000;XIREC;1202.0;1
587700;;SUBMISSION;HYDROGEL_PACK;XIREC;10012.0;4
588400;;SUBMISSION;HYDROGEL_PACK;XIREC;10014.0;6
588400;;;VELVETFRUIT_EXTRACT;XIREC;5217.0;5
588500;;;VEV_5300;XIREC;28.0;4
588500;;;VEV_5400;XIREC;7.0;4
588500;;;VEV_5500;XIREC;2.0;4
588500;;;VEV_6000;XIREC;0.0;4
588500;;;VEV_6500;XIREC;0.0;4
588800;;SUBMISSION;HYDROGEL_PACK;XIREC;10015.0;2
589300;SUBMISSION;;HYDROGEL_PACK;XIREC;10001.0;3
589400;;;VELVETFRUIT_EXTRACT;XIREC;5212.0;3
590700;;;VEV_4000;XIREC;1225.0;1
592000;;;VELVETFRUIT_EXTRACT;XIREC;5223.0;6
592200;;SUBMISSION;HYDROGEL_PACK;XIREC;10019.0;4
593000;;;VEV_5400;XIREC;8.0;5
593000;;;VEV_5500;XIREC;3.0;5
593000;;;VEV_6000;XIREC;0.0;5
593000;;;VEV_6500;XIREC;0.0;5
593300;;SUBMISSION;HYDROGEL_PACK;XIREC;10011.0;9
593400;;SUBMISSION;HYDROGEL_PACK;XIREC;10017.0;11
593400;;SUBMISSION;HYDROGEL_PACK;XIREC;10015.0;10
593500;;SUBMISSION;HYDROGEL_PACK;XIREC;10014.0;14
593500;;SUBMISSION;HYDROGEL_PACK;XIREC;10012.0;1
593600;;SUBMISSION;HYDROGEL_PACK;XIREC;10014.0;12
593600;;SUBMISSION;HYDROGEL_PACK;XIREC;10011.0;3
593700;;SUBMISSION;HYDROGEL_PACK;XIREC;10012.0;11
593800;;SUBMISSION;HYDROGEL_PACK;XIREC;10012.0;11
593900;;SUBMISSION;HYDROGEL_PACK;XIREC;10008.0;3
594000;;SUBMISSION;HYDROGEL_PACK;XIREC;10009.0;5
594100;;SUBMISSION;HYDROGEL_PACK;XIREC;10009.0;5
594200;;SUBMISSION;HYDROGEL_PACK;XIREC;10011.0;9
594300;;SUBMISSION;HYDROGEL_PACK;XIREC;10008.0;2
594800;;SUBMISSION;HYDROGEL_PACK;XIREC;10008.0;3
596100;;;HYDROGEL_PACK;XIREC;10002.0;3
596600;;SUBMISSION;HYDROGEL_PACK;XIREC;10011.0;6
597500;;SUBMISSION;HYDROGEL_PACK;XIREC;10014.0;4
598300;;SUBMISSION;HYDROGEL_PACK;XIREC;10007.0;3
598800;;SUBMISSION;HYDROGEL_PACK;XIREC;10006.0;1
599000;;SUBMISSION;HYDROGEL_PACK;XIREC;10006.0;1
599100;;SUBMISSION;HYDROGEL_PACK;XIREC;10007.0;3
599200;;SUBMISSION;HYDROGEL_PACK;XIREC;10007.0;3
600300;;;VEV_4000;XIREC;1254.0;2
600900;;SUBMISSION;HYDROGEL_PACK;XIREC;10006.0;2
601000;;SUBMISSION;HYDROGEL_PACK;XIREC;10006.0;2
601100;;SUBMISSION;HYDROGEL_PACK;XIREC;10009.0;9
601200;;SUBMISSION;HYDROGEL_PACK;XIREC;10011.0;13
601200;;SUBMISSION;HYDROGEL_PACK;XIREC;10008.0;1
601300;;SUBMISSION;HYDROGEL_PACK;XIREC;10011.0;12
601300;;SUBMISSION;HYDROGEL_PACK;XIREC;10009.0;2
601400;;SUBMISSION;HYDROGEL_PACK;XIREC;10014.0;14
601400;;SUBMISSION;HYDROGEL_PACK;XIREC;10011.0;7
601500;;SUBMISSION;HYDROGEL_PACK;XIREC;10012.0;11
601500;;SUBMISSION;HYDROGEL_PACK;XIREC;10010.0;5
601600;;SUBMISSION;HYDROGEL_PACK;XIREC;10013.0;15
601600;;SUBMISSION;HYDROGEL_PACK;XIREC;10011.0;3
601600;;;HYDROGEL_PACK;XIREC;10013.0;6
601700;;SUBMISSION;HYDROGEL_PACK;XIREC;10016.0;11
601700;;SUBMISSION;HYDROGEL_PACK;XIREC;10014.0;14
601800;;SUBMISSION;HYDROGEL_PACK;XIREC;10014.0;14
601800;;SUBMISSION;HYDROGEL_PACK;XIREC;10011.0;7
601900;;SUBMISSION;HYDROGEL_PACK;XIREC;10012.0;12
601900;;SUBMISSION;HYDROGEL_PACK;XIREC;10009.0;4
602000;;SUBMISSION;HYDROGEL_PACK;XIREC;10012.0;4
602200;;SUBMISSION;HYDROGEL_PACK;XIREC;10015.0;9
602300;;SUBMISSION;HYDROGEL_PACK;XIREC;10016.0;3
602400;;SUBMISSION;HYDROGEL_PACK;XIREC;10017.0;3
602500;;SUBMISSION;HYDROGEL_PACK;XIREC;10019.0;5
602700;;SUBMISSION;HYDROGEL_PACK;XIREC;10020.0;3
603200;;SUBMISSION;HYDROGEL_PACK;XIREC;10023.0;7
603800;;SUBMISSION;HYDROGEL_PACK;XIREC;10024.0;1
604100;;;VEV_5300;XIREC;38.0;2
604100;;;VEV_5400;XIREC;11.0;2
604100;;;VEV_5500;XIREC;4.0;2
604100;;;VEV_6000;XIREC;0.0;2
604100;;;VEV_6500;XIREC;0.0;2
604300;;SUBMISSION;HYDROGEL_PACK;XIREC;10026.0;3
604400;;SUBMISSION;HYDROGEL_PACK;XIREC;10027.0;2
604400;;SUBMISSION;HYDROGEL_PACK;XIREC;10042.0;3
604500;;;VELVETFRUIT_EXTRACT;XIREC;5245.0;7
604700;;SUBMISSION;HYDROGEL_PACK;XIREC;10029.0;1
605100;;;VEV_4000;XIREC;1233.0;3
607400;;;VEV_4000;XIREC;1259.0;2
608800;;;VELVETFRUIT_EXTRACT;XIREC;5255.0;3
608900;;;HYDROGEL_PACK;XIREC;10031.0;2
610900;;;HYDROGEL_PACK;XIREC;10029.0;5
610900;;;VEV_4000;XIREC;1239.0;3
611300;;;VELVETFRUIT_EXTRACT;XIREC;5244.0;6
612300;;;VELVETFRUIT_EXTRACT;XIREC;5241.0;8
614100;;;VELVETFRUIT_EXTRACT;XIREC;5244.0;10
616700;;;VELVETFRUIT_EXTRACT;XIREC;5237.0;4
617200;;;VELVETFRUIT_EXTRACT;XIREC;5237.0;6
620000;;;HYDROGEL_PACK;XIREC;10010.0;5
620800;;;VELVETFRUIT_EXTRACT;XIREC;5234.0;4
622600;;;VEV_5400;XIREC;10.0;4
622600;;;VEV_5500;XIREC;3.0;4
622600;;;VEV_6000;XIREC;0.0;4
622600;;;VEV_6500;XIREC;0.0;4
624000;;;VEV_4000;XIREC;1226.0;2
624200;;;VEV_4000;XIREC;1226.0;2
625900;;;VEV_4000;XIREC;1253.0;2
626300;;;VELVETFRUIT_EXTRACT;XIREC;5248.0;5
627100;;;VEV_4000;XIREC;1254.0;3
627400;;;VELVETFRUIT_EXTRACT;XIREC;5246.0;7
629200;;;VELVETFRUIT_EXTRACT;XIREC;5243.0;5
630700;;;HYDROGEL_PACK;XIREC;10010.0;3
631400;;;HYDROGEL_PACK;XIREC;10002.0;3
633100;;SUBMISSION;HYDROGEL_PACK;XIREC;10016.0;6
634300;;SUBMISSION;HYDROGEL_PACK;XIREC;10008.0;4
634400;;;VELVETFRUIT_EXTRACT;XIREC;5245.0;5
635100;;;VEV_4000;XIREC;1235.0;3
637900;;;VEV_4000;XIREC;1256.0;3
640000;SUBMISSION;;HYDROGEL_PACK;XIREC;10001.0;2
641500;;;VELVETFRUIT_EXTRACT;XIREC;5248.0;5
642400;;;VEV_5400;XIREC;11.0;2
642400;;;VEV_5500;XIREC;4.0;2
642400;;;VEV_6000;XIREC;0.0;2
642400;;;VEV_6500;XIREC;0.0;2
643000;;;VELVETFRUIT_EXTRACT;XIREC;5239.0;6
643300;;;VEV_4000;XIREC;1252.0;1
644500;;;VEV_5400;XIREC;11.0;4
644500;;;VEV_5500;XIREC;4.0;4
644500;;;VEV_6000;XIREC;0.0;4
644500;;;VEV_6500;XIREC;0.0;4
645000;;;HYDROGEL_PACK;XIREC;10016.0;4
648700;;;VEV_4000;XIREC;1235.0;3
650000;;;HYDROGEL_PACK;XIREC;10029.0;4
650200;;;VELVETFRUIT_EXTRACT;XIREC;5246.0;6
650600;;;VELVETFRUIT_EXTRACT;XIREC;5244.0;8
651300;;;VELVETFRUIT_EXTRACT;XIREC;5247.0;8
653800;;;VELVETFRUIT_EXTRACT;XIREC;5252.0;5
655500;;;HYDROGEL_PACK;XIREC;10024.0;3
656600;;;VELVETFRUIT_EXTRACT;XIREC;5253.0;8
658100;;;VEV_4000;XIREC;1263.0;3
658300;;;VELVETFRUIT_EXTRACT;XIREC;5249.0;3
659500;;SUBMISSION;HYDROGEL_PACK;XIREC;10045.0;5
659800;;;VELVETFRUIT_EXTRACT;XIREC;5256.0;6
661900;;;HYDROGEL_PACK;XIREC;10024.0;6
662600;;;VELVETFRUIT_EXTRACT;XIREC;5251.0;6
663000;;;HYDROGEL_PACK;XIREC;10025.0;2
666500;;;VEV_5200;XIREC;91.0;2
666500;;;VEV_5300;XIREC;42.0;2
666500;;;VEV_5400;XIREC;12.0;2
666500;;;VEV_5500;XIREC;4.0;2
666500;;;VEV_6000;XIREC;0.0;2
666500;;;VEV_6500;XIREC;0.0;2
667800;;;VELVETFRUIT_EXTRACT;XIREC;5262.0;5
669700;;SUBMISSION;VELVETFRUIT_EXTRACT;XIREC;5265.0;7
669700;;SUBMISSION;VELVETFRUIT_EXTRACT;XIREC;5263.0;21
669700;;SUBMISSION;VELVETFRUIT_EXTRACT;XIREC;5262.0;22
669700;;SUBMISSION;VEV_4000;XIREC;1255.0;13
669700;;SUBMISSION;VEV_4000;XIREC;1252.0;23
669700;;SUBMISSION;VEV_4500;XIREC;757.0;12
669700;;SUBMISSION;VEV_4500;XIREC;755.0;23
669900;;SUBMISSION;VELVETFRUIT_EXTRACT;XIREC;5262.0;50
669900;;SUBMISSION;VEV_4000;XIREC;1254.0;14
669900;;SUBMISSION;VEV_4000;XIREC;1252.0;18
669900;;SUBMISSION;VEV_4500;XIREC;757.0;10
669900;;SUBMISSION;VEV_4500;XIREC;755.0;14
669900;;;VEV_4000;XIREC;1275.0;3
670000;;SUBMISSION;VELVETFRUIT_EXTRACT;XIREC;5263.0;19
670000;;SUBMISSION;VELVETFRUIT_EXTRACT;XIREC;5262.0;31
670000;;SUBMISSION;VEV_4000;XIREC;1255.0;12
670000;;SUBMISSION;VEV_4000;XIREC;1252.0;20
670000;;SUBMISSION;VEV_4500;XIREC;757.0;12
670000;;SUBMISSION;VEV_4500;XIREC;755.0;17
670100;;SUBMISSION;VELVETFRUIT_EXTRACT;XIREC;5262.0;15
670100;;SUBMISSION;VELVETFRUIT_EXTRACT;XIREC;5261.0;35
670100;;SUBMISSION;VEV_4000;XIREC;1254.0;7
670100;;SUBMISSION;VEV_4000;XIREC;1251.0;24
670100;;SUBMISSION;VEV_4500;XIREC;756.0;8
670100;;SUBMISSION;VEV_4500;XIREC;754.0;12
670200;;SUBMISSION;VELVETFRUIT_EXTRACT;XIREC;5263.0;21
670200;;SUBMISSION;VELVETFRUIT_EXTRACT;XIREC;5262.0;29
670200;;SUBMISSION;VEV_4000;XIREC;1255.0;14
670200;;SUBMISSION;VEV_4000;XIREC;1252.0;18
670200;;SUBMISSION;VEV_4500;XIREC;757.0;9
670200;;SUBMISSION;VEV_4500;XIREC;755.0;18
670300;;SUBMISSION;VELVETFRUIT_EXTRACT;XIREC;5262.0;48
670300;;SUBMISSION;VEV_4000;XIREC;1254.0;9
670300;;SUBMISSION;VEV_4000;XIREC;1252.0;15
670300;;SUBMISSION;VEV_4500;XIREC;757.0;8
670300;;SUBMISSION;VEV_4500;XIREC;755.0;21
670400;;SUBMISSION;VELVETFRUIT_EXTRACT;XIREC;5262.0;50
670400;;SUBMISSION;VEV_4000;XIREC;1254.0;13
670400;;SUBMISSION;VEV_4000;XIREC;1252.0;26
670400;;SUBMISSION;VEV_4500;XIREC;757.0;9
670400;;SUBMISSION;VEV_4500;XIREC;755.0;24
670500;;SUBMISSION;VELVETFRUIT_EXTRACT;XIREC;5264.0;50
670500;;SUBMISSION;VEV_4000;XIREC;1256.0;7
670500;;SUBMISSION;VEV_4000;XIREC;1254.0;15
670500;;SUBMISSION;VEV_4500;XIREC;759.0;9
670500;;SUBMISSION;VEV_4500;XIREC;757.0;12
670500;;SUBMISSION;VEV_5000;XIREC;266.0;9
670500;;SUBMISSION;VEV_5000;XIREC;265.0;12
670600;;SUBMISSION;VELVETFRUIT_EXTRACT;XIREC;5262.0;2
670600;;SUBMISSION;VEV_4000;XIREC;1254.0;8
670600;;SUBMISSION;VEV_4000;XIREC;1252.0;18
670600;;SUBMISSION;VEV_4500;XIREC;757.0;11
670600;;SUBMISSION;VEV_4500;XIREC;755.0;23
670700;;SUBMISSION;VEV_4000;XIREC;1256.0;8
670700;;SUBMISSION;VEV_4000;XIREC;1253.0;22
670700;;SUBMISSION;VEV_4500;XIREC;758.0;7
670700;;SUBMISSION;VEV_4500;XIREC;756.0;22
670700;;SUBMISSION;VEV_5000;XIREC;266.0;7
670700;;SUBMISSION;VEV_5000;XIREC;265.0;22
670800;;SUBMISSION;VEV_4000;XIREC;1256.0;11
670800;;SUBMISSION;VEV_4000;XIREC;1254.0;25
670800;;SUBMISSION;VEV_4500;XIREC;759.0;9
670800;;SUBMISSION;VEV_4500;XIREC;757.0;21
670800;;SUBMISSION;VEV_5000;XIREC;266.0;9
670800;;SUBMISSION;VEV_5000;XIREC;265.0;21
670900;;SUBMISSION;VEV_4000;XIREC;1255.0;10
670900;;SUBMISSION;VEV_4000;XIREC;1253.0;25
670900;;SUBMISSION;VEV_4500;XIREC;758.0;8
670900;;SUBMISSION;VEV_4500;XIREC;756.0;21
670900;;SUBMISSION;VEV_5000;XIREC;265.0;29
671000;;SUBMISSION;VEV_4000;XIREC;1255.0;13
671000;;SUBMISSION;VEV_4000;XIREC;1253.0;30
671000;;SUBMISSION;VEV_4500;XIREC;758.0;11
671000;;SUBMISSION;VEV_4500;XIREC;756.0;12
671000;;SUBMISSION;VEV_5000;XIREC;265.0;23
671100;;SUBMISSION;VEV_4000;XIREC;1255.0;15
671100;;SUBMISSION;VEV_4000;XIREC;1252.0;18
671100;;SUBMISSION;VEV_4500;XIREC;757.0;9
671100;;SUBMISSION;VEV_4500;XIREC;756.0;16
671200;;SUBMISSION;VEV_4000;XIREC;1255.0;12
671200;;SUBMISSION;VEV_4000;XIREC;1252.0;27
671200;;SUBMISSION;VEV_4500;XIREC;757.0;9
671200;;SUBMISSION;VEV_4500;XIREC;755.0;18
671300;;SUBMISSION;VEV_4000;XIREC;1255.0;15
671300;;SUBMISSION;VEV_4000;XIREC;1252.0;27
671300;;SUBMISSION;VEV_4500;XIREC;757.0;10
671300;;SUBMISSION;VEV_4500;XIREC;755.0;12
671500;;SUBMISSION;VEV_4000;XIREC;1256.0;11
671500;;SUBMISSION;VEV_4000;XIREC;1254.0;28
671500;;SUBMISSION;VEV_4500;XIREC;759.0;10
671500;;SUBMISSION;VEV_4500;XIREC;757.0;13
671500;;SUBMISSION;VEV_5000;XIREC;266.0;10
671500;;SUBMISSION;VEV_5000;XIREC;265.0;13
671600;;SUBMISSION;VEV_4000;XIREC;1256.0;11
671600;;SUBMISSION;VEV_4000;XIREC;1253.0;18
671600;;SUBMISSION;VEV_4500;XIREC;758.0;6
671600;;SUBMISSION;VEV_4500;XIREC;756.0;23
671600;;SUBMISSION;VEV_5000;XIREC;266.0;6
671600;;SUBMISSION;VEV_5000;XIREC;265.0;23
671700;;SUBMISSION;VEV_4500;XIREC;757.0;10
671700;;SUBMISSION;VEV_4500;XIREC;755.0;22
671800;;SUBMISSION;VEV_4500;XIREC;757.0;7
671800;;SUBMISSION;VEV_4500;XIREC;755.0;23
671900;;SUBMISSION;VEV_4500;XIREC;757.0;8
671900;;SUBMISSION;VEV_4500;XIREC;755.0;20
672000;;SUBMISSION;VEV_4500;XIREC;757.0;12
672000;;SUBMISSION;VEV_4500;XIREC;755.0;9
672200;;SUBMISSION;VEV_5000;XIREC;265.0;27
672300;;SUBMISSION;VEV_5000;XIREC;266.0;10
672300;;SUBMISSION;VEV_5000;XIREC;265.0;19
672400;;SUBMISSION;VEV_5000;XIREC;267.0;12
672400;;SUBMISSION;VEV_5000;XIREC;266.0;15
672500;;SUBMISSION;VEV_5000;XIREC;268.0;33
672500;;SUBMISSION;VEV_5100;XIREC;176.0;33
672600;;SUBMISSION;VEV_5000;XIREC;268.0;11
672600;;SUBMISSION;VEV_5000;XIREC;267.0;14
672600;;;VELVETFRUIT_EXTRACT;XIREC;5271.0;3
672700;;SUBMISSION;VEV_5000;XIREC;270.0;7
672700;;SUBMISSION;VEV_5000;XIREC;269.0;22
672700;;SUBMISSION;VEV_5100;XIREC;177.0;29
672800;;SUBMISSION;VEV_5000;XIREC;271.0;11
672800;;SUBMISSION;VEV_5000;XIREC;270.0;15
672800;;SUBMISSION;VEV_5100;XIREC;179.0;11
672800;;SUBMISSION;VEV_5100;XIREC;178.0;15
672800;;;VELVETFRUIT_EXTRACT;XIREC;5271.0;10
672900;;SUBMISSION;VEV_5000;XIREC;272.0;6
672900;;SUBMISSION;VEV_5000;XIREC;271.0;21
672900;;SUBMISSION;VEV_5100;XIREC;179.0;27
673000;;SUBMISSION;VEV_5000;XIREC;272.0;11
673000;;SUBMISSION;VEV_5000;XIREC;271.0;22
673000;;SUBMISSION;VEV_5100;XIREC;180.0;11
673000;;SUBMISSION;VEV_5100;XIREC;179.0;22
673000;;SUBMISSION;VEV_5200;XIREC;102.0;33
673000;;;VELVETFRUIT_EXTRACT;XIREC;5270.0;5
673100;;SUBMISSION;VEV_5000;XIREC;274.0;10
673100;;SUBMISSION;VEV_5000;XIREC;273.0;16
673100;;SUBMISSION;VEV_5100;XIREC;181.0;26
673100;;SUBMISSION;VEV_5200;XIREC;104.0;10
673100;;SUBMISSION;VEV_5200;XIREC;103.0;16
673200;;SUBMISSION;VEV_5000;XIREC;271.0;27
673200;;SUBMISSION;VEV_5100;XIREC;179.0;27
673300;;SUBMISSION;VEV_5000;XIREC;272.0;12
673300;;SUBMISSION;VEV_5000;XIREC;271.0;17
673300;;SUBMISSION;VEV_5100;XIREC;179.0;29
673400;;SUBMISSION;VEV_5000;XIREC;272.0;11
673400;;SUBMISSION;VEV_5000;XIREC;271.0;21
673400;;SUBMISSION;VEV_5100;XIREC;179.0;32
673500;;SUBMISSION;VEV_5000;XIREC;272.0;10
673500;;SUBMISSION;VEV_5000;XIREC;271.0;24
673500;;SUBMISSION;VEV_5100;XIREC;179.0;34
673600;;SUBMISSION;VEV_5000;XIREC;271.0;12
673600;;SUBMISSION;VEV_5100;XIREC;179.0;12
673600;;SUBMISSION;VEV_5100;XIREC;178.0;23
673600;;;VELVETFRUIT_EXTRACT;XIREC;5275.0;6
673700;;SUBMISSION;VEV_5100;XIREC;178.0;6
673700;;SUBMISSION;VEV_5100;XIREC;177.0;13
673800;;SUBMISSION;VEV_5100;XIREC;177.0;35
673900;;SUBMISSION;VEV_5100;XIREC;178.0;9
673900;;SUBMISSION;VEV_5100;XIREC;177.0;24
674000;;SUBMISSION;HYDROGEL_PACK;XIREC;10014.0;2
674000;;SUBMISSION;VEV_5100;XIREC;179.0;6
674000;;SUBMISSION;VEV_5100;XIREC;178.0;19
674100;;SUBMISSION;VEV_5100;XIREC;179.0;32
674200;;SUBMISSION;VEV_5100;XIREC;178.0;23
674300;;SUBMISSION;VEV_5100;XIREC;178.0;25
674400;;SUBMISSION;HYDROGEL_PACK;XIREC;10011.0;4
674400;;SUBMISSION;VEV_5100;XIREC;177.0;12
674400;;SUBMISSION;VEV_5100;XIREC;176.0;22
674500;;SUBMISSION;VEV_5100;XIREC;177.0;9
674500;;SUBMISSION;VEV_5100;XIREC;176.0;14
674600;;SUBMISSION;VEV_5100;XIREC;177.0;20
674900;;SUBMISSION;VEV_5200;XIREC;103.0;7
674900;;SUBMISSION;VEV_5200;XIREC;102.0;22
675300;;SUBMISSION;HYDROGEL_PACK;XIREC;10016.0;2
675600;;SUBMISSION;HYDROGEL_PACK;XIREC;10017.0;3
675600;;;VELVETFRUIT_EXTRACT;XIREC;5272.0;7
676600;;;VEV_4000;XIREC;1279.0;2
678700;;SUBMISSION;HYDROGEL_PACK;XIREC;10012.0;3
678700;;;HYDROGEL_PACK;XIREC;10013.0;3
678800;;SUBMISSION;VEV_5200;XIREC;103.0;29
678900;;SUBMISSION;VEV_5200;XIREC;103.0;9
678900;;SUBMISSION;VEV_5200;XIREC;102.0;14
679000;;SUBMISSION;VEV_5200;XIREC;103.0;22
679000;;;VELVETFRUIT_EXTRACT;XIREC;5273.0;5
679100;;SUBMISSION;VEV_5200;XIREC;103.0;22
679200;;SUBMISSION;VEV_5200;XIREC;103.0;10
679200;;SUBMISSION;VEV_5200;XIREC;102.0;18
679300;;SUBMISSION;VEV_5200;XIREC;103.0;30
679400;;SUBMISSION;VEV_5200;XIREC;104.0;23
679500;;SUBMISSION;VEV_5200;XIREC;105.0;11
679500;;SUBMISSION;VEV_5200;XIREC;104.0;15
679500;;SUBMISSION;VEV_5300;XIREC;51.0;9
679500;;SUBMISSION;VEV_5300;XIREC;50.0;10
679600;;SUBMISSION;VEV_5200;XIREC;105.0;6
679600;;SUBMISSION;VEV_5200;XIREC;104.0;24
679700;;SUBMISSION;VEV_5200;XIREC;105.0;24
679700;;SUBMISSION;VEV_5300;XIREC;51.0;17
679800;;SUBMISSION;VEV_5200;XIREC;105.0;9
679800;;SUBMISSION;VEV_5200;XIREC;104.0;23
679800;;SUBMISSION;VEV_5300;XIREC;51.0;7
679800;;SUBMISSION;VEV_5300;XIREC;50.0;10
679900;;SUBMISSION;VEV_5200;XIREC;105.0;12
679900;;SUBMISSION;VEV_5200;XIREC;104.0;22
679900;;SUBMISSION;VEV_5300;XIREC;51.0;8
679900;;SUBMISSION;VEV_5300;XIREC;50.0;12
680000;;SUBMISSION;VEV_5200;XIREC;104.0;29
680100;;SUBMISSION;VEV_5200;XIREC;104.0;12
680100;;SUBMISSION;VEV_5200;XIREC;103.0;18
680300;;SUBMISSION;VEV_5200;XIREC;103.0;8
680300;;SUBMISSION;VEV_5200;XIREC;102.0;20
680500;;SUBMISSION;VEV_5200;XIREC;103.0;9
680500;;SUBMISSION;VEV_5200;XIREC;102.0;14
680600;;SUBMISSION;VEV_5200;XIREC;103.0;30
680700;;SUBMISSION;VEV_5200;XIREC;104.0;9
680700;;SUBMISSION;VEV_5200;XIREC;103.0;15
680800;;SUBMISSION;VEV_5200;XIREC;104.0;8
680800;;SUBMISSION;VEV_5200;XIREC;103.0;17
681000;;SUBMISSION;HYDROGEL_PACK;XIREC;10009.0;2
681000;;SUBMISSION;VEV_5300;XIREC;51.0;24
681000;;;HYDROGEL_PACK;XIREC;10010.0;3
681200;;SUBMISSION;VEV_5300;XIREC;51.0;16
681300;;SUBMISSION;VEV_5300;XIREC;52.0;2
681300;;SUBMISSION;VEV_5300;XIREC;51.0;16
681400;;SUBMISSION;VEV_5300;XIREC;52.0;8
681400;;SUBMISSION;VEV_5300;XIREC;51.0;17
681500;;SUBMISSION;VEV_5300;XIREC;51.0;19
681600;;SUBMISSION;VEV_5300;XIREC;51.0;9
681600;;SUBMISSION;VEV_5300;XIREC;50.0;12
681700;;SUBMISSION;VEV_5300;XIREC;51.0;28
681800;;SUBMISSION;VEV_5300;XIREC;51.0;19
681900;;SUBMISSION;VEV_5300;XIREC;51.0;17
682000;;SUBMISSION;VEV_5300;XIREC;52.0;29
682100;;SUBMISSION;VEV_5300;XIREC;52.0;23
682200;;SUBMISSION;VEV_5300;XIREC;53.0;5
682200;;SUBMISSION;VEV_5300;XIREC;52.0;18
682300;;SUBMISSION;VEV_5300;XIREC;52.0;24
682400;;SUBMISSION;VEV_5300;XIREC;52.0;6
682400;;SUBMISSION;VEV_5300;XIREC;51.0;14
682500;;SUBMISSION;VEV_5300;XIREC;51.0;21
682600;;SUBMISSION;VEV_5300;XIREC;51.0;27
682700;;SUBMISSION;VEV_5300;XIREC;52.0;24
682800;;SUBMISSION;VEV_5300;XIREC;52.0;28
682800;;;VELVETFRUIT_EXTRACT;XIREC;5283.0;6
682900;;SUBMISSION;VEV_5300;XIREC;52.0;26
683000;;SUBMISSION;VEV_5300;XIREC;52.0;23
683100;;SUBMISSION;VEV_5300;XIREC;52.0;20
683200;;SUBMISSION;VEV_5300;XIREC;52.0;19
683300;;SUBMISSION;VEV_5300;XIREC;52.0;19
683400;;SUBMISSION;VEV_5300;XIREC;52.0;14
683900;;;VELVETFRUIT_EXTRACT;XIREC;5283.0;3
684500;;;VELVETFRUIT_EXTRACT;XIREC;5273.0;7
686100;SUBMISSION;;HYDROGEL_PACK;XIREC;9997.0;6
686400;;;VELVETFRUIT_EXTRACT;XIREC;5274.0;8
686700;;SUBMISSION;HYDROGEL_PACK;XIREC;10015.0;5
687700;;;VELVETFRUIT_EXTRACT;XIREC;5269.0;7
687700;;;VELVETFRUIT_EXTRACT;XIREC;5271.0;5
688500;;;VELVETFRUIT_EXTRACT;XIREC;5272.0;3
688600;;;VEV_5400;XIREC;16.0;2
688600;;;VEV_5500;XIREC;6.0;2
688600;;;VEV_6000;XIREC;0.0;2
688600;;;VEV_6500;XIREC;0.0;2
689700;SUBMISSION;;HYDROGEL_PACK;XIREC;9998.0;5
690500;;;VEV_4000;XIREC;1263.0;1
690600;;;VELVETFRUIT_EXTRACT;XIREC;5275.0;5
690800;SUBMISSION;;HYDROGEL_PACK;XIREC;9991.0;5
691100;;;VEV_5400;XIREC;15.0;5
691100;;;VEV_5500;XIREC;6.0;5
691100;;;VEV_6000;XIREC;0.0;5
691100;;;VEV_6500;XIREC;0.0;5
691200;;;VELVETFRUIT_EXTRACT;XIREC;5271.0;7
691600;SUBMISSION;;HYDROGEL_PACK;XIREC;9991.0;5
692000;;;VEV_4000;XIREC;1282.0;1
692100;;;VELVETFRUIT_EXTRACT;XIREC;5272.0;8
692500;;;VELVETFRUIT_EXTRACT;XIREC;5268.0;6
693900;;;VELVETFRUIT_EXTRACT;XIREC;5271.0;3
694400;;;VELVETFRUIT_EXTRACT;XIREC;5271.0;3
694500;;SUBMISSION;HYDROGEL_PACK;XIREC;10015.0;4
695800;;;VEV_5500;XIREC;5.0;5
695800;;;VEV_6000;XIREC;0.0;5
695800;;;VEV_6500;XIREC;0.0;5
696000;;SUBMISSION;HYDROGEL_PACK;XIREC;10015.0;2
697000;;SUBMISSION;HYDROGEL_PACK;XIREC;10016.0;4
697400;;SUBMISSION;HYDROGEL_PACK;XIREC;10017.0;2
698800;SUBMISSION;;HYDROGEL_PACK;XIREC;10000.0;2
699800;;;VEV_4000;XIREC;1260.0;3
700500;;;VELVETFRUIT_EXTRACT;XIREC;5264.0;10
701000;;;VELVETFRUIT_EXTRACT;XIREC;5263.0;4
702100;;;VELVETFRUIT_EXTRACT;XIREC;5265.0;5
702200;;;VELVETFRUIT_EXTRACT;XIREC;5260.0;3
704600;;;VELVETFRUIT_EXTRACT;XIREC;5265.0;8
705100;;;VELVETFRUIT_EXTRACT;XIREC;5267.0;7
705700;;;VELVETFRUIT_EXTRACT;XIREC;5261.0;4
705900;;SUBMISSION;HYDROGEL_PACK;XIREC;10031.0;6
707900;;;HYDROGEL_PACK;XIREC;10021.0;6
711200;;;VEV_4000;XIREC;1248.0;3
711900;;;VEV_5300;XIREC;43.0;3
711900;;;VEV_5400;XIREC;13.0;3
711900;;;VEV_5500;XIREC;5.0;3
711900;;;VEV_6000;XIREC;0.0;3
711900;;;VEV_6500;XIREC;0.0;3
713000;;;VELVETFRUIT_EXTRACT;XIREC;5255.0;8
715300;;;VELVETFRUIT_EXTRACT;XIREC;5244.0;8
715500;;;HYDROGEL_PACK;XIREC;10036.0;6
716900;;;HYDROGEL_PACK;XIREC;10028.0;3
717300;;;VELVETFRUIT_EXTRACT;XIREC;5244.0;12
719000;;;HYDROGEL_PACK;XIREC;10033.0;5
720500;;;VELVETFRUIT_EXTRACT;XIREC;5237.0;11
721200;;;VELVETFRUIT_EXTRACT;XIREC;5239.0;3
722300;;;VELVETFRUIT_EXTRACT;XIREC;5242.0;4
725900;SUBMISSION;;VEV_5200;XIREC;79.0;9
725900;SUBMISSION;;VEV_5200;XIREC;80.0;17
725900;SUBMISSION;;VEV_5300;XIREC;35.0;21
726000;SUBMISSION;;VEV_5200;XIREC;79.0;8
726000;SUBMISSION;;VEV_5200;XIREC;80.0;13
726000;SUBMISSION;;VEV_5300;XIREC;35.0;24
726100;SUBMISSION;;VEV_5300;XIREC;35.0;27
726100;;;VELVETFRUIT_EXTRACT;XIREC;5231.0;5
726200;SUBMISSION;;VEV_5100;XIREC;149.0;9
726200;SUBMISSION;;VEV_5100;XIREC;150.0;12
726200;SUBMISSION;;VEV_5200;XIREC;79.0;21
726200;SUBMISSION;;VEV_5300;XIREC;35.0;20
726300;SUBMISSION;;VEV_5000;XIREC;238.0;8
726300;SUBMISSION;;VEV_5000;XIREC;239.0;12
726300;SUBMISSION;;VEV_5100;XIREC;148.0;20
726300;SUBMISSION;;VEV_5200;XIREC;78.0;20
726300;SUBMISSION;;VEV_5300;XIREC;34.0;23
726400;SUBMISSION;;VEV_5000;XIREC;237.0;11
726400;SUBMISSION;;VEV_5000;XIREC;238.0;12
726400;SUBMISSION;;VEV_5100;XIREC;147.0;11
726400;SUBMISSION;;VEV_5100;XIREC;148.0;12
726400;SUBMISSION;;VEV_5200;XIREC;78.0;23
726400;SUBMISSION;;VEV_5300;XIREC;34.0;25
726500;SUBMISSION;;VEV_5000;XIREC;238.0;27
726500;SUBMISSION;;VEV_5100;XIREC;148.0;27
726500;SUBMISSION;;VEV_5200;XIREC;78.0;27
726500;SUBMISSION;;VEV_5300;XIREC;34.0;29
726600;SUBMISSION;;VEV_4000;XIREC;1229.0;2
726600;SUBMISSION;;VEV_4000;XIREC;1240.0;10
726600;SUBMISSION;;VEV_4000;XIREC;1243.0;29
726600;SUBMISSION;;VEV_4500;XIREC;729.0;2
726600;SUBMISSION;;VEV_4500;XIREC;738.0;10
726600;SUBMISSION;;VEV_4500;XIREC;740.0;19
726600;SUBMISSION;;VEV_5000;XIREC;234.0;2
726600;SUBMISSION;;VEV_5000;XIREC;237.0;10
726600;SUBMISSION;;VEV_5000;XIREC;238.0;19
726600;SUBMISSION;;VEV_5100;XIREC;145.0;2
726600;SUBMISSION;;VEV_5100;XIREC;147.0;29
726600;SUBMISSION;;VEV_5200;XIREC;76.0;2
726600;SUBMISSION;;VEV_5200;XIREC;78.0;29
726600;SUBMISSION;;VEV_5300;XIREC;33.0;2
726600;SUBMISSION;;VEV_5300;XIREC;34.0;27
726600;;;VEV_5400;XIREC;8.0;2
726600;;;VEV_5500;XIREC;3.0;2
726600;;;VEV_6000;XIREC;0.0;2
726600;;;VEV_6500;XIREC;0.0;2
726700;SUBMISSION;;VELVETFRUIT_EXTRACT;XIREC;5232.0;16
726700;SUBMISSION;;VELVETFRUIT_EXTRACT;XIREC;5233.0;34
726700;SUBMISSION;;VEV_4000;XIREC;1240.0;12
726700;SUBMISSION;;VEV_4000;XIREC;1242.0;29
726700;SUBMISSION;;VEV_4500;XIREC;737.0;6
726700;SUBMISSION;;VEV_4500;XIREC;739.0;23
726700;SUBMISSION;;VEV_5000;XIREC;237.0;29
726700;SUBMISSION;;VEV_5100;XIREC;147.0;29
726700;SUBMISSION;;VEV_5200;XIREC;77.0;6
726700;SUBMISSION;;VEV_5200;XIREC;78.0;23
726700;SUBMISSION;;VEV_5300;XIREC;34.0;27
726800;SUBMISSION;;VEV_5000;XIREC;238.0;21
726800;SUBMISSION;;VEV_5100;XIREC;148.0;21
726800;SUBMISSION;;VEV_5200;XIREC;78.0;21
726800;SUBMISSION;;VEV_5300;XIREC;34.0;25
726900;SUBMISSION;;VEV_5000;XIREC;238.0;21
726900;SUBMISSION;;VEV_5100;XIREC;148.0;21
726900;SUBMISSION;;VEV_5200;XIREC;78.0;21
726900;SUBMISSION;;VEV_5300;XIREC;34.0;27
727000;SUBMISSION;;VEV_5000;XIREC;238.0;6
727000;SUBMISSION;;VEV_5000;XIREC;239.0;12
727000;SUBMISSION;;VEV_5100;XIREC;148.0;18
727000;SUBMISSION;;VEV_5200;XIREC;78.0;6
727000;SUBMISSION;;VEV_5200;XIREC;79.0;12
727000;SUBMISSION;;VEV_5300;XIREC;34.0;8
727000;SUBMISSION;;VEV_5300;XIREC;35.0;18
727100;SUBMISSION;;VEV_5000;XIREC;238.0;6
727100;SUBMISSION;;VEV_5000;XIREC;239.0;15
727100;SUBMISSION;;VEV_5100;XIREC;148.0;21
727100;SUBMISSION;;VEV_5200;XIREC;78.0;21
727100;SUBMISSION;;VEV_5300;XIREC;34.0;18
727200;SUBMISSION;;VEV_5000;XIREC;238.0;10
727200;SUBMISSION;;VEV_5000;XIREC;239.0;19
727200;SUBMISSION;;VEV_5100;XIREC;148.0;10
727200;SUBMISSION;;VEV_5100;XIREC;149.0;19
727200;SUBMISSION;;VEV_5200;XIREC;78.0;10
727200;SUBMISSION;;VEV_5200;XIREC;79.0;19
727200;SUBMISSION;;VEV_5300;XIREC;34.0;8
727200;SUBMISSION;;VEV_5300;XIREC;35.0;15
727300;SUBMISSION;;VEV_5100;XIREC;149.0;27
727300;SUBMISSION;;VEV_5200;XIREC;79.0;27
727300;SUBMISSION;;VEV_5300;XIREC;35.0;17
727400;SUBMISSION;;VEV_5000;XIREC;238.0;7
727400;SUBMISSION;;VEV_5000;XIREC;239.0;16
727400;SUBMISSION;;VEV_5100;XIREC;148.0;23
727400;SUBMISSION;;VEV_5200;XIREC;78.0;23
727400;SUBMISSION;;VEV_5300;XIREC;34.0;25
727500;SUBMISSION;;VEV_5100;XIREC;149.0;9
727500;SUBMISSION;;VEV_5100;XIREC;150.0;23
727500;SUBMISSION;;VEV_5200;XIREC;79.0;32
727500;SUBMISSION;;VEV_5300;XIREC;35.0;24
727600;SUBMISSION;;VEV_5100;XIREC;149.0;31
727600;SUBMISSION;;VEV_5200;XIREC;79.0;31
727600;SUBMISSION;;VEV_5300;XIREC;35.0;27
727700;;SUBMISSION;HYDROGEL_PACK;XIREC;10039.0;5
727700;SUBMISSION;;VEV_5100;XIREC;149.0;25
727700;SUBMISSION;;VEV_5200;XIREC;79.0;25
727700;SUBMISSION;;VEV_5300;XIREC;35.0;27
727700;;;HYDROGEL_PACK;XIREC;10040.0;1
727800;SUBMISSION;;VEV_5000;XIREC;238.0;8
727800;SUBMISSION;;VEV_5000;XIREC;239.0;17
727800;SUBMISSION;;VEV_5100;XIREC;148.0;25
727800;SUBMISSION;;VEV_5200;XIREC;78.0;25
727800;SUBMISSION;;VEV_5300;XIREC;34.0;27
727900;SUBMISSION;;VEV_5100;XIREC;149.0;33
727900;SUBMISSION;;VEV_5200;XIREC;79.0;33
727900;SUBMISSION;;VEV_5300;XIREC;35.0;21
727900;;;VEV_4000;XIREC;1222.0;2
728000;SUBMISSION;;VEV_5100;XIREC;149.0;23
728000;SUBMISSION;;VEV_5200;XIREC;79.0;23
728000;SUBMISSION;;VEV_5300;XIREC;35.0;16
728100;SUBMISSION;;VEV_5100;XIREC;149.0;9
728100;SUBMISSION;;VEV_5100;XIREC;150.0;22
728100;SUBMISSION;;VEV_5200;XIREC;79.0;31
728100;SUBMISSION;;VEV_5300;XIREC;35.0;15
728200;SUBMISSION;;VEV_5300;XIREC;35.0;24
728300;SUBMISSION;;VEV_5200;XIREC;79.0;12
728300;SUBMISSION;;VEV_5200;XIREC;80.0;23
728300;SUBMISSION;;VEV_5300;XIREC;35.0;21
728400;SUBMISSION;;VEV_5100;XIREC;149.0;27
728400;SUBMISSION;;VEV_5200;XIREC;79.0;7
728400;SUBMISSION;;VEV_5300;XIREC;35.0;12
728500;SUBMISSION;;VEV_5100;XIREC;148.0;7
728500;SUBMISSION;;VEV_5100;XIREC;149.0;15
728600;SUBMISSION;;VEV_5100;XIREC;149.0;21
728700;SUBMISSION;;VEV_5100;XIREC;149.0;19
728900;SUBMISSION;;VELVETFRUIT_EXTRACT;XIREC;5229.0;9
728900;SUBMISSION;;VELVETFRUIT_EXTRACT;XIREC;5232.0;41
728900;SUBMISSION;;VEV_4000;XIREC;1239.0;15
728900;SUBMISSION;;VEV_4000;XIREC;1242.0;22
728900;SUBMISSION;;VEV_4500;XIREC;737.0;6
728900;SUBMISSION;;VEV_4500;XIREC;739.0;20
728900;SUBMISSION;;VEV_5000;XIREC;236.0;6
728900;SUBMISSION;;VEV_5000;XIREC;237.0;20
729000;SUBMISSION;;VEV_5000;XIREC;238.0;33
729100;SUBMISSION;;VEV_5000;XIREC;238.0;11
729100;SUBMISSION;;VEV_5000;XIREC;239.0;13
729400;SUBMISSION;;VELVETFRUIT_EXTRACT;XIREC;5232.0;16
729400;SUBMISSION;;VELVETFRUIT_EXTRACT;XIREC;5233.0;34
729400;SUBMISSION;;VEV_4000;XIREC;1240.0;10
729400;SUBMISSION;;VEV_4000;XIREC;1242.0;15
729400;SUBMISSION;;VEV_4500;XIREC;737.0;12
729400;SUBMISSION;;VEV_4500;XIREC;739.0;20
729400;SUBMISSION;;VEV_5000;XIREC;236.0;12
729400;SUBMISSION;;VEV_5000;XIREC;237.0;20
729500;SUBMISSION;;VELVETFRUIT_EXTRACT;XIREC;5230.0;50
729500;SUBMISSION;;VEV_4000;XIREC;1237.0;15
729500;SUBMISSION;;VEV_4000;XIREC;1240.0;26
729500;SUBMISSION;;VEV_4500;XIREC;735.0;12
729500;SUBMISSION;;VEV_4500;XIREC;737.0;13
729500;SUBMISSION;;VEV_5000;XIREC;234.0;12
729500;SUBMISSION;;VEV_5000;XIREC;235.0;13
729600;SUBMISSION;;VELVETFRUIT_EXTRACT;XIREC;5229.0;20
729600;SUBMISSION;;VELVETFRUIT_EXTRACT;XIREC;5230.0;30
729600;SUBMISSION;;VEV_4000;XIREC;1237.0;9
729600;SUBMISSION;;VEV_4000;XIREC;1239.0;18
729600;SUBMISSION;;VEV_4500;XIREC;734.0;6
729600;SUBMISSION;;VEV_4500;XIREC;736.0;15
729600;SUBMISSION;;VEV_5000;XIREC;234.0;21
729700;SUBMISSION;;VELVETFRUIT_EXTRACT;XIREC;5230.0;50
729700;SUBMISSION;;VEV_4000;XIREC;1238.0;10
729700;SUBMISSION;;VEV_4000;XIREC;1240.0;28
729700;SUBMISSION;;VEV_4500;XIREC;735.0;7
729700;SUBMISSION;;VEV_4500;XIREC;737.0;18
729700;SUBMISSION;;VEV_5000;XIREC;234.0;7
729700;SUBMISSION;;VEV_5000;XIREC;235.0;18
729800;SUBMISSION;;VELVETFRUIT_EXTRACT;XIREC;5229.0;50
729800;SUBMISSION;;VEV_4000;XIREC;1236.0;7
729800;SUBMISSION;;VEV_4000;XIREC;1239.0;18
729800;SUBMISSION;;VEV_4500;XIREC;734.0;11
729800;SUBMISSION;;VEV_4500;XIREC;736.0;17
729800;SUBMISSION;;VEV_5000;XIREC;233.0;11
729800;SUBMISSION;;VEV_5000;XIREC;234.0;17
729900;SUBMISSION;;VELVETFRUIT_EXTRACT;XIREC;5227.0;16
729900;SUBMISSION;;VELVETFRUIT_EXTRACT;XIREC;5228.0;34
729900;SUBMISSION;;VEV_4000;XIREC;1235.0;12
729900;SUBMISSION;;VEV_4000;XIREC;1237.0;25
729900;SUBMISSION;;VEV_4500;XIREC;732.0;10
729900;SUBMISSION;;VEV_4500;XIREC;734.0;15
729900;SUBMISSION;;VEV_5000;XIREC;232.0;10
729900;SUBMISSION;;VEV_5000;XIREC;233.0;15
730000;SUBMISSION;;VEV_4000;XIREC;1235.0;14
730000;SUBMISSION;;VEV_4000;XIREC;1238.0;30
730000;SUBMISSION;;VEV_4500;XIREC;733.0;9
730000;SUBMISSION;;VEV_4500;XIREC;734.0;18
730000;SUBMISSION;;VEV_5000;XIREC;232.0;9
730000;SUBMISSION;;VEV_5000;XIREC;233.0;18
730100;SUBMISSION;;VEV_4000;XIREC;1236.0;10
730100;SUBMISSION;;VEV_4000;XIREC;1238.0;21
730100;SUBMISSION;;VEV_4500;XIREC;733.0;6
730100;SUBMISSION;;VEV_4500;XIREC;735.0;14
730100;SUBMISSION;;VEV_5000;XIREC;233.0;6
730100;SUBMISSION;;VEV_5000;XIREC;234.0;14
730200;SUBMISSION;;VEV_4000;XIREC;1235.0;13
730200;SUBMISSION;;VEV_4000;XIREC;1238.0;26
730200;SUBMISSION;;VEV_4500;XIREC;733.0;7
730200;SUBMISSION;;VEV_4500;XIREC;734.0;15
730200;SUBMISSION;;VEV_5000;XIREC;232.0;7
730200;SUBMISSION;;VEV_5000;XIREC;233.0;15
730300;SUBMISSION;;VEV_4500;XIREC;733.0;6
730300;SUBMISSION;;VEV_4500;XIREC;735.0;12
730300;SUBMISSION;;VEV_5000;XIREC;232.0;4
730300;;;VELVETFRUIT_EXTRACT;XIREC;5223.0;5
730400;SUBMISSION;;VEV_4000;XIREC;1234.0;15
730400;SUBMISSION;;VEV_4000;XIREC;1237.0;30
730400;SUBMISSION;;VEV_4500;XIREC;732.0;6
730400;SUBMISSION;;VEV_4500;XIREC;733.0;19
730500;SUBMISSION;;VEV_4000;XIREC;1233.0;14
730500;SUBMISSION;;VEV_4000;XIREC;1236.0;16
730500;SUBMISSION;;VEV_4500;XIREC;731.0;10
730500;SUBMISSION;;VEV_4500;XIREC;733.0;19
730600;SUBMISSION;;VEV_4000;XIREC;1234.0;7
730600;SUBMISSION;;VEV_4000;XIREC;1236.0;18
730600;SUBMISSION;;VEV_4500;XIREC;731.0;7
730600;SUBMISSION;;VEV_4500;XIREC;733.0;18
730700;SUBMISSION;;VEV_4000;XIREC;1235.0;15
730700;SUBMISSION;;VEV_4000;XIREC;1237.0;25
730700;SUBMISSION;;VEV_4500;XIREC;732.0;7
730700;SUBMISSION;;VEV_4500;XIREC;734.0;16
730800;SUBMISSION;;VEV_4000;XIREC;1236.0;10
730800;SUBMISSION;;VEV_4000;XIREC;1238.0;24
730800;SUBMISSION;;VEV_4500;XIREC;733.0;6
730800;SUBMISSION;;VEV_4500;XIREC;735.0;15
730900;SUBMISSION;;VEV_4500;XIREC;734.0;6
730900;SUBMISSION;;VEV_4500;XIREC;735.0;22
731000;SUBMISSION;;VEV_4500;XIREC;735.0;9
731000;SUBMISSION;;VEV_4500;XIREC;737.0;14
731100;SUBMISSION;;VEV_4500;XIREC;737.0;10
731100;SUBMISSION;;VEV_4500;XIREC;739.0;21
731700;SUBMISSION;;VEV_4500;XIREC;737.0;7
731700;SUBMISSION;;VEV_4500;XIREC;739.0;18
733000;SUBMISSION;;VEV_4500;XIREC;737.0;8
733000;SUBMISSION;;VEV_4500;XIREC;739.0;19
733100;SUBMISSION;;VEV_4500;XIREC;737.0;10
733100;SUBMISSION;;VEV_4500;XIREC;739.0;4
733200;;;VEV_5400;XIREC;8.0;4
733200;;;VEV_5500;XIREC;3.0;4
733200;;;VEV_6000;XIREC;0.0;4
733200;;;VEV_6500;XIREC;0.0;4
734200;;SUBMISSION;HYDROGEL_PACK;XIREC;10028.0;2
734200;;;HYDROGEL_PACK;XIREC;10029.0;3
735100;;;VELVETFRUIT_EXTRACT;XIREC;5227.0;3
736100;;;VEV_4000;XIREC;1239.0;1
736200;;;HYDROGEL_PACK;XIREC;10004.0;6
737300;;SUBMISSION;HYDROGEL_PACK;XIREC;10013.0;1
737300;;;HYDROGEL_PACK;XIREC;10014.0;5
737500;;;VELVETFRUIT_EXTRACT;XIREC;5226.0;3
737600;;;VELVETFRUIT_EXTRACT;XIREC;5221.0;5
738000;;;VELVETFRUIT_EXTRACT;XIREC;5220.0;8
738500;;;VELVETFRUIT_EXTRACT;XIREC;5216.0;4
738800;;;VELVETFRUIT_EXTRACT;XIREC;5215.0;3
739000;SUBMISSION;;HYDROGEL_PACK;XIREC;9997.0;4
739600;;;VEV_4000;XIREC;1227.0;3
739900;;;VELVETFRUIT_EXTRACT;XIREC;5217.0;4
740000;SUBMISSION;;HYDROGEL_PACK;XIREC;10001.0;4
740300;;;VELVETFRUIT_EXTRACT;XIREC;5216.0;7
742000;;;VELVETFRUIT_EXTRACT;XIREC;5213.0;8
743500;;;HYDROGEL_PACK;XIREC;10003.0;5
744200;;;VELVETFRUIT_EXTRACT;XIREC;5208.0;8
746900;;;VEV_4000;XIREC;1221.0;1
747700;SUBMISSION;;HYDROGEL_PACK;XIREC;9989.0;3
748500;;;VEV_5300;XIREC;28.0;2
748500;;;VEV_5500;XIREC;2.0;2
748500;;;VEV_6000;XIREC;0.0;2
748500;;;VEV_6500;XIREC;0.0;2
749400;;SUBMISSION;HYDROGEL_PACK;XIREC;10015.0;4
749400;;;HYDROGEL_PACK;XIREC;10016.0;1
750200;;SUBMISSION;HYDROGEL_PACK;XIREC;10005.0;2
750200;;;HYDROGEL_PACK;XIREC;10006.0;1
751300;;;VELVETFRUIT_EXTRACT;XIREC;5211.0;5
752000;SUBMISSION;;HYDROGEL_PACK;XIREC;10004.0;9
752100;;SUBMISSION;HYDROGEL_PACK;XIREC;10011.0;3
752100;;;HYDROGEL_PACK;XIREC;10012.0;3
752300;;;VEV_4000;XIREC;1230.0;2
752500;SUBMISSION;;HYDROGEL_PACK;XIREC;9998.0;5
753400;;SUBMISSION;HYDROGEL_PACK;XIREC;10007.0;3
753400;;;HYDROGEL_PACK;XIREC;10008.0;1
755000;;;HYDROGEL_PACK;XIREC;10002.0;4
756000;;;VELVETFRUIT_EXTRACT;XIREC;5225.0;7
757200;;;VEV_4000;XIREC;1230.0;2
758100;;;VELVETFRUIT_EXTRACT;XIREC;5213.0;8
759500;;;HYDROGEL_PACK;XIREC;10016.0;2
761800;;;VELVETFRUIT_EXTRACT;XIREC;5224.0;7
762200;;;VEV_4000;XIREC;1236.0;2
762600;;;VELVETFRUIT_EXTRACT;XIREC;5225.0;6
762800;;;VELVETFRUIT_EXTRACT;XIREC;5231.0;6
763500;;;VEV_5400;XIREC;7.0;5
763500;;;VEV_5500;XIREC;2.0;5
763500;;;VEV_6000;XIREC;0.0;5
763500;;;VEV_6500;XIREC;0.0;5
764000;;;VEV_5300;XIREC;32.0;3
764000;;;VEV_5400;XIREC;8.0;3
764000;;;VEV_5500;XIREC;2.0;3
764000;;;VEV_6000;XIREC;0.0;3
764000;;;VEV_6500;XIREC;0.0;3
766000;;;VELVETFRUIT_EXTRACT;XIREC;5228.0;4
766500;;;HYDROGEL_PACK;XIREC;10039.0;4
767700;;SUBMISSION;HYDROGEL_PACK;XIREC;10042.0;6
771300;;SUBMISSION;HYDROGEL_PACK;XIREC;10050.0;4
771600;;;VELVETFRUIT_EXTRACT;XIREC;5230.0;12
771800;;;VELVETFRUIT_EXTRACT;XIREC;5237.0;6
773800;;;VELVETFRUIT_EXTRACT;XIREC;5234.0;8
774200;;;VEV_4000;XIREC;1243.0;2
775300;;;HYDROGEL_PACK;XIREC;10028.0;4
775500;;;VELVETFRUIT_EXTRACT;XIREC;5242.0;7
777200;;;VELVETFRUIT_EXTRACT;XIREC;5238.0;10
779200;;;VEV_5300;XIREC;37.0;4
779200;;;VEV_5400;XIREC;10.0;4
779200;;;VEV_5500;XIREC;3.0;4
779200;;;VEV_6000;XIREC;0.0;4
779200;;;VEV_6500;XIREC;0.0;4
779700;;;VELVETFRUIT_EXTRACT;XIREC;5243.0;4
780000;;SUBMISSION;HYDROGEL_PACK;XIREC;10034.0;3
781100;;;VELVETFRUIT_EXTRACT;XIREC;5241.0;7
781500;;;VELVETFRUIT_EXTRACT;XIREC;5235.0;7
781900;;;VELVETFRUIT_EXTRACT;XIREC;5235.0;5
783400;;;VELVETFRUIT_EXTRACT;XIREC;5238.0;6
784000;;;HYDROGEL_PACK;XIREC;10014.0;6
787000;;;VELVETFRUIT_EXTRACT;XIREC;5251.0;6
787400;;;HYDROGEL_PACK;XIREC;10012.0;5
791700;;;VELVETFRUIT_EXTRACT;XIREC;5243.0;6
792000;SUBMISSION;;HYDROGEL_PACK;XIREC;10003.0;11
793900;;;VELVETFRUIT_EXTRACT;XIREC;5243.0;5
793900;;;VEV_5400;XIREC;10.0;2
793900;;;VEV_5500;XIREC;3.0;2
793900;;;VEV_6000;XIREC;0.0;2
793900;;;VEV_6500;XIREC;0.0;2
795200;SUBMISSION;;HYDROGEL_PACK;XIREC;9992.0;2
795400;SUBMISSION;;HYDROGEL_PACK;XIREC;9979.0;6
795500;SUBMISSION;;HYDROGEL_PACK;XIREC;9993.0;1
796100;;;VELVETFRUIT_EXTRACT;XIREC;5245.0;5
796200;SUBMISSION;;HYDROGEL_PACK;XIREC;9991.0;4
796300;SUBMISSION;;HYDROGEL_PACK;XIREC;9989.0;8
796400;SUBMISSION;;HYDROGEL_PACK;XIREC;9989.0;8
796500;SUBMISSION;;HYDROGEL_PACK;XIREC;9993.0;1
796600;SUBMISSION;;HYDROGEL_PACK;XIREC;9991.0;4
796600;;;VELVETFRUIT_EXTRACT;XIREC;5244.0;7
796700;SUBMISSION;;HYDROGEL_PACK;XIREC;9991.0;4
796800;SUBMISSION;;HYDROGEL_PACK;XIREC;9993.0;1
796800;;;VEV_4000;XIREC;1228.0;1
797000;SUBMISSION;;HYDROGEL_PACK;XIREC;9992.0;3
797100;SUBMISSION;;HYDROGEL_PACK;XIREC;9991.0;5
797200;SUBMISSION;;HYDROGEL_PACK;XIREC;9989.0;8
797300;SUBMISSION;;HYDROGEL_PACK;XIREC;9992.0;3
797400;SUBMISSION;;HYDROGEL_PACK;XIREC;9992.0;3
797500;SUBMISSION;;HYDROGEL_PACK;XIREC;9992.0;3
798800;;;VELVETFRUIT_EXTRACT;XIREC;5241.0;12
798900;;;VELVETFRUIT_EXTRACT;XIREC;5245.0;8
799100;SUBMISSION;;HYDROGEL_PACK;XIREC;9991.0;5
800000;;;VEV_4000;XIREC;1260.0;1
802600;;;VELVETFRUIT_EXTRACT;XIREC;5252.0;7
802700;;SUBMISSION;HYDROGEL_PACK;XIREC;10013.0;4
803000;;;VELVETFRUIT_EXTRACT;XIREC;5257.0;3
804500;;SUBMISSION;HYDROGEL_PACK;XIREC;10019.0;5
805000;;;VELVETFRUIT_EXTRACT;XIREC;5259.0;3
805600;;;VEV_4000;XIREC;1246.0;2
806700;;SUBMISSION;VELVETFRUIT_EXTRACT;XIREC;5263.0;17
806700;;SUBMISSION;VELVETFRUIT_EXTRACT;XIREC;5262.0;33
806700;;SUBMISSION;VEV_4000;XIREC;1255.0;14
806700;;SUBMISSION;VEV_4000;XIREC;1252.0;17
806700;;SUBMISSION;VEV_4500;XIREC;757.0;8
806700;;SUBMISSION;VEV_4500;XIREC;755.0;19
807300;;;VELVETFRUIT_EXTRACT;XIREC;5263.0;6
808200;;;VEV_4000;XIREC;1253.0;2
808800;;;VEV_5300;XIREC;44.0;4
808800;;;VEV_5400;XIREC;12.0;4
808800;;;VEV_5500;XIREC;4.0;4
808800;;;VEV_6000;XIREC;0.0;4
808800;;;VEV_6500;XIREC;0.0;4
809100;;;VEV_4000;XIREC;1248.0;3
810000;;;VELVETFRUIT_EXTRACT;XIREC;5256.0;5
810800;;;VELVETFRUIT_EXTRACT;XIREC;5250.0;5
812300;;;VELVETFRUIT_EXTRACT;XIREC;5245.0;8
812600;;;VELVETFRUIT_EXTRACT;XIREC;5251.0;5
812700;;;HYDROGEL_PACK;XIREC;10005.0;3
813500;;;VELVETFRUIT_EXTRACT;XIREC;5240.0;4
814000;;SUBMISSION;HYDROGEL_PACK;XIREC;10016.0;2
814600;;SUBMISSION;HYDROGEL_PACK;XIREC;10019.0;8
815900;;;VELVETFRUIT_EXTRACT;XIREC;5246.0;3
816100;;SUBMISSION;HYDROGEL_PACK;XIREC;10021.0;4
816300;;SUBMISSION;HYDROGEL_PACK;XIREC;10024.0;8
816400;;SUBMISSION;HYDROGEL_PACK;XIREC;10025.0;2
816500;;SUBMISSION;HYDROGEL_PACK;XIREC;10026.0;2
816600;;SUBMISSION;HYDROGEL_PACK;XIREC;10027.0;2
816800;;;VEV_4000;XIREC;1253.0;3
818600;;SUBMISSION;HYDROGEL_PACK;XIREC;10038.0;3
819500;;;VELVETFRUIT_EXTRACT;XIREC;5248.0;7
819600;;;VEV_4000;XIREC;1241.0;3
822500;;;VELVETFRUIT_EXTRACT;XIREC;5255.0;5
823500;;;VELVETFRUIT_EXTRACT;XIREC;5254.0;8
823600;;;VEV_4000;XIREC;1241.0;3
824000;;;HYDROGEL_PACK;XIREC;10027.0;4
825200;;;VELVETFRUIT_EXTRACT;XIREC;5256.0;4
825500;;;VEV_4000;XIREC;1266.0;3
825600;;;VELVETFRUIT_EXTRACT;XIREC;5259.0;6
825700;;;VELVETFRUIT_EXTRACT;XIREC;5259.0;6
825900;;;VEV_5400;XIREC;12.0;2
825900;;;VEV_5500;XIREC;4.0;2
825900;;;VEV_6000;XIREC;0.0;2
825900;;;VEV_6500;XIREC;0.0;2
826400;;;VEV_5300;XIREC;42.0;4
826400;;;VEV_5400;XIREC;12.0;4
826400;;;VEV_5500;XIREC;4.0;4
826400;;;VEV_6000;XIREC;0.0;4
826400;;;VEV_6500;XIREC;0.0;4
827000;;;HYDROGEL_PACK;XIREC;10024.0;5
827300;;;VEV_4000;XIREC;1264.0;2
827900;;;VELVETFRUIT_EXTRACT;XIREC;5256.0;3
828400;;;VELVETFRUIT_EXTRACT;XIREC;5258.0;3
829800;;;VELVETFRUIT_EXTRACT;XIREC;5254.0;7
830600;;;HYDROGEL_PACK;XIREC;10024.0;3
831300;;;VELVETFRUIT_EXTRACT;XIREC;5257.0;3
832500;;SUBMISSION;HYDROGEL_PACK;XIREC;10022.0;2
833300;;;VEV_4000;XIREC;1265.0;2
833700;;;VELVETFRUIT_EXTRACT;XIREC;5258.0;5
834000;;;HYDROGEL_PACK;XIREC;10017.0;4
836300;;;VEV_5300;XIREC;43.0;4
836300;;;VEV_5400;XIREC;12.0;4
836300;;;VEV_5500;XIREC;4.0;4
836300;;;VEV_6000;XIREC;0.0;4
836300;;;VEV_6500;XIREC;0.0;4
836500;;;VELVETFRUIT_EXTRACT;XIREC;5256.0;4
840900;;;VELVETFRUIT_EXTRACT;XIREC;5255.0;8
840900;;;VELVETFRUIT_EXTRACT;XIREC;5256.0;11
841800;;;VELVETFRUIT_EXTRACT;XIREC;5258.0;8
842800;;;HYDROGEL_PACK;XIREC;10008.0;6
843300;;SUBMISSION;HYDROGEL_PACK;XIREC;10025.0;3
844300;;;VELVETFRUIT_EXTRACT;XIREC;5262.0;7
844700;;SUBMISSION;VELVETFRUIT_EXTRACT;XIREC;5262.0;17
844700;;SUBMISSION;VELVETFRUIT_EXTRACT;XIREC;5261.0;33
844700;;SUBMISSION;VEV_4000;XIREC;1254.0;7
844700;;SUBMISSION;VEV_4000;XIREC;1251.0;29
844700;;SUBMISSION;VEV_4500;XIREC;756.0;10
844700;;SUBMISSION;VEV_4500;XIREC;754.0;16
844800;;;VELVETFRUIT_EXTRACT;XIREC;5260.0;5
845400;;;VELVETFRUIT_EXTRACT;XIREC;5259.0;7
848300;;;VELVETFRUIT_EXTRACT;XIREC;5260.0;7
848400;;;VELVETFRUIT_EXTRACT;XIREC;5256.0;11
849400;SUBMISSION;;HYDROGEL_PACK;XIREC;9997.0;6
850200;;;VEV_4000;XIREC;1247.0;1
855100;;SUBMISSION;HYDROGEL_PACK;XIREC;10017.0;4
856600;SUBMISSION;;HYDROGEL_PACK;XIREC;10001.0;2
860300;;;VELVETFRUIT_EXTRACT;XIREC;5253.0;3
861000;;;VELVETFRUIT_EXTRACT;XIREC;5252.0;4
861200;;SUBMISSION;HYDROGEL_PACK;XIREC;10020.0;2
861800;SUBMISSION;;HYDROGEL_PACK;XIREC;9997.0;6
862900;;;VELVETFRUIT_EXTRACT;XIREC;5253.0;8
863200;;;VELVETFRUIT_EXTRACT;XIREC;5252.0;3
863300;SUBMISSION;;HYDROGEL_PACK;XIREC;9991.0;5
864200;SUBMISSION;;HYDROGEL_PACK;XIREC;9991.0;3
864300;;;VELVETFRUIT_EXTRACT;XIREC;5257.0;4
866200;SUBMISSION;;HYDROGEL_PACK;XIREC;9999.0;1
866200;;;HYDROGEL_PACK;XIREC;9999.0;3
866300;SUBMISSION;;HYDROGEL_PACK;XIREC;9999.0;1
866400;SUBMISSION;;HYDROGEL_PACK;XIREC;9999.0;1
866500;SUBMISSION;;HYDROGEL_PACK;XIREC;9999.0;1
866800;;;HYDROGEL_PACK;XIREC;10002.0;6
866900;;;HYDROGEL_PACK;XIREC;10001.0;2
867000;SUBMISSION;;HYDROGEL_PACK;XIREC;9999.0;1
867100;SUBMISSION;;HYDROGEL_PACK;XIREC;9992.0;6
867100;SUBMISSION;;HYDROGEL_PACK;XIREC;10001.0;1
867500;SUBMISSION;;HYDROGEL_PACK;XIREC;9993.0;6
869900;SUBMISSION;;HYDROGEL_PACK;XIREC;9988.0;2
870100;;;HYDROGEL_PACK;XIREC;10001.0;2
870300;SUBMISSION;;HYDROGEL_PACK;XIREC;9998.0;6
870400;SUBMISSION;;HYDROGEL_PACK;XIREC;9999.0;3
870400;;;HYDROGEL_PACK;XIREC;9999.0;4
871200;SUBMISSION;;HYDROGEL_PACK;XIREC;9994.0;6
872400;;;VELVETFRUIT_EXTRACT;XIREC;5248.0;15
872600;;;VEV_5300;XIREC;39.0;2
872600;;;VEV_5400;XIREC;10.0;2
872600;;;VEV_5500;XIREC;3.0;2
872600;;;VEV_6000;XIREC;0.0;2
872600;;;VEV_6500;XIREC;0.0;2
873100;SUBMISSION;;HYDROGEL_PACK;XIREC;10000.0;2
873200;SUBMISSION;;HYDROGEL_PACK;XIREC;10000.0;2
873300;SUBMISSION;;HYDROGEL_PACK;XIREC;9996.0;11
873300;SUBMISSION;;HYDROGEL_PACK;XIREC;9998.0;2
873400;SUBMISSION;;HYDROGEL_PACK;XIREC;9994.0;14
873400;SUBMISSION;;HYDROGEL_PACK;XIREC;9996.0;5
873500;SUBMISSION;;HYDROGEL_PACK;XIREC;9995.0;14
873500;SUBMISSION;;HYDROGEL_PACK;XIREC;9998.0;2
873600;SUBMISSION;;HYDROGEL_PACK;XIREC;9995.0;13
873600;SUBMISSION;;HYDROGEL_PACK;XIREC;9998.0;3
873700;SUBMISSION;;HYDROGEL_PACK;XIREC;9995.0;12
873700;SUBMISSION;;HYDROGEL_PACK;XIREC;9997.0;4
873800;SUBMISSION;;HYDROGEL_PACK;XIREC;9997.0;10
873900;SUBMISSION;;HYDROGEL_PACK;XIREC;9997.0;10
874000;SUBMISSION;;HYDROGEL_PACK;XIREC;9995.0;10
874000;SUBMISSION;;HYDROGEL_PACK;XIREC;9998.0;6
874100;SUBMISSION;;HYDROGEL_PACK;XIREC;9997.0;10
874200;SUBMISSION;;HYDROGEL_PACK;XIREC;9993.0;14
874200;SUBMISSION;;HYDROGEL_PACK;XIREC;9995.0;8
874300;SUBMISSION;;HYDROGEL_PACK;XIREC;9995.0;15
874300;SUBMISSION;;HYDROGEL_PACK;XIREC;9998.0;1
874400;SUBMISSION;;HYDROGEL_PACK;XIREC;9996.0;13
874500;SUBMISSION;;HYDROGEL_PACK;XIREC;9997.0;10
874600;SUBMISSION;;HYDROGEL_PACK;XIREC;9997.0;10
874700;SUBMISSION;;HYDROGEL_PACK;XIREC;9995.0;15
874700;SUBMISSION;;HYDROGEL_PACK;XIREC;9997.0;1
874800;SUBMISSION;;HYDROGEL_PACK;XIREC;9996.0;9
874800;;;VELVETFRUIT_EXTRACT;XIREC;5247.0;8
875300;SUBMISSION;;HYDROGEL_PACK;XIREC;9995.0;4
875400;SUBMISSION;;HYDROGEL_PACK;XIREC;9993.0;7
875900;;;VEV_4000;XIREC;1259.0;1
