timestamp,buyer,seller,symbol,currency,price,quantity
900,SUBMISSION,,VELVETFRUIT_EXTRACT,XIREC,5262.0,8
900,,,VELVETFRUIT_EXTRACT,XIREC,5262.0,8
1300,SUBMISSION,,VEV_4000,XIREC,1256.0,3
2700,,,VELVETFRUIT_EXTRACT,XIREC,5269.0,8
2900,,SUBMISSION,VELVETFRUIT_EXTRACT,XIREC,5271.0,8
3400,,SUBMISSION,HYDROGEL_PACK,XIREC,10023.0,11
3400,,SUBMISSION,HYDROGEL_PACK,XIREC,10021.0,25
4800,,SUBMISSION,VELVETFRUIT_EXTRACT,XIREC,5272.0,3
5500,,SUBMISSION,VELVETFRUIT_EXTRACT,XIREC,5273.0,63
5600,,SUBMISSION,VELVETFRUIT_EXTRACT,XIREC,5273.0,68
5700,,SUBMISSION,VELVETFRUIT_EXTRACT,XIREC,5273.0,66
5700,,,VELVETFRUIT_EXTRACT,XIREC,5273.0,5
9000,,SUBMISSION,VEV_4000,XIREC,1273.0,1
9100,SUBMISSION,,VELVETFRUIT_EXTRACT,XIREC,5266.0,9
9500,SUBMISSION,,VELVETFRUIT_EXTRACT,XIREC,5266.0,67
9600,SUBMISSION,,VELVETFRUIT_EXTRACT,XIREC,5265.0,20
9600,SUBMISSION,,VELVETFRUIT_EXTRACT,XIREC,5266.0,46
9700,SUBMISSION,,VELVETFRUIT_EXTRACT,XIREC,5265.0,23
9700,SUBMISSION,,VELVETFRUIT_EXTRACT,XIREC,5266.0,43
9800,SUBMISSION,,VELVETFRUIT_EXTRACT,XIREC,5265.0,16
9800,SUBMISSION,,VELVETFRUIT_EXTRACT,XIREC,5266.0,31
9900,SUBMISSION,,VELVETFRUIT_EXTRACT,XIREC,5265.0,60
9900,SUBMISSION,,VELVETFRUIT_EXTRACT,XIREC,5262.0,5
10000,SUBMISSION,,VELVETFRUIT_EXTRACT,XIREC,5265.0,18
10000,SUBMISSION,,VELVETFRUIT_EXTRACT,XIREC,5266.0,30
10100,SUBMISSION,,VELVETFRUIT_EXTRACT,XIREC,5266.0,32
10200,,,HYDROGEL_PACK,XIREC,10017.0,6
10700,,,VELVETFRUIT_EXTRACT,XIREC,5265.0,4
11200,,SUBMISSION,HYDROGEL_PACK,XIREC,10029.0,4
12100,,,VELVETFRUIT_EXTRACT,XIREC,5268.0,5
12600,,,VELVETFRUIT_EXTRACT,XIREC,5264.0,3
13100,SUBMISSION,,VEV_5400,XIREC,16.0,3
13100,SUBMISSION,,VEV_5500,XIREC,6.0,3
13100,,,VEV_6000,XIREC,0.0,3
13100,,,VEV_6500,XIREC,0.0,3
13900,,SUBMISSION,VELVETFRUIT_EXTRACT,XIREC,5268.0,4
15700,,SUBMISSION,HYDROGEL_PACK,XIREC,10034.0,2
16300,,SUBMISSION,VELVETFRUIT_EXTRACT,XIREC,5274.0,5
17200,,SUBMISSION,VELVETFRUIT_EXTRACT,XIREC,5272.0,64
17300,,SUBMISSION,VELVETFRUIT_EXTRACT,XIREC,5273.0,22
17300,,SUBMISSION,VELVETFRUIT_EXTRACT,XIREC,5272.0,30
17400,,SUBMISSION,VELVETFRUIT_EXTRACT,XIREC,5274.0,17
17400,,SUBMISSION,VELVETFRUIT_EXTRACT,XIREC,5273.0,49
17400,,,VELVETFRUIT_EXTRACT,XIREC,5274.0,3
17500,,SUBMISSION,VELVETFRUIT_EXTRACT,XIREC,5274.0,19
17500,,SUBMISSION,VELVETFRUIT_EXTRACT,XIREC,5273.0,40
19100,,SUBMISSION,HYDROGEL_PACK,XIREC,10019.0,6
19700,SUBMISSION,,VELVETFRUIT_EXTRACT,XIREC,5266.0,13
20900,SUBMISSION,,VEV_5300,XIREC,53.0,5
20900,SUBMISSION,,VEV_5400,XIREC,17.0,5
20900,SUBMISSION,,VEV_5500,XIREC,7.0,5
20900,,,VEV_6000,XIREC,0.0,5
20900,,,VEV_6500,XIREC,0.0,5
22300,SUBMISSION,,HYDROGEL_PACK,XIREC,10001.0,4
23100,SUBMISSION,,VELVETFRUIT_EXTRACT,XIREC,5265.0,4
23200,SUBMISSION,,HYDROGEL_PACK,XIREC,10003.0,7
23300,SUBMISSION,,HYDROGEL_PACK,XIREC,10008.0,12
23400,SUBMISSION,,VELVETFRUIT_EXTRACT,XIREC,5266.0,58
23500,SUBMISSION,,VEV_5400,XIREC,16.0,2
23500,SUBMISSION,,VEV_5500,XIREC,6.0,2
23500,,,VEV_6000,XIREC,0.0,2
23500,,,VEV_6500,XIREC,0.0,2
23600,SUBMISSION,,HYDROGEL_PACK,XIREC,10008.0,15
23600,SUBMISSION,,VELVETFRUIT_EXTRACT,XIREC,5265.0,18
23600,SUBMISSION,,VELVETFRUIT_EXTRACT,XIREC,5266.0,31
23800,SUBMISSION,,VELVETFRUIT_EXTRACT,XIREC,5266.0,18
24100,SUBMISSION,,HYDROGEL_PACK,XIREC,10007.0,12
24200,SUBMISSION,,HYDROGEL_PACK,XIREC,10004.0,11
24200,SUBMISSION,,HYDROGEL_PACK,XIREC,10007.0,30
24300,SUBMISSION,,HYDROGEL_PACK,XIREC,10005.0,12
24300,SUBMISSION,,HYDROGEL_PACK,XIREC,10007.0,30
24400,SUBMISSION,,HYDROGEL_PACK,XIREC,9997.0,9
24400,SUBMISSION,,HYDROGEL_PACK,XIREC,10006.0,14
24400,SUBMISSION,,HYDROGEL_PACK,XIREC,10008.0,20
24500,SUBMISSION,,HYDROGEL_PACK,XIREC,10003.0,11
24500,SUBMISSION,,HYDROGEL_PACK,XIREC,10006.0,24
24600,SUBMISSION,,HYDROGEL_PACK,XIREC,10003.0,14
24600,SUBMISSION,,HYDROGEL_PACK,XIREC,10005.0,23
24600,SUBMISSION,,VELVETFRUIT_EXTRACT,XIREC,5265.0,5
25500,SUBMISSION,,VELVETFRUIT_EXTRACT,XIREC,5265.0,6
26500,,SUBMISSION,VELVETFRUIT_EXTRACT,XIREC,5269.0,6
28000,SUBMISSION,,VELVETFRUIT_EXTRACT,XIREC,5265.0,23
29200,,,HYDROGEL_PACK,XIREC,9993.0,4
29500,SUBMISSION,,VEV_5400,XIREC,16.0,2
29500,SUBMISSION,,VEV_5500,XIREC,6.0,2
29500,,,VEV_6000,XIREC,0.0,2
29500,,,VEV_6500,XIREC,0.0,2
30300,SUBMISSION,,VELVETFRUIT_EXTRACT,XIREC,5265.0,25
30400,SUBMISSION,,VELVETFRUIT_EXTRACT,XIREC,5265.0,55
32500,,,VELVETFRUIT_EXTRACT,XIREC,5266.0,4
33300,,SUBMISSION,VELVETFRUIT_EXTRACT,XIREC,5270.0,7
34100,,SUBMISSION,VEV_4000,XIREC,1277.0,1
35700,,SUBMISSION,VELVETFRUIT_EXTRACT,XIREC,5269.0,3
35800,SUBMISSION,,VELVETFRUIT_EXTRACT,XIREC,5265.0,7
36100,,SUBMISSION,VELVETFRUIT_EXTRACT,XIREC,5270.0,4
38400,SUBMISSION,,VELVETFRUIT_EXTRACT,XIREC,5266.0,7
38400,,,VELVETFRUIT_EXTRACT,XIREC,5265.0,1
39500,SUBMISSION,,VEV_4000,XIREC,1259.0,2
41100,,,HYDROGEL_PACK,XIREC,9998.0,6
41500,SUBMISSION,,VEV_5000,XIREC,258.0,11
41500,SUBMISSION,,VEV_5000,XIREC,259.0,15
41500,SUBMISSION,,VEV_5100,XIREC,168.0,26
41500,SUBMISSION,,VEV_5200,XIREC,96.0,26
41600,SUBMISSION,,VEV_5000,XIREC,258.0,30
41600,SUBMISSION,,VEV_5100,XIREC,167.0,11
41600,SUBMISSION,,VEV_5100,XIREC,168.0,19
41600,SUBMISSION,,VEV_5200,XIREC,95.0,30
41600,SUBMISSION,,VEV_5300,XIREC,47.0,20
41700,SUBMISSION,,VEV_5000,XIREC,258.0,11
41700,SUBMISSION,,VEV_5000,XIREC,259.0,19
41700,SUBMISSION,,VEV_5100,XIREC,168.0,30
41700,SUBMISSION,,VEV_5200,XIREC,95.0,11
41700,SUBMISSION,,VEV_5200,XIREC,96.0,19
41700,,,VELVETFRUIT_EXTRACT,XIREC,5254.0,5
41900,SUBMISSION,,VEV_4000,XIREC,1250.0,2
41900,SUBMISSION,,VEV_4000,XIREC,1261.0,15
41900,SUBMISSION,,VEV_4000,XIREC,1263.0,13
41900,SUBMISSION,,VEV_4500,XIREC,750.0,2
41900,SUBMISSION,,VEV_4500,XIREC,758.0,10
41900,SUBMISSION,,VEV_4500,XIREC,760.0,18
41900,SUBMISSION,,VEV_5000,XIREC,254.0,2
41900,SUBMISSION,,VEV_5000,XIREC,257.0,10
41900,SUBMISSION,,VEV_5000,XIREC,258.0,18
41900,SUBMISSION,,VEV_5100,XIREC,164.0,2
41900,SUBMISSION,,VEV_5100,XIREC,167.0,28
41900,SUBMISSION,,VEV_5200,XIREC,93.0,2
41900,SUBMISSION,,VEV_5200,XIREC,95.0,28
41900,SUBMISSION,,VEV_5300,XIREC,45.0,2
41900,SUBMISSION,,VEV_5300,XIREC,46.0,15
41900,SUBMISSION,,VEV_5400,XIREC,13.0,2
41900,SUBMISSION,,VEV_5500,XIREC,5.0,2
41900,,,VEV_6000,XIREC,0.0,2
41900,,,VEV_6500,XIREC,0.0,2
42000,SUBMISSION,,VEV_4500,XIREC,757.0,9
42000,SUBMISSION,,VEV_4500,XIREC,759.0,20
42000,SUBMISSION,,VEV_5000,XIREC,256.0,9
42000,SUBMISSION,,VEV_5000,XIREC,257.0,20
42000,SUBMISSION,,VEV_5100,XIREC,166.0,29
42000,SUBMISSION,,VEV_5200,XIREC,94.0,29
42000,SUBMISSION,,VEV_5300,XIREC,46.0,22
42000,,,VELVETFRUIT_EXTRACT,XIREC,5247.0,8
42100,SUBMISSION,,VEV_5000,XIREC,258.0,7
42100,SUBMISSION,,VEV_5000,XIREC,259.0,20
42100,SUBMISSION,,VEV_5100,XIREC,167.0,7
42100,SUBMISSION,,VEV_5100,XIREC,168.0,20
42100,SUBMISSION,,VEV_5200,XIREC,95.0,7
42100,SUBMISSION,,VEV_5200,XIREC,96.0,20
42100,SUBMISSION,,VEV_5300,XIREC,47.0,22
42900,SUBMISSION,,VEV_4000,XIREC,1253.0,4
42900,SUBMISSION,,VEV_4000,XIREC,1264.0,11
42900,SUBMISSION,,VEV_4000,XIREC,1266.0,15
42900,SUBMISSION,,VEV_5400,XIREC,14.0,4
42900,SUBMISSION,,VEV_5500,XIREC,5.0,4
42900,,,VEV_6000,XIREC,0.0,4
42900,,,VEV_6500,XIREC,0.0,4
43000,,,VELVETFRUIT_EXTRACT,XIREC,5250.0,8
43800,SUBMISSION,,VEV_5000,XIREC,257.0,7
43800,SUBMISSION,,VEV_5000,XIREC,258.0,12
43800,SUBMISSION,,VEV_5100,XIREC,167.0,19
43800,SUBMISSION,,VEV_5200,XIREC,95.0,19
43800,SUBMISSION,,VEV_5300,XIREC,46.0,19
43900,SUBMISSION,,VEV_5100,XIREC,167.0,7
43900,SUBMISSION,,VEV_5100,XIREC,168.0,17
43900,SUBMISSION,,VEV_5200,XIREC,95.0,24
43900,SUBMISSION,,VEV_5300,XIREC,46.0,8
43900,SUBMISSION,,VEV_5300,XIREC,47.0,13
44000,,,HYDROGEL_PACK,XIREC,9978.0,4
44700,,,VELVETFRUIT_EXTRACT,XIREC,5255.0,8
44900,,,VELVETFRUIT_EXTRACT,XIREC,5257.0,14
45100,SUBMISSION,,VEV_5400,XIREC,15.0,5
45100,SUBMISSION,,VEV_5500,XIREC,5.0,5
45100,,,HYDROGEL_PACK,XIREC,9991.0,3
45100,,,VEV_6000,XIREC,0.0,5
45100,,,VEV_6500,XIREC,0.0,5
46800,,,VELVETFRUIT_EXTRACT,XIREC,5256.0,8
48100,,,VELVETFRUIT_EXTRACT,XIREC,5261.0,7
48400,,,VELVETFRUIT_EXTRACT,XIREC,5258.0,5
49400,,,HYDROGEL_PACK,XIREC,9958.0,4
49800,,,HYDROGEL_PACK,XIREC,9960.0,3
50200,SUBMISSION,,VEV_4000,XIREC,1254.0,3
52600,,,VELVETFRUIT_EXTRACT,XIREC,5263.0,8
52900,SUBMISSION,,VEV_5500,XIREC,6.0,5
52900,,,VEV_6000,XIREC,0.0,5
52900,,,VEV_6500,XIREC,0.0,5
53200,,,VELVETFRUIT_EXTRACT,XIREC,5264.0,5
53600,,,VELVETFRUIT_EXTRACT,XIREC,5257.0,5
57300,SUBMISSION,,VEV_5000,XIREC,256.0,30
57300,SUBMISSION,,VEV_5100,XIREC,165.0,9
57300,SUBMISSION,,VEV_5100,XIREC,166.0,21
57300,SUBMISSION,,VEV_5200,XIREC,94.0,30
57300,SUBMISSION,,VEV_5300,XIREC,45.0,18
57400,SUBMISSION,,VEV_5000,XIREC,255.0,12
57400,SUBMISSION,,VEV_5000,XIREC,256.0,18
57400,SUBMISSION,,VEV_5100,XIREC,165.0,12
57400,SUBMISSION,,VEV_5100,XIREC,166.0,18
57400,SUBMISSION,,VEV_5200,XIREC,94.0,30
57400,SUBMISSION,,VEV_5300,XIREC,45.0,18
57500,SUBMISSION,,VEV_5100,XIREC,166.0,20
57500,SUBMISSION,,VEV_5200,XIREC,94.0,20
57500,SUBMISSION,,VEV_5300,XIREC,45.0,5
57500,SUBMISSION,,VEV_5300,XIREC,46.0,17
57600,SUBMISSION,,VEV_5000,XIREC,255.0,10
57600,SUBMISSION,,VEV_5000,XIREC,256.0,20
57600,SUBMISSION,,VEV_5300,XIREC,45.0,29
57700,SUBMISSION,,VEV_5000,XIREC,255.0,9
57700,SUBMISSION,,VEV_5000,XIREC,256.0,5
57700,SUBMISSION,,VEV_5300,XIREC,45.0,24
57800,SUBMISSION,,VEV_5300,XIREC,45.0,22
57900,SUBMISSION,,VEV_5300,XIREC,45.0,24
58000,SUBMISSION,,VEV_5300,XIREC,45.0,12
58300,,,HYDROGEL_PACK,XIREC,9963.0,6
58700,SUBMISSION,,VEV_4000,XIREC,1256.0,7
58700,SUBMISSION,,VEV_4000,XIREC,1258.0,16
58700,SUBMISSION,,VEV_4500,XIREC,753.0,6
58700,SUBMISSION,,VEV_4500,XIREC,755.0,18
58800,SUBMISSION,,VEV_4000,XIREC,1254.0,10
58800,SUBMISSION,,VEV_4000,XIREC,1256.0,17
58800,SUBMISSION,,VEV_4500,XIREC,751.0,7
58800,SUBMISSION,,VEV_4500,XIREC,753.0,22
58800,SUBMISSION,,VEV_5500,XIREC,5.0,25
58900,SUBMISSION,,VEV_4000,XIREC,1253.0,12
58900,SUBMISSION,,VEV_4000,XIREC,1255.0,18
58900,SUBMISSION,,VEV_4500,XIREC,750.0,10
58900,SUBMISSION,,VEV_4500,XIREC,752.0,20
58900,SUBMISSION,,VEV_5500,XIREC,5.0,25
59000,SUBMISSION,,VEV_4000,XIREC,1253.0,8
59000,SUBMISSION,,VEV_4000,XIREC,1256.0,18
59000,SUBMISSION,,VEV_4500,XIREC,751.0,8
59000,SUBMISSION,,VEV_4500,XIREC,753.0,20
59000,SUBMISSION,,VEV_5500,XIREC,5.0,26
59100,SUBMISSION,,VEV_4000,XIREC,1253.0,7
59100,SUBMISSION,,VEV_4000,XIREC,1255.0,23
59100,SUBMISSION,,VEV_4500,XIREC,750.0,11
59100,SUBMISSION,,VEV_4500,XIREC,752.0,13
59100,SUBMISSION,,VEV_5400,XIREC,13.0,24
59100,SUBMISSION,,VEV_5500,XIREC,5.0,24
59200,SUBMISSION,,VEV_4000,XIREC,1252.0,12
59200,SUBMISSION,,VEV_4000,XIREC,1254.0,18
59200,SUBMISSION,,VEV_4500,XIREC,749.0,6
59200,SUBMISSION,,VEV_4500,XIREC,751.0,22
59200,SUBMISSION,,VEV_5400,XIREC,13.0,28
59200,,,VELVETFRUIT_EXTRACT,XIREC,5244.0,8
59300,SUBMISSION,,VEV_4000,XIREC,1253.0,11
59300,SUBMISSION,,VEV_4000,XIREC,1256.0,19
59300,SUBMISSION,,VEV_4500,XIREC,751.0,8
59300,SUBMISSION,,VEV_4500,XIREC,753.0,22
59400,SUBMISSION,,VEV_4000,XIREC,1253.0,13
59400,SUBMISSION,,VEV_4000,XIREC,1255.0,15
59400,SUBMISSION,,VEV_4500,XIREC,750.0,8
59400,SUBMISSION,,VEV_4500,XIREC,752.0,13
59500,SUBMISSION,,VEV_4000,XIREC,1252.0,5
59500,SUBMISSION,,VEV_4500,XIREC,749.0,7
59500,SUBMISSION,,VEV_4500,XIREC,751.0,12
59500,SUBMISSION,,VEV_5400,XIREC,13.0,21
59600,SUBMISSION,,VEV_4500,XIREC,749.0,3
59600,SUBMISSION,,VEV_5400,XIREC,13.0,17
59700,SUBMISSION,,VEV_5400,XIREC,13.0,21
59900,SUBMISSION,,VEV_5400,XIREC,13.0,19
60300,SUBMISSION,,VEV_5400,XIREC,13.0,24
60700,,,HYDROGEL_PACK,XIREC,9973.0,5
63800,,SUBMISSION,VEV_4000,XIREC,1257.0,3
64300,,,VELVETFRUIT_EXTRACT,XIREC,5249.0,3
67600,,SUBMISSION,VELVETFRUIT_EXTRACT,XIREC,5261.0,4
68600,SUBMISSION,,VELVETFRUIT_EXTRACT,XIREC,5258.0,4
70000,,,VELVETFRUIT_EXTRACT,XIREC,5255.0,6
70400,,,VELVETFRUIT_EXTRACT,XIREC,5260.0,5
70900,,,HYDROGEL_PACK,XIREC,9994.0,2
71500,,,VELVETFRUIT_EXTRACT,XIREC,5251.0,4
71800,,,HYDROGEL_PACK,XIREC,9975.0,5
72700,,,HYDROGEL_PACK,XIREC,9988.0,3
73100,,,VELVETFRUIT_EXTRACT,XIREC,5256.0,7
73200,,,VELVETFRUIT_EXTRACT,XIREC,5254.0,5
75200,SUBMISSION,,VEV_5300,XIREC,46.0,4
75200,SUBMISSION,,VEV_5400,XIREC,14.0,4
75200,SUBMISSION,,VEV_5500,XIREC,5.0,4
75200,,,VEV_6000,XIREC,0.0,4
75200,,,VEV_6500,XIREC,0.0,4
76700,,,VELVETFRUIT_EXTRACT,XIREC,5258.0,4
78700,,,HYDROGEL_PACK,XIREC,9939.0,3
79300,SUBMISSION,,VEV_5300,XIREC,47.0,1
79300,SUBMISSION,,VEV_5400,XIREC,14.0,5
79300,SUBMISSION,,VEV_5500,XIREC,5.0,5
79300,,,VEV_5300,XIREC,47.0,4
79300,,,VEV_6000,XIREC,0.0,5
79300,,,VEV_6500,XIREC,0.0,5
80800,,SUBMISSION,VEV_4000,XIREC,1269.0,1
82100,,SUBMISSION,VELVETFRUIT_EXTRACT,XIREC,5269.0,5
83000,,SUBMISSION,VELVETFRUIT_EXTRACT,XIREC,5270.0,6
84100,,SUBMISSION,VELVETFRUIT_EXTRACT,XIREC,5271.0,8
84400,,SUBMISSION,VELVETFRUIT_EXTRACT,XIREC,5272.0,5
84700,,SUBMISSION,VELVETFRUIT_EXTRACT,XIREC,5273.0,19
84700,,SUBMISSION,VELVETFRUIT_EXTRACT,XIREC,5272.0,44
84800,,SUBMISSION,VELVETFRUIT_EXTRACT,XIREC,5275.0,5
85500,,SUBMISSION,VELVETFRUIT_EXTRACT,XIREC,5272.0,8
85500,,,HYDROGEL_PACK,XIREC,9954.0,2
86300,,SUBMISSION,VELVETFRUIT_EXTRACT,XIREC,5267.0,21
90100,,,HYDROGEL_PACK,XIREC,9931.0,3
91700,,,HYDROGEL_PACK,XIREC,9929.0,2
91700,,,VELVETFRUIT_EXTRACT,XIREC,5264.0,8
92600,,SUBMISSION,VELVETFRUIT_EXTRACT,XIREC,5270.0,4
95100,,,VELVETFRUIT_EXTRACT,XIREC,5262.0,8
97200,,SUBMISSION,VELVETFRUIT_EXTRACT,XIREC,5264.0,7
97400,SUBMISSION,,VELVETFRUIT_EXTRACT,XIREC,5259.0,5
97600,,,HYDROGEL_PACK,XIREC,9937.0,2
98600,SUBMISSION,,VEV_4000,XIREC,1260.0,1
99300,SUBMISSION,,VELVETFRUIT_EXTRACT,XIREC,5262.0,8
101000,SUBMISSION,,VELVETFRUIT_EXTRACT,XIREC,5260.0,69
101200,SUBMISSION,,VELVETFRUIT_EXTRACT,XIREC,5259.0,11
101800,,,HYDROGEL_PACK,XIREC,9984.0,3
102400,,,HYDROGEL_PACK,XIREC,9984.0,3
102600,SUBMISSION,,VEV_5400,XIREC,16.0,2
102600,SUBMISSION,,VEV_5500,XIREC,6.0,2
102600,,,VEV_6000,XIREC,0.0,2
102600,,,VEV_6500,XIREC,0.0,2
103300,SUBMISSION,,VEV_4000,XIREC,1259.0,1
103500,,,VELVETFRUIT_EXTRACT,XIREC,5263.0,8
103700,SUBMISSION,,VEV_4000,XIREC,1259.0,3
104000,SUBMISSION,,VELVETFRUIT_EXTRACT,XIREC,5260.0,8
104500,,,HYDROGEL_PACK,XIREC,9984.0,2
105500,SUBMISSION,,VEV_5500,XIREC,5.0,5
105500,,,VEV_5300,XIREC,47.0,5
105500,,,VEV_6000,XIREC,0.0,5
105500,,,VEV_6500,XIREC,0.0,5
106300,,,VELVETFRUIT_EXTRACT,XIREC,5262.0,7
108800,,SUBMISSION,VELVETFRUIT_EXTRACT,XIREC,5263.0,3
109100,SUBMISSION,,VEV_4000,XIREC,1259.0,1
109400,,SUBMISSION,VELVETFRUIT_EXTRACT,XIREC,5265.0,6
109600,,,HYDROGEL_PACK,XIREC,9990.0,6
109800,,SUBMISSION,VELVETFRUIT_EXTRACT,XIREC,5266.0,3
110500,,,VELVETFRUIT_EXTRACT,XIREC,5262.0,8
111300,,SUBMISSION,VELVETFRUIT_EXTRACT,XIREC,5262.0,7
111900,SUBMISSION,,VEV_4000,XIREC,1257.0,2
112600,SUBMISSION,,VELVETFRUIT_EXTRACT,XIREC,5257.0,10
112600,SUBMISSION,,VELVETFRUIT_EXTRACT,XIREC,5257.0,10
113300,SUBMISSION,,VELVETFRUIT_EXTRACT,XIREC,5259.0,30
114500,,,HYDROGEL_PACK,XIREC,9994.0,5
114700,,SUBMISSION,VEV_4000,XIREC,1264.0,2
116800,,SUBMISSION,VEV_4000,XIREC,1263.0,2
118100,,,VELVETFRUIT_EXTRACT,XIREC,5260.0,3
122900,,,VELVETFRUIT_EXTRACT,XIREC,5258.0,8
124900,,SUBMISSION,HYDROGEL_PACK,XIREC,10021.0,3
126800,,SUBMISSION,HYDROGEL_PACK,XIREC,10014.0,2
129300,,,VELVETFRUIT_EXTRACT,XIREC,5255.0,8
129300,,,VELVETFRUIT_EXTRACT,XIREC,5255.0,5
129400,,SUBMISSION,HYDROGEL_PACK,XIREC,10008.0,4
129600,,,VELVETFRUIT_EXTRACT,XIREC,5255.0,6
129700,SUBMISSION,,VEV_5400,XIREC,14.0,4
129700,SUBMISSION,,VEV_5500,XIREC,5.0,4
129700,,,VEV_5300,XIREC,46.0,4
129700,,,VEV_6000,XIREC,0.0,4
129700,,,VEV_6500,XIREC,0.0,4
130100,,,VELVETFRUIT_EXTRACT,XIREC,5256.0,5
130300,,,VELVETFRUIT_EXTRACT,XIREC,5252.0,6
133000,,,VELVETFRUIT_EXTRACT,XIREC,5260.0,7
134300,,,VELVETFRUIT_EXTRACT,XIREC,5255.0,9
135500,,,VELVETFRUIT_EXTRACT,XIREC,5259.0,7
137000,,,HYDROGEL_PACK,XIREC,10007.0,3
138200,,SUBMISSION,HYDROGEL_PACK,XIREC,10016.0,10
138200,,SUBMISSION,HYDROGEL_PACK,XIREC,10014.0,17
138700,,SUBMISSION,VELVETFRUIT_EXTRACT,XIREC,5261.0,3
139300,SUBMISSION,,VELVETFRUIT_EXTRACT,XIREC,5256.0,3
140500,,,VELVETFRUIT_EXTRACT,XIREC,5257.0,6
140900,SUBMISSION,,VEV_4000,XIREC,1251.0,1
141500,,SUBMISSION,HYDROGEL_PACK,XIREC,10020.0,12
141500,,SUBMISSION,HYDROGEL_PACK,XIREC,10017.0,20
141600,,SUBMISSION,HYDROGEL_PACK,XIREC,10020.0,13
141600,,SUBMISSION,HYDROGEL_PACK,XIREC,10017.0,27
141700,,SUBMISSION,HYDROGEL_PACK,XIREC,10021.0,15
141700,,SUBMISSION,HYDROGEL_PACK,XIREC,10018.0,24
142300,,SUBMISSION,VELVETFRUIT_EXTRACT,XIREC,5259.0,6
143100,,SUBMISSION,VELVETFRUIT_EXTRACT,XIREC,5260.0,7
143800,SUBMISSION,,HYDROGEL_PACK,XIREC,9997.0,5
144300,,SUBMISSION,VELVETFRUIT_EXTRACT,XIREC,5265.0,6
144400,SUBMISSION,,VEV_4000,XIREC,1258.0,1
145100,,SUBMISSION,HYDROGEL_PACK,XIREC,10011.0,5
145400,SUBMISSION,,HYDROGEL_PACK,XIREC,9996.0,2
145800,SUBMISSION,,VEV_4000,XIREC,1262.0,1
147200,,,VELVETFRUIT_EXTRACT,XIREC,5259.0,8
149900,,,HYDROGEL_PACK,XIREC,10007.0,3
150400,,SUBMISSION,VEV_4000,XIREC,1273.0,1
150600,,SUBMISSION,HYDROGEL_PACK,XIREC,10027.0,4
151400,,,HYDROGEL_PACK,XIREC,10014.0,3
151600,,,HYDROGEL_PACK,XIREC,10014.0,6
152700,,SUBMISSION,VELVETFRUIT_EXTRACT,XIREC,5272.0,59
153100,,SUBMISSION,VEV_4000,XIREC,1279.0,3
153200,,,HYDROGEL_PACK,XIREC,10008.0,5
154300,,SUBMISSION,VELVETFRUIT_EXTRACT,XIREC,5274.0,6
155100,,SUBMISSION,VELVETFRUIT_EXTRACT,XIREC,5276.0,8
155200,,SUBMISSION,VELVETFRUIT_EXTRACT,XIREC,5273.0,20
155200,,SUBMISSION,VELVETFRUIT_EXTRACT,XIREC,5272.0,44
155300,,SUBMISSION,VELVETFRUIT_EXTRACT,XIREC,5272.0,44
155300,,SUBMISSION,VELVETFRUIT_EXTRACT,XIREC,5276.0,3
155700,,SUBMISSION,VELVETFRUIT_EXTRACT,XIREC,5276.0,4
155800,,SUBMISSION,VELVETFRUIT_EXTRACT,XIREC,5274.0,18
155800,,SUBMISSION,VELVETFRUIT_EXTRACT,XIREC,5273.0,47
155800,,,VELVETFRUIT_EXTRACT,XIREC,5274.0,7
155900,,SUBMISSION,VEV_4000,XIREC,1280.0,2
156200,,SUBMISSION,VELVETFRUIT_EXTRACT,XIREC,5274.0,25
156200,,SUBMISSION,VELVETFRUIT_EXTRACT,XIREC,5273.0,33
156200,,SUBMISSION,VELVETFRUIT_EXTRACT,XIREC,5274.0,14
156300,,SUBMISSION,VELVETFRUIT_EXTRACT,XIREC,5274.0,56
156500,,SUBMISSION,VEV_5100,XIREC,185.0,10
156500,,SUBMISSION,VEV_5100,XIREC,184.0,13
157000,,SUBMISSION,HYDROGEL_PACK,XIREC,10023.0,4
157400,,,VELVETFRUIT_EXTRACT,XIREC,5272.0,13
160400,,SUBMISSION,HYDROGEL_PACK,XIREC,10021.0,13
160400,,SUBMISSION,HYDROGEL_PACK,XIREC,10019.0,18
160500,,SUBMISSION,HYDROGEL_PACK,XIREC,10022.0,14
160500,,SUBMISSION,HYDROGEL_PACK,XIREC,10020.0,18
161100,,SUBMISSION,HYDROGEL_PACK,XIREC,10027.0,4
164000,,SUBMISSION,VEV_5000,XIREC,279.0,8
164000,,SUBMISSION,VEV_5000,XIREC,278.0,18
164000,,SUBMISSION,VEV_5100,XIREC,187.0,26
164000,,SUBMISSION,VEV_5200,XIREC,111.0,26
164000,,SUBMISSION,VEV_5300,XIREC,56.0,25
164100,,SUBMISSION,VEV_5000,XIREC,279.0,8
164100,,SUBMISSION,VEV_5000,XIREC,278.0,22
164100,,SUBMISSION,VEV_5100,XIREC,187.0,30
164100,,SUBMISSION,VEV_5200,XIREC,111.0,30
164100,,SUBMISSION,VEV_5300,XIREC,56.0,5
164100,,SUBMISSION,VEV_5300,XIREC,55.0,16
164100,,,VELVETFRUIT_EXTRACT,XIREC,5282.0,5
164200,,SUBMISSION,VEV_4000,XIREC,1270.0,11
164200,,SUBMISSION,VEV_4000,XIREC,1267.0,19
164200,,SUBMISSION,VEV_4500,XIREC,772.0,12
164200,,SUBMISSION,VEV_4500,XIREC,770.0,12
164200,,SUBMISSION,VEV_5000,XIREC,279.0,12
164200,,SUBMISSION,VEV_5000,XIREC,278.0,12
164200,,SUBMISSION,VEV_5100,XIREC,188.0,12
164200,,SUBMISSION,VEV_5100,XIREC,187.0,12
164200,,SUBMISSION,VEV_5200,XIREC,111.0,24
164200,,SUBMISSION,VEV_5300,XIREC,56.0,25
164200,,,VELVETFRUIT_EXTRACT,XIREC,5278.0,7
164300,,SUBMISSION,VEV_4000,XIREC,1271.0,10
164300,,SUBMISSION,VEV_4000,XIREC,1268.0,20
164300,,SUBMISSION,VEV_4500,XIREC,773.0,7
164300,,SUBMISSION,VEV_4500,XIREC,771.0,16
164300,,SUBMISSION,VEV_5000,XIREC,281.0,7
164300,,SUBMISSION,VEV_5000,XIREC,280.0,16
164300,,SUBMISSION,VEV_5100,XIREC,189.0,7
164300,,SUBMISSION,VEV_5100,XIREC,188.0,16
164300,,SUBMISSION,VEV_5200,XIREC,112.0,23
164300,,SUBMISSION,VEV_5300,XIREC,56.0,22
164400,,SUBMISSION,VEV_4000,XIREC,1270.0,9
164400,,SUBMISSION,VEV_4000,XIREC,1267.0,21
164400,,SUBMISSION,VEV_4500,XIREC,772.0,10
164400,,SUBMISSION,VEV_4500,XIREC,770.0,13
164400,,SUBMISSION,VEV_5000,XIREC,280.0,10
164400,,SUBMISSION,VEV_5000,XIREC,279.0,13
164400,,SUBMISSION,VEV_5100,XIREC,188.0,23
164400,,SUBMISSION,VEV_5200,XIREC,111.0,23
164400,,SUBMISSION,VEV_5300,XIREC,56.0,18
164500,,SUBMISSION,VEV_4000,XIREC,1270.0,15
164500,,SUBMISSION,VEV_4000,XIREC,1268.0,15
164500,,SUBMISSION,VEV_4500,XIREC,773.0,10
164500,,SUBMISSION,VEV_4500,XIREC,771.0,20
164500,,SUBMISSION,VEV_5000,XIREC,280.0,10
164500,,SUBMISSION,VEV_5000,XIREC,279.0,20
164500,,SUBMISSION,VEV_5100,XIREC,188.0,30
164500,,SUBMISSION,VEV_5200,XIREC,112.0,10
164500,,SUBMISSION,VEV_5200,XIREC,111.0,20
164500,,SUBMISSION,VEV_5300,XIREC,56.0,17
164600,,SUBMISSION,HYDROGEL_PACK,XIREC,10023.0,10
164600,,SUBMISSION,HYDROGEL_PACK,XIREC,10021.0,18
164600,,SUBMISSION,VEV_4000,XIREC,1271.0,8
164600,,SUBMISSION,VEV_4000,XIREC,1269.0,22
164600,,SUBMISSION,VEV_4500,XIREC,774.0,6
164600,,SUBMISSION,VEV_4500,XIREC,772.0,14
164600,,SUBMISSION,VEV_5000,XIREC,281.0,6
164600,,SUBMISSION,VEV_5000,XIREC,280.0,14
164600,,SUBMISSION,VEV_5100,XIREC,189.0,20
164600,,SUBMISSION,VEV_5200,XIREC,112.0,20
164600,,SUBMISSION,VEV_5300,XIREC,57.0,6
164600,,SUBMISSION,VEV_5300,XIREC,56.0,13
164600,,,HYDROGEL_PACK,XIREC,10023.0,6
164700,,SUBMISSION,VEV_5000,XIREC,279.0,11
164700,,SUBMISSION,VEV_5000,XIREC,278.0,19
164700,,SUBMISSION,VEV_5100,XIREC,188.0,11
164700,,SUBMISSION,VEV_5100,XIREC,187.0,19
164700,,SUBMISSION,VEV_5200,XIREC,111.0,30
164700,,SUBMISSION,VEV_5300,XIREC,56.0,15
164800,,SUBMISSION,VEV_5000,XIREC,279.0,25
164800,,SUBMISSION,VEV_5100,XIREC,188.0,7
164800,,SUBMISSION,VEV_5100,XIREC,187.0,18
164800,,SUBMISSION,VEV_5200,XIREC,111.0,25
164800,,SUBMISSION,VEV_5300,XIREC,56.0,26
164900,,SUBMISSION,VEV_5000,XIREC,279.0,25
164900,,SUBMISSION,VEV_5100,XIREC,188.0,11
164900,,SUBMISSION,VEV_5100,XIREC,187.0,14
164900,,SUBMISSION,VEV_5200,XIREC,111.0,25
164900,,SUBMISSION,VEV_5300,XIREC,56.0,25
165000,,SUBMISSION,VEV_5000,XIREC,278.0,10
165000,,SUBMISSION,VEV_5000,XIREC,277.0,12
165000,,SUBMISSION,VEV_5100,XIREC,186.0,22
165000,,SUBMISSION,VEV_5200,XIREC,110.0,22
165300,,SUBMISSION,VEV_5100,XIREC,186.0,10
165300,,SUBMISSION,VEV_5100,XIREC,185.0,19
165700,,,VELVETFRUIT_EXTRACT,XIREC,5273.0,10
166700,,SUBMISSION,VEV_4000,XIREC,1278.0,3
169000,,SUBMISSION,HYDROGEL_PACK,XIREC,10027.0,2
169000,SUBMISSION,,VEV_5300,XIREC,52.0,3
169000,SUBMISSION,,VEV_5400,XIREC,16.0,3
169000,SUBMISSION,,VEV_5500,XIREC,6.0,3
169000,,,VEV_6000,XIREC,0.0,3
169000,,,VEV_6500,XIREC,0.0,3
169200,,SUBMISSION,HYDROGEL_PACK,XIREC,10024.0,5
169200,SUBMISSION,,VEV_4000,XIREC,1266.0,3
169900,,,VELVETFRUIT_EXTRACT,XIREC,5267.0,3
170100,,SUBMISSION,HYDROGEL_PACK,XIREC,10019.0,4
170500,,,VELVETFRUIT_EXTRACT,XIREC,5272.0,7
171500,,,VELVETFRUIT_EXTRACT,XIREC,5271.0,7
171800,SUBMISSION,,VEV_5400,XIREC,17.0,5
171800,SUBMISSION,,VEV_5500,XIREC,7.0,5
171800,,,VEV_6000,XIREC,0.0,5
171800,,,VEV_6500,XIREC,0.0,5
172600,,,VELVETFRUIT_EXTRACT,XIREC,5276.0,8
174000,,,VELVETFRUIT_EXTRACT,XIREC,5278.0,6
174500,,SUBMISSION,VEV_5100,XIREC,186.0,28
174700,,SUBMISSION,VEV_5100,XIREC,186.0,10
174700,,SUBMISSION,VEV_5100,XIREC,185.0,20
174800,,SUBMISSION,VEV_5000,XIREC,278.0,8
174800,,SUBMISSION,VEV_5000,XIREC,277.0,14
174800,,SUBMISSION,VEV_5100,XIREC,186.0,22
175000,,,VELVETFRUIT_EXTRACT,XIREC,5279.0,4
175300,,SUBMISSION,VEV_5100,XIREC,186.0,24
175400,,SUBMISSION,VEV_5100,XIREC,186.0,25
175500,,SUBMISSION,VEV_5100,XIREC,186.0,25
175600,,SUBMISSION,VEV_5100,XIREC,186.0,27
176100,,SUBMISSION,VEV_5100,XIREC,186.0,24
176200,,SUBMISSION,VEV_5000,XIREC,279.0,12
176200,,SUBMISSION,VEV_5000,XIREC,278.0,18
176200,,SUBMISSION,VEV_5100,XIREC,187.0,30
176200,,SUBMISSION,VEV_5200,XIREC,110.0,30
176300,,SUBMISSION,VEV_5000,XIREC,278.0,30
176300,,SUBMISSION,VEV_5100,XIREC,187.0,7
176300,,SUBMISSION,VEV_5100,XIREC,186.0,18
176400,,SUBMISSION,VEV_5000,XIREC,278.0,7
176400,,SUBMISSION,VEV_5000,XIREC,277.0,16
176500,,SUBMISSION,VEV_5000,XIREC,279.0,12
176500,,SUBMISSION,VEV_5000,XIREC,278.0,12
176500,,SUBMISSION,VEV_5200,XIREC,111.0,12
176500,,SUBMISSION,VEV_5200,XIREC,110.0,12
176600,,SUBMISSION,VEV_5000,XIREC,279.0,12
176600,,SUBMISSION,VEV_5000,XIREC,278.0,17
176600,,SUBMISSION,VEV_5200,XIREC,111.0,29
176700,,SUBMISSION,VEV_5000,XIREC,279.0,9
176700,,SUBMISSION,VEV_5000,XIREC,278.0,20
176700,,SUBMISSION,VEV_5200,XIREC,110.0,29
176800,,SUBMISSION,VEV_5000,XIREC,280.0,6
176800,,SUBMISSION,VEV_5000,XIREC,279.0,12
176800,,SUBMISSION,VEV_5200,XIREC,111.0,18
176900,,SUBMISSION,VEV_5000,XIREC,280.0,7
176900,,SUBMISSION,VEV_5000,XIREC,279.0,14
176900,,SUBMISSION,VEV_5200,XIREC,111.0,21
176900,,SUBMISSION,VEV_5300,XIREC,56.0,26
177000,,SUBMISSION,VEV_5000,XIREC,279.0,10
177000,,SUBMISSION,VEV_5000,XIREC,278.0,19
177000,,SUBMISSION,VEV_5200,XIREC,111.0,10
177000,,SUBMISSION,VEV_5200,XIREC,110.0,19
177100,,SUBMISSION,VEV_5000,XIREC,278.0,21
177100,,SUBMISSION,VEV_5200,XIREC,110.0,21
177100,,,HYDROGEL_PACK,XIREC,10011.0,3
178100,,,HYDROGEL_PACK,XIREC,10007.0,3
178200,,,VELVETFRUIT_EXTRACT,XIREC,5272.0,3
179100,,,VELVETFRUIT_EXTRACT,XIREC,5275.0,8
181600,SUBMISSION,,HYDROGEL_PACK,XIREC,9997.0,5
183900,SUBMISSION,,VELVETFRUIT_EXTRACT,XIREC,5263.0,9
184200,SUBMISSION,,VELVETFRUIT_EXTRACT,XIREC,5264.0,23
184400,SUBMISSION,,VELVETFRUIT_EXTRACT,XIREC,5264.0,52
184500,SUBMISSION,,VELVETFRUIT_EXTRACT,XIREC,5264.0,54
184600,SUBMISSION,,VELVETFRUIT_EXTRACT,XIREC,5264.0,54
184700,SUBMISSION,,VELVETFRUIT_EXTRACT,XIREC,5264.0,25
185000,SUBMISSION,,VELVETFRUIT_EXTRACT,XIREC,5264.0,16
185100,SUBMISSION,,VELVETFRUIT_EXTRACT,XIREC,5264.0,53
185500,SUBMISSION,,VELVETFRUIT_EXTRACT,XIREC,5262.0,19
185500,SUBMISSION,,VELVETFRUIT_EXTRACT,XIREC,5263.0,43
185500,,,VELVETFRUIT_EXTRACT,XIREC,5262.0,5
185600,SUBMISSION,,VELVETFRUIT_EXTRACT,XIREC,5263.0,52
188200,,,VELVETFRUIT_EXTRACT,XIREC,5255.0,3
188500,SUBMISSION,,HYDROGEL_PACK,XIREC,9999.0,14
188600,SUBMISSION,,HYDROGEL_PACK,XIREC,9994.0,14
188600,SUBMISSION,,HYDROGEL_PACK,XIREC,9997.0,24
188700,SUBMISSION,,HYDROGEL_PACK,XIREC,9992.0,14
188700,SUBMISSION,,HYDROGEL_PACK,XIREC,9995.0,21
188800,SUBMISSION,,HYDROGEL_PACK,XIREC,9990.0,11
188800,SUBMISSION,,HYDROGEL_PACK,XIREC,9992.0,23
188900,SUBMISSION,,HYDROGEL_PACK,XIREC,9988.0,10
188900,SUBMISSION,,HYDROGEL_PACK,XIREC,9991.0,20
189000,SUBMISSION,,HYDROGEL_PACK,XIREC,9990.0,10
189000,SUBMISSION,,HYDROGEL_PACK,XIREC,9993.0,26
189100,SUBMISSION,,HYDROGEL_PACK,XIREC,9989.0,13
189100,SUBMISSION,,HYDROGEL_PACK,XIREC,9992.0,22
189100,SUBMISSION,,VEV_5300,XIREC,47.0,4
189100,SUBMISSION,,VEV_5400,XIREC,14.0,4
189100,SUBMISSION,,VEV_5500,XIREC,6.0,4
189100,,,VEV_6000,XIREC,0.0,4
189100,,,VEV_6500,XIREC,0.0,4
189200,SUBMISSION,,HYDROGEL_PACK,XIREC,9991.0,11
189200,SUBMISSION,,HYDROGEL_PACK,XIREC,9994.0,21
189700,,,VELVETFRUIT_EXTRACT,XIREC,5257.0,6
190900,,SUBMISSION,VEV_4000,XIREC,1265.0,1
192700,SUBMISSION,,VEV_4000,XIREC,1258.0,2
193400,,,HYDROGEL_PACK,XIREC,9993.0,4
194700,,,VELVETFRUIT_EXTRACT,XIREC,5262.0,10
194900,,,VELVETFRUIT_EXTRACT,XIREC,5257.0,6
195200,,SUBMISSION,VEV_4000,XIREC,1265.0,2
195500,,,VELVETFRUIT_EXTRACT,XIREC,5264.0,6
195600,,,HYDROGEL_PACK,XIREC,9972.0,5
196700,,,VELVETFRUIT_EXTRACT,XIREC,5261.0,6
196800,SUBMISSION,,VEV_4000,XIREC,1258.0,2
199400,,,VELVETFRUIT_EXTRACT,XIREC,5262.0,8
200400,SUBMISSION,,VEV_4000,XIREC,1257.0,1
201300,,,VELVETFRUIT_EXTRACT,XIREC,5259.0,6
201500,SUBMISSION,,VEV_4000,XIREC,1253.0,1
202300,SUBMISSION,,VEV_4000,XIREC,1254.0,1
203500,,,VELVETFRUIT_EXTRACT,XIREC,5263.0,4
204400,SUBMISSION,,VEV_5300,XIREC,47.0,5
204400,SUBMISSION,,VEV_5400,XIREC,14.0,5
204400,SUBMISSION,,VEV_5500,XIREC,6.0,5
204400,,,VEV_6000,XIREC,0.0,5
204400,,,VEV_6500,XIREC,0.0,5
205000,,,VELVETFRUIT_EXTRACT,XIREC,5263.0,5
206000,,SUBMISSION,VELVETFRUIT_EXTRACT,XIREC,5267.0,6
206200,,,HYDROGEL_PACK,XIREC,9992.0,3
206600,,,HYDROGEL_PACK,XIREC,9976.0,3
206700,,,HYDROGEL_PACK,XIREC,9981.0,5
207000,,SUBMISSION,VELVETFRUIT_EXTRACT,XIREC,5267.0,15
209400,,,VELVETFRUIT_EXTRACT,XIREC,5265.0,4
211400,,,VELVETFRUIT_EXTRACT,XIREC,5264.0,7
212100,,SUBMISSION,VELVETFRUIT_EXTRACT,XIREC,5270.0,4
212100,SUBMISSION,,VEV_4000,XIREC,1262.0,2
212200,,SUBMISSION,VELVETFRUIT_EXTRACT,XIREC,5266.0,5
212900,,,VELVETFRUIT_EXTRACT,XIREC,5266.0,5
217200,SUBMISSION,,VELVETFRUIT_EXTRACT,XIREC,5263.0,4
217800,SUBMISSION,,VELVETFRUIT_EXTRACT,XIREC,5261.0,6
219200,,,HYDROGEL_PACK,XIREC,9954.0,4
220600,SUBMISSION,,VELVETFRUIT_EXTRACT,XIREC,5261.0,4
220800,,SUBMISSION,VELVETFRUIT_EXTRACT,XIREC,5265.0,6
221200,,,HYDROGEL_PACK,XIREC,9963.0,6
221300,SUBMISSION,,VELVETFRUIT_EXTRACT,XIREC,5258.0,9
221300,SUBMISSION,,VELVETFRUIT_EXTRACT,XIREC,5262.0,13
224300,,,HYDROGEL_PACK,XIREC,9942.0,4
225500,SUBMISSION,,VEV_5300,XIREC,50.0,5
225500,SUBMISSION,,VEV_5400,XIREC,16.0,5
225500,SUBMISSION,,VEV_5500,XIREC,6.0,5
225500,,,VEV_6000,XIREC,0.0,5
225500,,,VEV_6500,XIREC,0.0,5
229400,,,VELVETFRUIT_EXTRACT,XIREC,5260.0,7
231600,,,VELVETFRUIT_EXTRACT,XIREC,5262.0,5
231900,,SUBMISSION,VEV_4000,XIREC,1270.0,2
232000,,SUBMISSION,VELVETFRUIT_EXTRACT,XIREC,5266.0,8
233000,,,HYDROGEL_PACK,XIREC,9927.0,3
235600,,SUBMISSION,VELVETFRUIT_EXTRACT,XIREC,5271.0,22
235600,,SUBMISSION,VELVETFRUIT_EXTRACT,XIREC,5270.0,32
235700,,,HYDROGEL_PACK,XIREC,9906.0,6
235800,,SUBMISSION,VELVETFRUIT_EXTRACT,XIREC,5271.0,18
235800,,SUBMISSION,VELVETFRUIT_EXTRACT,XIREC,5270.0,43
235900,,SUBMISSION,VELVETFRUIT_EXTRACT,XIREC,5272.0,19
235900,,SUBMISSION,VELVETFRUIT_EXTRACT,XIREC,5271.0,46
237400,,SUBMISSION,VELVETFRUIT_EXTRACT,XIREC,5272.0,6
237600,,SUBMISSION,VELVETFRUIT_EXTRACT,XIREC,5270.0,8
237700,,SUBMISSION,VELVETFRUIT_EXTRACT,XIREC,5272.0,8
238900,,,HYDROGEL_PACK,XIREC,9910.0,4
239300,,,HYDROGEL_PACK,XIREC,9909.0,2
239400,SUBMISSION,,VEV_5400,XIREC,15.0,2
239400,SUBMISSION,,VEV_5500,XIREC,6.0,2
239400,,,HYDROGEL_PACK,XIREC,9910.0,4
239400,,,VEV_6000,XIREC,0.0,2
239400,,,VEV_6500,XIREC,0.0,2
239800,,,HYDROGEL_PACK,XIREC,9925.0,5
241500,,SUBMISSION,VELVETFRUIT_EXTRACT,XIREC,5271.0,46
241600,,SUBMISSION,VELVETFRUIT_EXTRACT,XIREC,5274.0,16
241600,,SUBMISSION,VELVETFRUIT_EXTRACT,XIREC,5273.0,47
241700,,SUBMISSION,VELVETFRUIT_EXTRACT,XIREC,5273.0,64
241800,,SUBMISSION,VELVETFRUIT_EXTRACT,XIREC,5273.0,17
242100,,,VELVETFRUIT_EXTRACT,XIREC,5276.0,8
243500,,,VELVETFRUIT_EXTRACT,XIREC,5274.0,4
243800,,,HYDROGEL_PACK,XIREC,9919.0,4
244900,,,VELVETFRUIT_EXTRACT,XIREC,5276.0,4
247300,,SUBMISSION,VEV_4000,XIREC,1276.0,4
247300,,SUBMISSION,VEV_4000,XIREC,1266.0,9
247300,,SUBMISSION,VEV_4000,XIREC,1264.0,17
249400,,SUBMISSION,VEV_4000,XIREC,1281.0,3
249800,SUBMISSION,,VEV_4000,XIREC,1272.0,2
253000,SUBMISSION,,VEV_5400,XIREC,16.0,3
253000,SUBMISSION,,VEV_5500,XIREC,6.0,3
253000,,,VEV_6000,XIREC,0.0,3
253000,,,VEV_6500,XIREC,0.0,3
254300,,,HYDROGEL_PACK,XIREC,9951.0,2
256200,,,HYDROGEL_PACK,XIREC,9927.0,5
258000,,,VELVETFRUIT_EXTRACT,XIREC,5271.0,15
258900,,,HYDROGEL_PACK,XIREC,9928.0,2
259500,,,VELVETFRUIT_EXTRACT,XIREC,5273.0,4
261600,,SUBMISSION,VEV_5000,XIREC,280.0,9
261600,,SUBMISSION,VEV_5000,XIREC,279.0,21
261600,,SUBMISSION,VEV_5200,XIREC,111.0,9
261600,,SUBMISSION,VEV_5200,XIREC,110.0,21
261600,,SUBMISSION,VEV_5500,XIREC,8.0,23
261700,,SUBMISSION,VEV_5000,XIREC,279.0,6
261700,,SUBMISSION,VEV_5500,XIREC,8.0,27
261900,,SUBMISSION,VEV_5500,XIREC,8.0,20
262000,,SUBMISSION,VEV_4000,XIREC,1272.0,11
262000,,SUBMISSION,VEV_4000,XIREC,1269.0,19
262000,,SUBMISSION,VEV_4500,XIREC,774.0,11
262000,,SUBMISSION,VEV_4500,XIREC,772.0,19
262000,,SUBMISSION,VEV_5200,XIREC,112.0,11
262000,,SUBMISSION,VEV_5200,XIREC,111.0,19
262000,,SUBMISSION,VEV_5500,XIREC,8.0,20
262100,,SUBMISSION,VEV_4000,XIREC,1272.0,7
262100,,SUBMISSION,VEV_4000,XIREC,1269.0,23
262100,,SUBMISSION,VEV_4500,XIREC,774.0,8
262100,,SUBMISSION,VEV_4500,XIREC,772.0,22
262100,,SUBMISSION,VEV_5200,XIREC,112.0,30
262100,,SUBMISSION,VEV_5500,XIREC,8.0,19
262200,,SUBMISSION,VEV_5200,XIREC,112.0,9
262200,,SUBMISSION,VEV_5200,XIREC,111.0,12
262300,,SUBMISSION,VEV_4000,XIREC,1273.0,14
262300,,SUBMISSION,VEV_4000,XIREC,1270.0,16
262300,,SUBMISSION,VEV_4500,XIREC,775.0,11
262300,,SUBMISSION,VEV_4500,XIREC,773.0,19
262300,,SUBMISSION,VEV_5300,XIREC,56.0,27
262400,,SUBMISSION,VEV_4000,XIREC,1272.0,15
262400,,SUBMISSION,VEV_4000,XIREC,1269.0,15
262400,,SUBMISSION,VEV_4500,XIREC,774.0,12
262400,,SUBMISSION,VEV_4500,XIREC,772.0,18
263800,,SUBMISSION,VEV_4000,XIREC,1272.0,14
263800,,SUBMISSION,VEV_4000,XIREC,1269.0,16
263800,,SUBMISSION,VEV_4500,XIREC,774.0,12
263800,,SUBMISSION,VEV_4500,XIREC,772.0,18
263900,,SUBMISSION,VEV_4000,XIREC,1273.0,9
263900,,SUBMISSION,VEV_4000,XIREC,1270.0,21
263900,,SUBMISSION,VEV_4500,XIREC,775.0,7
263900,,SUBMISSION,VEV_4500,XIREC,773.0,17
263900,,SUBMISSION,VEV_5300,XIREC,56.0,19
263900,,,VELVETFRUIT_EXTRACT,XIREC,5281.0,4
264000,,SUBMISSION,VEV_4000,XIREC,1272.0,10
264000,,SUBMISSION,VEV_4000,XIREC,1270.0,18
264000,,SUBMISSION,VEV_4500,XIREC,775.0,6
264000,,SUBMISSION,VEV_4500,XIREC,773.0,24
264100,,SUBMISSION,VEV_4000,XIREC,1273.0,9
264100,,SUBMISSION,VEV_4000,XIREC,1271.0,17
264100,,SUBMISSION,VEV_4500,XIREC,776.0,9
264100,,SUBMISSION,VEV_4500,XIREC,774.0,17
264100,,SUBMISSION,VEV_5300,XIREC,57.0,9
264100,,SUBMISSION,VEV_5300,XIREC,56.0,15
264100,,SUBMISSION,VEV_5400,XIREC,20.0,9
264100,,SUBMISSION,VEV_5400,XIREC,19.0,15
264200,,SUBMISSION,VEV_4000,XIREC,1275.0,7
264200,,SUBMISSION,VEV_4000,XIREC,1273.0,23
264200,,SUBMISSION,VEV_4500,XIREC,778.0,8
264200,,SUBMISSION,VEV_4500,XIREC,776.0,17
264200,,SUBMISSION,VEV_5300,XIREC,57.0,19
264200,,SUBMISSION,VEV_5400,XIREC,20.0,19
264200,,,HYDROGEL_PACK,XIREC,9927.0,6
264300,,SUBMISSION,VEV_4000,XIREC,1275.0,9
264300,,SUBMISSION,VEV_4000,XIREC,1273.0,21
264300,,SUBMISSION,VEV_4500,XIREC,778.0,7
264300,,SUBMISSION,VEV_4500,XIREC,776.0,18
264300,,SUBMISSION,VEV_5300,XIREC,57.0,22
264300,,SUBMISSION,VEV_5400,XIREC,20.0,22
264400,,SUBMISSION,VEV_4000,XIREC,1276.0,8
264400,,SUBMISSION,VEV_4000,XIREC,1273.0,22
264400,,SUBMISSION,VEV_4500,XIREC,778.0,10
264400,,SUBMISSION,VEV_4500,XIREC,776.0,16
264400,,SUBMISSION,VEV_5300,XIREC,58.0,8
264400,,SUBMISSION,VEV_5300,XIREC,57.0,11
264400,,SUBMISSION,VEV_5400,XIREC,20.0,19
264500,,SUBMISSION,VEV_4000,XIREC,1275.0,8
264500,,SUBMISSION,VEV_4000,XIREC,1272.0,22
264500,,SUBMISSION,VEV_4500,XIREC,777.0,10
264500,,SUBMISSION,VEV_4500,XIREC,775.0,20
264500,,SUBMISSION,VEV_5300,XIREC,57.0,25
264500,,SUBMISSION,VEV_5400,XIREC,20.0,25
264600,,SUBMISSION,VEV_4000,XIREC,1275.0,14
264600,,SUBMISSION,VEV_4000,XIREC,1272.0,16
264600,,SUBMISSION,VEV_4500,XIREC,777.0,9
264600,,SUBMISSION,VEV_4500,XIREC,775.0,17
264600,,SUBMISSION,VEV_5300,XIREC,57.0,30
264600,,SUBMISSION,VEV_5400,XIREC,20.0,30
264700,,SUBMISSION,VEV_4000,XIREC,1275.0,9
264700,,SUBMISSION,VEV_4000,XIREC,1272.0,17
264700,,SUBMISSION,VEV_4500,XIREC,777.0,12
264700,,SUBMISSION,VEV_4500,XIREC,775.0,13
264700,,SUBMISSION,VEV_5300,XIREC,57.0,24
264700,,SUBMISSION,VEV_5400,XIREC,20.0,24
264700,,,HYDROGEL_PACK,XIREC,9907.0,2
264800,,SUBMISSION,VEV_4500,XIREC,776.0,12
264800,,SUBMISSION,VEV_4500,XIREC,774.0,18
264800,,SUBMISSION,VEV_5300,XIREC,57.0,27
264800,,SUBMISSION,VEV_5400,XIREC,20.0,27
264900,,SUBMISSION,VEV_4500,XIREC,778.0,10
264900,,SUBMISSION,VEV_4500,XIREC,776.0,20
264900,,SUBMISSION,VEV_5300,XIREC,57.0,21
264900,,SUBMISSION,VEV_5400,XIREC,20.0,21
265000,,SUBMISSION,VEV_4500,XIREC,778.0,6
265000,,SUBMISSION,VEV_4500,XIREC,777.0,12
265000,,SUBMISSION,VEV_5300,XIREC,58.0,23
265000,,SUBMISSION,VEV_5400,XIREC,20.0,23
265100,,SUBMISSION,VEV_4500,XIREC,779.0,5
265100,,SUBMISSION,VEV_5300,XIREC,58.0,20
265100,,SUBMISSION,VEV_5400,XIREC,20.0,20
265100,,SUBMISSION,VEV_5500,XIREC,8.0,20
265100,,,VELVETFRUIT_EXTRACT,XIREC,5285.0,6
265200,,SUBMISSION,VEV_5300,XIREC,58.0,19
265200,,SUBMISSION,VEV_5400,XIREC,20.0,19
265200,,SUBMISSION,VEV_5500,XIREC,8.0,19
265200,,,HYDROGEL_PACK,XIREC,9909.0,5
265300,,SUBMISSION,VEV_5300,XIREC,58.0,25
265300,,SUBMISSION,VEV_5400,XIREC,20.0,25
265300,,SUBMISSION,VEV_5500,XIREC,8.0,25
265400,,SUBMISSION,VEV_5300,XIREC,58.0,27
265400,,SUBMISSION,VEV_5400,XIREC,20.0,27
265400,,SUBMISSION,VEV_5500,XIREC,8.0,27
265500,,SUBMISSION,VEV_5300,XIREC,59.0,2
265500,,SUBMISSION,VEV_5400,XIREC,21.0,3
265500,,SUBMISSION,VEV_5400,XIREC,20.0,23
265500,,SUBMISSION,VEV_5500,XIREC,8.0,26
265500,,,VELVETFRUIT_EXTRACT,XIREC,5285.0,6
265600,,SUBMISSION,VEV_5400,XIREC,20.0,23
265700,,SUBMISSION,VEV_5400,XIREC,20.0,26
265800,,SUBMISSION,VEV_5400,XIREC,20.0,21
265800,,SUBMISSION,VEV_5500,XIREC,8.0,21
265900,,SUBMISSION,VEV_5400,XIREC,20.0,21
265900,,SUBMISSION,VEV_5500,XIREC,8.0,21
266000,,SUBMISSION,VEV_5400,XIREC,21.0,24
266000,,SUBMISSION,VEV_5500,XIREC,8.0,24
266100,,SUBMISSION,VEV_5400,XIREC,20.0,22
266100,,SUBMISSION,VEV_5500,XIREC,8.0,22
266200,,SUBMISSION,VEV_5400,XIREC,21.0,10
266200,,SUBMISSION,VEV_5400,XIREC,20.0,16
266200,,SUBMISSION,VEV_5500,XIREC,8.0,30
266300,,SUBMISSION,VEV_5500,XIREC,8.0,18
266400,,SUBMISSION,VEV_5500,XIREC,9.0,22
266500,,SUBMISSION,VEV_5500,XIREC,8.0,23
266600,,SUBMISSION,VEV_5500,XIREC,8.0,20
266800,SUBMISSION,,VEV_4000,XIREC,1280.0,1
266900,,SUBMISSION,VEV_4000,XIREC,1275.0,1
267000,,,VELVETFRUIT_EXTRACT,XIREC,5289.0,6
267400,,,VELVETFRUIT_EXTRACT,XIREC,5283.0,4
267900,,,HYDROGEL_PACK,XIREC,9926.0,6
268200,,,VELVETFRUIT_EXTRACT,XIREC,5280.0,7
268600,,,VELVETFRUIT_EXTRACT,XIREC,5281.0,5
268900,SUBMISSION,,VEV_5400,XIREC,19.0,4
268900,SUBMISSION,,VEV_5500,XIREC,8.0,4
268900,,,VEV_6000,XIREC,0.0,4
268900,,,VEV_6500,XIREC,0.0,4
269700,,SUBMISSION,VEV_4000,XIREC,1283.0,1
270500,,SUBMISSION,VEV_4000,XIREC,1286.0,1
271100,,,VELVETFRUIT_EXTRACT,XIREC,5276.0,3
272000,SUBMISSION,,VEV_5500,XIREC,8.0,3
272000,,,VEV_6000,XIREC,0.0,3
272000,,,VEV_6500,XIREC,0.0,3
272700,,,VELVETFRUIT_EXTRACT,XIREC,5277.0,3
272900,,SUBMISSION,VEV_4000,XIREC,1285.0,3
272900,,,HYDROGEL_PACK,XIREC,9924.0,5
273400,,,HYDROGEL_PACK,XIREC,9922.0,3
273500,,,HYDROGEL_PACK,XIREC,9921.0,6
274100,,,VELVETFRUIT_EXTRACT,XIREC,5279.0,6
274300,,,VELVETFRUIT_EXTRACT,XIREC,5280.0,8
274400,,,HYDROGEL_PACK,XIREC,9907.0,3
274600,,,VELVETFRUIT_EXTRACT,XIREC,5274.0,3
275200,SUBMISSION,,VEV_5400,XIREC,18.0,5
275200,SUBMISSION,,VEV_5500,XIREC,7.0,5
275200,,,VEV_6000,XIREC,0.0,5
275200,,,VEV_6500,XIREC,0.0,5
275800,,,HYDROGEL_PACK,XIREC,9912.0,6
277000,,,HYDROGEL_PACK,XIREC,9911.0,6
277300,,,HYDROGEL_PACK,XIREC,9910.0,3
277900,SUBMISSION,,VEV_4000,XIREC,1264.0,3
278100,SUBMISSION,,VELVETFRUIT_EXTRACT,XIREC,5269.0,15
278700,,SUBMISSION,VELVETFRUIT_EXTRACT,XIREC,5273.0,6
278800,,SUBMISSION,VELVETFRUIT_EXTRACT,XIREC,5275.0,4
278800,,,HYDROGEL_PACK,XIREC,9890.0,2
279900,,,HYDROGEL_PACK,XIREC,9890.0,6
280700,SUBMISSION,,VELVETFRUIT_EXTRACT,XIREC,5269.0,6
281000,SUBMISSION,,VELVETFRUIT_EXTRACT,XIREC,5269.0,66
281100,,SUBMISSION,VEV_4000,XIREC,1273.0,1
281200,SUBMISSION,,VELVETFRUIT_EXTRACT,XIREC,5269.0,21
281400,SUBMISSION,,VELVETFRUIT_EXTRACT,XIREC,5269.0,9
281800,SUBMISSION,,VELVETFRUIT_EXTRACT,XIREC,5269.0,19
282200,,,HYDROGEL_PACK,XIREC,9891.0,4
282600,SUBMISSION,,VELVETFRUIT_EXTRACT,XIREC,5270.0,10
282600,,,VELVETFRUIT_EXTRACT,XIREC,5272.0,6
283300,SUBMISSION,,VELVETFRUIT_EXTRACT,XIREC,5271.0,5
283700,,,HYDROGEL_PACK,XIREC,9922.0,5
284300,,,HYDROGEL_PACK,XIREC,9923.0,6
285600,,SUBMISSION,VELVETFRUIT_EXTRACT,XIREC,5277.0,4
285800,,SUBMISSION,VELVETFRUIT_EXTRACT,XIREC,5274.0,50
285800,,SUBMISSION,VELVETFRUIT_EXTRACT,XIREC,5275.0,6
285900,,SUBMISSION,VELVETFRUIT_EXTRACT,XIREC,5275.0,24
285900,,SUBMISSION,VELVETFRUIT_EXTRACT,XIREC,5274.0,44
286000,,SUBMISSION,VELVETFRUIT_EXTRACT,XIREC,5277.0,13
286100,,,VELVETFRUIT_EXTRACT,XIREC,5278.0,5
286900,SUBMISSION,,VEV_4000,XIREC,1271.0,3
287100,SUBMISSION,,VEV_5400,XIREC,18.0,2
287100,SUBMISSION,,VEV_5500,XIREC,7.0,2
287100,,,VEV_6000,XIREC,0.0,2
287100,,,VEV_6500,XIREC,0.0,2
287600,SUBMISSION,,VEV_5400,XIREC,18.0,2
287600,SUBMISSION,,VEV_5500,XIREC,7.0,2
287600,,,VEV_6000,XIREC,0.0,2
287600,,,VEV_6500,XIREC,0.0,2
288000,,,HYDROGEL_PACK,XIREC,9936.0,5
288000,,,VELVETFRUIT_EXTRACT,XIREC,5274.0,8
289300,SUBMISSION,,VEV_5300,XIREC,52.0,2
289300,SUBMISSION,,VEV_5400,XIREC,17.0,2
289300,SUBMISSION,,VEV_5500,XIREC,7.0,2
289300,,,VEV_6000,XIREC,0.0,2
289300,,,VEV_6500,XIREC,0.0,2
291000,,,HYDROGEL_PACK,XIREC,9905.0,3
291800,SUBMISSION,,VELVETFRUIT_EXTRACT,XIREC,5268.0,4
292800,,,HYDROGEL_PACK,XIREC,9921.0,6
293100,,SUBMISSION,VELVETFRUIT_EXTRACT,XIREC,5273.0,4
293100,,,VELVETFRUIT_EXTRACT,XIREC,5274.0,1
293400,,,VELVETFRUIT_EXTRACT,XIREC,5273.0,5
293600,SUBMISSION,,VEV_4000,XIREC,1265.0,2
293700,SUBMISSION,,VELVETFRUIT_EXTRACT,XIREC,5268.0,8
294600,SUBMISSION,,VEV_5400,XIREC,16.0,2
294600,SUBMISSION,,VEV_5500,XIREC,7.0,2
294600,,,VEV_6000,XIREC,0.0,2
294600,,,VEV_6500,XIREC,0.0,2
296800,SUBMISSION,,VELVETFRUIT_EXTRACT,XIREC,5269.0,8
297000,SUBMISSION,,VELVETFRUIT_EXTRACT,XIREC,5267.0,15
297500,SUBMISSION,,VELVETFRUIT_EXTRACT,XIREC,5268.0,10
299100,,,HYDROGEL_PACK,XIREC,9963.0,3
300500,SUBMISSION,,VELVETFRUIT_EXTRACT,XIREC,5267.0,12
300800,,,HYDROGEL_PACK,XIREC,9946.0,4
301000,SUBMISSION,,VELVETFRUIT_EXTRACT,XIREC,5268.0,8
301200,SUBMISSION,,VELVETFRUIT_EXTRACT,XIREC,5269.0,21
301300,SUBMISSION,,VELVETFRUIT_EXTRACT,XIREC,5268.0,74
301400,SUBMISSION,,VELVETFRUIT_EXTRACT,XIREC,5269.0,23
301700,SUBMISSION,,VELVETFRUIT_EXTRACT,XIREC,5266.0,6
301700,SUBMISSION,,VELVETFRUIT_EXTRACT,XIREC,5269.0,55
301700,SUBMISSION,,VEV_4000,XIREC,1261.0,2
301800,SUBMISSION,,VELVETFRUIT_EXTRACT,XIREC,5268.0,71
301900,SUBMISSION,,VELVETFRUIT_EXTRACT,XIREC,5267.0,20
301900,SUBMISSION,,VELVETFRUIT_EXTRACT,XIREC,5268.0,45
302000,SUBMISSION,,VELVETFRUIT_EXTRACT,XIREC,5267.0,19
302000,SUBMISSION,,VELVETFRUIT_EXTRACT,XIREC,5268.0,5
303100,SUBMISSION,,VEV_4000,XIREC,1261.0,1
303800,,,HYDROGEL_PACK,XIREC,9935.0,2
305600,,,VELVETFRUIT_EXTRACT,XIREC,5267.0,3
305700,,,HYDROGEL_PACK,XIREC,9951.0,6
306000,,SUBMISSION,VELVETFRUIT_EXTRACT,XIREC,5273.0,5
306100,,,HYDROGEL_PACK,XIREC,9952.0,5
307600,,SUBMISSION,VEV_4000,XIREC,1276.0,2
307900,SUBMISSION,,VELVETFRUIT_EXTRACT,XIREC,5269.0,5
307900,,,VELVETFRUIT_EXTRACT,XIREC,5268.0,3
308400,,,VELVETFRUIT_EXTRACT,XIREC,5270.0,3
309200,,SUBMISSION,VELVETFRUIT_EXTRACT,XIREC,5273.0,8
310100,,,HYDROGEL_PACK,XIREC,9942.0,4
310200,,SUBMISSION,VELVETFRUIT_EXTRACT,XIREC,5274.0,5
310300,,SUBMISSION,VELVETFRUIT_EXTRACT,XIREC,5273.0,11
311200,SUBMISSION,,VELVETFRUIT_EXTRACT,XIREC,5266.0,8
311700,,SUBMISSION,VELVETFRUIT_EXTRACT,XIREC,5272.0,6
311800,,,HYDROGEL_PACK,XIREC,9945.0,2
314000,SUBMISSION,,VELVETFRUIT_EXTRACT,XIREC,5268.0,7
314800,,,HYDROGEL_PACK,XIREC,9953.0,3
315400,,,HYDROGEL_PACK,XIREC,9956.0,4
316000,,SUBMISSION,VELVETFRUIT_EXTRACT,XIREC,5273.0,19
316300,,SUBMISSION,VELVETFRUIT_EXTRACT,XIREC,5273.0,73
316700,SUBMISSION,,VEV_5400,XIREC,17.0,3
316700,SUBMISSION,,VEV_5500,XIREC,7.0,3
316700,,,VEV_6000,XIREC,0.0,3
316700,,,VEV_6500,XIREC,0.0,3
316800,,SUBMISSION,VELVETFRUIT_EXTRACT,XIREC,5274.0,7
316900,,,HYDROGEL_PACK,XIREC,9954.0,2
317500,SUBMISSION,,VEV_5400,XIREC,17.0,3
317500,SUBMISSION,,VEV_5500,XIREC,7.0,3
317500,,,VEV_6000,XIREC,0.0,3
317500,,,VEV_6500,XIREC,0.0,3
318100,,SUBMISSION,VEV_4000,XIREC,1279.0,1
319600,,SUBMISSION,VELVETFRUIT_EXTRACT,XIREC,5274.0,58
319700,,SUBMISSION,VELVETFRUIT_EXTRACT,XIREC,5275.0,66
319800,,SUBMISSION,VELVETFRUIT_EXTRACT,XIREC,5276.0,57
319900,,SUBMISSION,VELVETFRUIT_EXTRACT,XIREC,5281.0,11
319900,,SUBMISSION,VELVETFRUIT_EXTRACT,XIREC,5278.0,22
319900,,SUBMISSION,VELVETFRUIT_EXTRACT,XIREC,5277.0,31
320000,,SUBMISSION,VELVETFRUIT_EXTRACT,XIREC,5277.0,41
320800,SUBMISSION,,VEV_5300,XIREC,52.0,5
320800,SUBMISSION,,VEV_5400,XIREC,17.0,5
320800,SUBMISSION,,VEV_5500,XIREC,7.0,5
320800,,,VEV_6000,XIREC,0.0,5
320800,,,VEV_6500,XIREC,0.0,5
321600,SUBMISSION,,VEV_5300,XIREC,50.0,4
321600,SUBMISSION,,VEV_5400,XIREC,16.0,4
321600,SUBMISSION,,VEV_5500,XIREC,7.0,4
321600,,,VEV_6000,XIREC,0.0,4
321600,,,VEV_6500,XIREC,0.0,4
322300,,SUBMISSION,VEV_4000,XIREC,1277.0,2
323200,,,VELVETFRUIT_EXTRACT,XIREC,5276.0,5
323500,SUBMISSION,,VELVETFRUIT_EXTRACT,XIREC,5269.0,14
323500,,,VELVETFRUIT_EXTRACT,XIREC,5269.0,14
325800,SUBMISSION,,VELVETFRUIT_EXTRACT,XIREC,5269.0,17
325900,SUBMISSION,,VELVETFRUIT_EXTRACT,XIREC,5268.0,58
326000,SUBMISSION,,VELVETFRUIT_EXTRACT,XIREC,5269.0,52
326100,SUBMISSION,,VELVETFRUIT_EXTRACT,XIREC,5269.0,55
326200,SUBMISSION,,VELVETFRUIT_EXTRACT,XIREC,5267.0,19
326200,SUBMISSION,,VELVETFRUIT_EXTRACT,XIREC,5268.0,42
326300,SUBMISSION,,VELVETFRUIT_EXTRACT,XIREC,5266.0,21
326300,SUBMISSION,,VELVETFRUIT_EXTRACT,XIREC,5267.0,32
326400,SUBMISSION,,VELVETFRUIT_EXTRACT,XIREC,5265.0,51
326500,SUBMISSION,,VELVETFRUIT_EXTRACT,XIREC,5264.0,39
327600,,,VELVETFRUIT_EXTRACT,XIREC,5266.0,5
328500,,,VELVETFRUIT_EXTRACT,XIREC,5269.0,7
328700,SUBMISSION,,VEV_4000,XIREC,1260.0,3
328700,,,VELVETFRUIT_EXTRACT,XIREC,5268.0,5
328900,,,HYDROGEL_PACK,XIREC,9958.0,2
330400,,,VELVETFRUIT_EXTRACT,XIREC,5261.0,8
332600,,SUBMISSION,VELVETFRUIT_EXTRACT,XIREC,5273.0,8
332800,,,HYDROGEL_PACK,XIREC,9947.0,3
333200,,,VELVETFRUIT_EXTRACT,XIREC,5269.0,7
333900,,SUBMISSION,VELVETFRUIT_EXTRACT,XIREC,5272.0,7
335400,,SUBMISSION,VELVETFRUIT_EXTRACT,XIREC,5271.0,6
336800,SUBMISSION,,VELVETFRUIT_EXTRACT,XIREC,5269.0,5
336900,SUBMISSION,,VELVETFRUIT_EXTRACT,XIREC,5270.0,14
337000,,,VELVETFRUIT_EXTRACT,XIREC,5271.0,6
338400,,,HYDROGEL_PACK,XIREC,9948.0,4
340100,SUBMISSION,,VELVETFRUIT_EXTRACT,XIREC,5268.0,2
340200,,,HYDROGEL_PACK,XIREC,9951.0,2
340500,SUBMISSION,,VEV_4000,XIREC,1262.0,3
341400,SUBMISSION,,VEV_5400,XIREC,16.0,4
341400,SUBMISSION,,VEV_5500,XIREC,7.0,4
341400,,,VEV_6000,XIREC,0.0,4
341400,,,VEV_6500,XIREC,0.0,4
342300,,,HYDROGEL_PACK,XIREC,9966.0,2
344000,,,VELVETFRUIT_EXTRACT,XIREC,5269.0,3
344100,,,HYDROGEL_PACK,XIREC,9942.0,3
344500,,,HYDROGEL_PACK,XIREC,9942.0,3
344600,,,HYDROGEL_PACK,XIREC,9958.0,6
344600,,,VELVETFRUIT_EXTRACT,XIREC,5265.0,7
344900,,,VELVETFRUIT_EXTRACT,XIREC,5265.0,6
346100,,,HYDROGEL_PACK,XIREC,9947.0,2
347400,,,HYDROGEL_PACK,XIREC,9947.0,4
347800,SUBMISSION,,VEV_5400,XIREC,15.0,4
347800,SUBMISSION,,VEV_5500,XIREC,6.0,4
347800,,,VEV_6000,XIREC,0.0,4
347800,,,VEV_6500,XIREC,0.0,4
350600,,,VELVETFRUIT_EXTRACT,XIREC,5266.0,5
350700,SUBMISSION,,VEV_5300,XIREC,47.0,4
350700,SUBMISSION,,VEV_5400,XIREC,15.0,4
350700,SUBMISSION,,VEV_5500,XIREC,6.0,4
350700,,,VEV_6000,XIREC,0.0,4
350700,,,VEV_6500,XIREC,0.0,4
351400,,,HYDROGEL_PACK,XIREC,9937.0,6
352100,,,VELVETFRUIT_EXTRACT,XIREC,5252.0,4
352300,,,VELVETFRUIT_EXTRACT,XIREC,5257.0,8
353600,,,VELVETFRUIT_EXTRACT,XIREC,5254.0,7
353800,,,VELVETFRUIT_EXTRACT,XIREC,5257.0,7
356500,,,VELVETFRUIT_EXTRACT,XIREC,5263.0,6
358300,,,VELVETFRUIT_EXTRACT,XIREC,5261.0,7
358400,,,VELVETFRUIT_EXTRACT,XIREC,5266.0,5
358500,SUBMISSION,,VEV_5300,XIREC,47.0,2
358500,SUBMISSION,,VEV_5400,XIREC,15.0,2
358500,SUBMISSION,,VEV_5500,XIREC,6.0,2
358500,,,VEV_6000,XIREC,0.0,2
358500,,,VEV_6500,XIREC,0.0,2
359500,,,HYDROGEL_PACK,XIREC,9972.0,5
360000,,,VELVETFRUIT_EXTRACT,XIREC,5267.0,7
361300,,,VELVETFRUIT_EXTRACT,XIREC,5267.0,3
361600,,,VELVETFRUIT_EXTRACT,XIREC,5260.0,5
362500,,,VELVETFRUIT_EXTRACT,XIREC,5260.0,5
362600,SUBMISSION,,VEV_5300,XIREC,47.0,5
362600,SUBMISSION,,VEV_5500,XIREC,6.0,5
362600,,,VEV_6000,XIREC,0.0,5
362600,,,VEV_6500,XIREC,0.0,5
363300,,SUBMISSION,VEV_4000,XIREC,1267.0,1
365300,,,HYDROGEL_PACK,XIREC,9984.0,2
365400,,,VELVETFRUIT_EXTRACT,XIREC,5257.0,7
365600,SUBMISSION,,VEV_5300,XIREC,45.0,4
365600,SUBMISSION,,VEV_5400,XIREC,14.0,4
365600,SUBMISSION,,VEV_5500,XIREC,5.0,4
365600,,,VEV_6000,XIREC,0.0,4
365600,,,VEV_6500,XIREC,0.0,4
366500,,SUBMISSION,HYDROGEL_PACK,XIREC,10000.0,2
368100,,,VELVETFRUIT_EXTRACT,XIREC,5256.0,6
368200,,SUBMISSION,VEV_4000,XIREC,1265.0,2
370000,SUBMISSION,,VEV_5100,XIREC,166.0,9
370000,SUBMISSION,,VEV_5100,XIREC,167.0,15
370000,SUBMISSION,,VEV_5200,XIREC,94.0,24
370100,SUBMISSION,,VEV_5100,XIREC,166.0,30
370100,SUBMISSION,,VEV_5200,XIREC,94.0,30
370100,SUBMISSION,,VEV_5300,XIREC,44.0,23
370200,SUBMISSION,,VEV_5100,XIREC,165.0,8
370200,SUBMISSION,,VEV_5100,XIREC,166.0,22
370200,SUBMISSION,,VEV_5200,XIREC,93.0,30
370200,SUBMISSION,,VEV_5300,XIREC,44.0,19
370300,SUBMISSION,,VEV_5100,XIREC,165.0,23
370300,SUBMISSION,,VEV_5200,XIREC,93.0,23
370300,SUBMISSION,,VEV_5300,XIREC,44.0,29
370400,SUBMISSION,,VEV_5100,XIREC,165.0,12
370400,SUBMISSION,,VEV_5100,XIREC,166.0,12
370400,SUBMISSION,,VEV_5200,XIREC,93.0,24
370400,SUBMISSION,,VEV_5300,XIREC,44.0,22
370500,SUBMISSION,,VEV_5100,XIREC,166.0,24
370500,SUBMISSION,,VEV_5200,XIREC,94.0,24
370500,SUBMISSION,,VEV_5300,XIREC,44.0,26
370600,,SUBMISSION,VEV_4000,XIREC,1256.0,3
370600,SUBMISSION,,VEV_5100,XIREC,165.0,23
370600,SUBMISSION,,VEV_5200,XIREC,93.0,23
370600,SUBMISSION,,VEV_5300,XIREC,44.0,24
370700,SUBMISSION,,VEV_4000,XIREC,1246.0,2
370700,SUBMISSION,,VEV_5100,XIREC,166.0,30
370700,SUBMISSION,,VEV_5200,XIREC,94.0,30
370700,SUBMISSION,,VEV_5300,XIREC,44.0,25
371000,SUBMISSION,,VEV_5100,XIREC,166.0,9
371000,SUBMISSION,,VEV_5100,XIREC,167.0,12
371000,SUBMISSION,,VEV_5200,XIREC,94.0,21
371000,SUBMISSION,,VEV_5300,XIREC,44.0,6
371000,SUBMISSION,,VEV_5300,XIREC,45.0,10
371100,SUBMISSION,,VEV_5100,XIREC,165.0,9
371100,SUBMISSION,,VEV_5100,XIREC,166.0,21
371100,SUBMISSION,,VEV_5200,XIREC,93.0,30
371100,SUBMISSION,,VEV_5300,XIREC,44.0,24
371200,SUBMISSION,,VEV_5100,XIREC,165.0,8
371200,SUBMISSION,,VEV_5100,XIREC,166.0,22
371200,SUBMISSION,,VEV_5200,XIREC,93.0,30
371200,SUBMISSION,,VEV_5300,XIREC,44.0,25
371300,SUBMISSION,,VEV_5100,XIREC,165.0,6
371300,SUBMISSION,,VEV_5100,XIREC,166.0,18
371300,SUBMISSION,,VEV_5200,XIREC,93.0,24
371300,SUBMISSION,,VEV_5300,XIREC,44.0,24
371400,SUBMISSION,,VEV_5100,XIREC,166.0,30
371400,SUBMISSION,,VEV_5200,XIREC,94.0,30
371400,SUBMISSION,,VEV_5300,XIREC,44.0,6
371400,SUBMISSION,,VEV_5300,XIREC,45.0,15
371500,SUBMISSION,,VEV_5200,XIREC,94.0,30
371900,SUBMISSION,,VEV_5100,XIREC,166.0,23
371900,SUBMISSION,,VEV_5200,XIREC,93.0,11
371900,SUBMISSION,,VEV_5200,XIREC,94.0,12
371900,SUBMISSION,,VEV_5300,XIREC,44.0,23
372000,SUBMISSION,,VEV_5100,XIREC,166.0,10
372000,SUBMISSION,,VEV_5100,XIREC,167.0,19
372000,SUBMISSION,,VEV_5200,XIREC,94.0,29
372100,SUBMISSION,,VEV_5200,XIREC,94.0,11
372100,SUBMISSION,,VEV_5200,XIREC,95.0,19
372300,,SUBMISSION,VEV_4000,XIREC,1259.0,2
372300,,,VELVETFRUIT_EXTRACT,XIREC,5250.0,6
372500,SUBMISSION,,VEV_5200,XIREC,94.0,30
373100,,,VELVETFRUIT_EXTRACT,XIREC,5256.0,6
373200,SUBMISSION,,VEV_5100,XIREC,166.0,9
373200,SUBMISSION,,VEV_5100,XIREC,167.0,15
373200,SUBMISSION,,VEV_5200,XIREC,94.0,24
373200,SUBMISSION,,VEV_5300,XIREC,44.0,5
373200,SUBMISSION,,VEV_5300,XIREC,45.0,17
373300,SUBMISSION,,VEV_5100,XIREC,166.0,11
373300,SUBMISSION,,VEV_5100,XIREC,167.0,14
373300,SUBMISSION,,VEV_5200,XIREC,94.0,25
373300,SUBMISSION,,VEV_5300,XIREC,44.0,5
373300,SUBMISSION,,VEV_5300,XIREC,45.0,10
373400,SUBMISSION,,VEV_5100,XIREC,166.0,30
373400,SUBMISSION,,VEV_5200,XIREC,94.0,30
373400,SUBMISSION,,VEV_5300,XIREC,44.0,22
373500,SUBMISSION,,VEV_5200,XIREC,94.0,22
373600,SUBMISSION,,VEV_5100,XIREC,166.0,30
373600,SUBMISSION,,VEV_5200,XIREC,93.0,4
373600,SUBMISSION,,VEV_5300,XIREC,44.0,17
373700,SUBMISSION,,VEV_5100,XIREC,166.0,30
373700,SUBMISSION,,VEV_5300,XIREC,44.0,22
373800,SUBMISSION,,VEV_4000,XIREC,1251.0,4
373800,SUBMISSION,,VEV_4000,XIREC,1262.0,7
373800,SUBMISSION,,VEV_4000,XIREC,1264.0,19
373800,SUBMISSION,,VEV_4500,XIREC,751.0,4
373800,SUBMISSION,,VEV_4500,XIREC,759.0,6
373800,SUBMISSION,,VEV_4500,XIREC,761.0,20
373800,SUBMISSION,,VEV_5000,XIREC,254.0,4
373800,SUBMISSION,,VEV_5000,XIREC,257.0,6
373800,SUBMISSION,,VEV_5000,XIREC,258.0,20
373800,SUBMISSION,,VEV_5100,XIREC,163.0,4
373800,SUBMISSION,,VEV_5100,XIREC,166.0,26
373800,SUBMISSION,,VEV_5300,XIREC,43.0,4
373800,SUBMISSION,,VEV_5300,XIREC,44.0,26
373800,SUBMISSION,,VEV_5500,XIREC,5.0,4
373800,,,VEV_6000,XIREC,0.0,4
373800,,,VEV_6500,XIREC,0.0,4
374000,SUBMISSION,,VEV_5100,XIREC,166.0,25
374000,SUBMISSION,,VEV_5300,XIREC,44.0,22
374100,SUBMISSION,,VEV_5100,XIREC,165.0,1
374100,SUBMISSION,,VEV_5300,XIREC,44.0,18
374200,SUBMISSION,,VEV_5300,XIREC,44.0,25
374500,SUBMISSION,,VEV_5300,XIREC,44.0,6
374500,SUBMISSION,,VEV_5300,XIREC,45.0,15
374800,SUBMISSION,,VEV_5300,XIREC,44.0,24
374900,SUBMISSION,,VEV_5300,XIREC,44.0,16
375000,SUBMISSION,,VEV_5300,XIREC,44.0,9
376300,SUBMISSION,,VEV_5400,XIREC,13.0,5
376300,SUBMISSION,,VEV_5500,XIREC,5.0,5
376300,,,VEV_6000,XIREC,0.0,5
376300,,,VEV_6500,XIREC,0.0,5
376700,,,VELVETFRUIT_EXTRACT,XIREC,5250.0,7
377700,SUBMISSION,,VEV_5000,XIREC,256.0,6
377700,SUBMISSION,,VEV_5000,XIREC,257.0,18
377800,SUBMISSION,,VEV_5000,XIREC,256.0,12
377800,SUBMISSION,,VEV_5000,XIREC,257.0,12
378000,SUBMISSION,,VEV_5000,XIREC,256.0,10
378000,SUBMISSION,,VEV_5000,XIREC,257.0,19
378100,SUBMISSION,,VEV_5000,XIREC,256.0,19
378200,SUBMISSION,,VEV_5000,XIREC,256.0,6
378200,SUBMISSION,,VEV_5000,XIREC,257.0,13
378300,SUBMISSION,,VEV_5000,XIREC,256.0,28
378400,SUBMISSION,,VEV_5000,XIREC,256.0,8
378400,SUBMISSION,,VEV_5000,XIREC,257.0,19
378400,,,VELVETFRUIT_EXTRACT,XIREC,5249.0,10
380800,SUBMISSION,,VEV_5000,XIREC,256.0,12
380800,SUBMISSION,,VEV_5000,XIREC,257.0,18
381100,SUBMISSION,,VEV_5000,XIREC,256.0,7
381100,SUBMISSION,,VEV_5000,XIREC,257.0,19
381600,SUBMISSION,,VEV_5000,XIREC,256.0,10
381600,SUBMISSION,,VEV_5000,XIREC,257.0,13
381700,SUBMISSION,,VEV_5000,XIREC,255.0,9
381700,SUBMISSION,,VEV_5000,XIREC,256.0,14
381800,SUBMISSION,,VEV_5000,XIREC,255.0,8
381800,SUBMISSION,,VEV_5000,XIREC,256.0,15
381900,SUBMISSION,,VEV_5000,XIREC,255.0,8
381900,SUBMISSION,,VEV_5000,XIREC,256.0,13
382000,SUBMISSION,,VEV_5000,XIREC,256.0,12
382000,SUBMISSION,,VEV_5000,XIREC,257.0,17
382100,SUBMISSION,,VEV_5000,XIREC,256.0,10
382100,SUBMISSION,,VEV_5000,XIREC,257.0,14
382200,,,VELVETFRUIT_EXTRACT,XIREC,5253.0,5
383100,,,VELVETFRUIT_EXTRACT,XIREC,5254.0,6
383800,SUBMISSION,,VEV_5000,XIREC,256.0,7
383800,SUBMISSION,,VEV_5000,XIREC,257.0,20
384800,,,HYDROGEL_PACK,XIREC,9978.0,4
384900,SUBMISSION,,VEV_5000,XIREC,256.0,12
384900,SUBMISSION,,VEV_5000,XIREC,257.0,12
385000,SUBMISSION,,VEV_5000,XIREC,255.0,26
385100,SUBMISSION,,VEV_4000,XIREC,1257.0,12
385100,SUBMISSION,,VEV_4000,XIREC,1259.0,18
385100,SUBMISSION,,VEV_4500,XIREC,754.0,6
385100,SUBMISSION,,VEV_4500,XIREC,756.0,17
385100,SUBMISSION,,VEV_5000,XIREC,253.0,6
385100,SUBMISSION,,VEV_5000,XIREC,254.0,17
385100,SUBMISSION,,VEV_5500,XIREC,5.0,22
385100,,,VELVETFRUIT_EXTRACT,XIREC,5245.0,9
385200,SUBMISSION,,VEV_4000,XIREC,1256.0,8
385200,SUBMISSION,,VEV_4000,XIREC,1259.0,22
385200,SUBMISSION,,VEV_4500,XIREC,754.0,12
385200,SUBMISSION,,VEV_4500,XIREC,755.0,13
385200,SUBMISSION,,VEV_5000,XIREC,252.0,12
385200,SUBMISSION,,VEV_5000,XIREC,253.0,13
385200,SUBMISSION,,VEV_5500,XIREC,5.0,23
385300,SUBMISSION,,VEV_4000,XIREC,1256.0,11
385300,SUBMISSION,,VEV_4000,XIREC,1259.0,19
385300,SUBMISSION,,VEV_4500,XIREC,754.0,7
385300,SUBMISSION,,VEV_4500,XIREC,756.0,13
385300,SUBMISSION,,VEV_5000,XIREC,253.0,20
385300,SUBMISSION,,VEV_5500,XIREC,5.0,18
385400,SUBMISSION,,VEV_4000,XIREC,1256.0,7
385400,SUBMISSION,,VEV_4000,XIREC,1259.0,22
385400,SUBMISSION,,VEV_4500,XIREC,754.0,8
385400,SUBMISSION,,VEV_4500,XIREC,756.0,16
385400,SUBMISSION,,VEV_5000,XIREC,252.0,8
385400,SUBMISSION,,VEV_5000,XIREC,253.0,16
385400,SUBMISSION,,VEV_5500,XIREC,5.0,18
385500,SUBMISSION,,HYDROGEL_PACK,XIREC,9973.0,2
385500,SUBMISSION,,VEV_4000,XIREC,1256.0,7
385500,SUBMISSION,,VEV_4000,XIREC,1259.0,23
385500,SUBMISSION,,VEV_4500,XIREC,754.0,11
385500,SUBMISSION,,VEV_4500,XIREC,756.0,12
385500,SUBMISSION,,VEV_5000,XIREC,252.0,11
385500,SUBMISSION,,VEV_5000,XIREC,253.0,11
385500,SUBMISSION,,VEV_5500,XIREC,5.0,23
385500,,,HYDROGEL_PACK,XIREC,9972.0,3
385600,SUBMISSION,,VEV_4000,XIREC,1256.0,14
385600,SUBMISSION,,VEV_4000,XIREC,1259.0,16
385600,SUBMISSION,,VEV_4500,XIREC,754.0,10
385600,SUBMISSION,,VEV_4500,XIREC,756.0,20
385600,SUBMISSION,,VEV_5500,XIREC,5.0,19
385700,SUBMISSION,,VEV_4500,XIREC,755.0,12
385700,SUBMISSION,,VEV_4500,XIREC,757.0,18
385800,SUBMISSION,,VEV_4000,XIREC,1257.0,11
385800,SUBMISSION,,VEV_4000,XIREC,1260.0,15
385800,SUBMISSION,,VEV_4500,XIREC,755.0,11
385800,SUBMISSION,,VEV_4500,XIREC,756.0,19
385800,SUBMISSION,,VEV_5500,XIREC,5.0,8
385800,SUBMISSION,,VEV_5500,XIREC,6.0,13
385900,SUBMISSION,,VEV_4000,XIREC,1257.0,11
385900,SUBMISSION,,VEV_4000,XIREC,1259.0,17
385900,SUBMISSION,,VEV_4500,XIREC,754.0,7
385900,SUBMISSION,,VEV_4500,XIREC,756.0,23
385900,SUBMISSION,,VEV_5500,XIREC,5.0,18
386000,SUBMISSION,,VEV_4000,XIREC,1256.0,9
386000,SUBMISSION,,VEV_4000,XIREC,1258.0,16
386000,SUBMISSION,,VEV_4500,XIREC,753.0,9
386000,SUBMISSION,,VEV_4500,XIREC,755.0,12
386000,SUBMISSION,,VEV_5500,XIREC,5.0,27
386100,SUBMISSION,,VEV_4000,XIREC,1257.0,7
386100,SUBMISSION,,VEV_4000,XIREC,1260.0,15
386100,SUBMISSION,,VEV_4500,XIREC,755.0,11
386100,SUBMISSION,,VEV_4500,XIREC,757.0,14
386200,SUBMISSION,,VEV_4000,XIREC,1254.0,10
386200,SUBMISSION,,VEV_4000,XIREC,1257.0,19
386200,SUBMISSION,,VEV_4500,XIREC,752.0,8
386200,SUBMISSION,,VEV_4500,XIREC,754.0,19
386200,SUBMISSION,,VEV_5400,XIREC,13.0,17
386200,SUBMISSION,,VEV_5500,XIREC,5.0,17
386300,SUBMISSION,,VEV_4000,XIREC,1253.0,13
386300,SUBMISSION,,VEV_4000,XIREC,1255.0,17
386300,SUBMISSION,,VEV_4500,XIREC,750.0,6
386300,SUBMISSION,,VEV_4500,XIREC,752.0,14
386300,SUBMISSION,,VEV_5400,XIREC,12.0,20
386300,SUBMISSION,,VEV_5500,XIREC,5.0,20
386400,SUBMISSION,,VEV_4000,XIREC,1253.0,11
386400,SUBMISSION,,VEV_4000,XIREC,1256.0,19
386400,SUBMISSION,,VEV_4500,XIREC,751.0,11
386400,SUBMISSION,,VEV_4500,XIREC,753.0,19
386400,SUBMISSION,,VEV_5400,XIREC,12.0,6
386400,SUBMISSION,,VEV_5400,XIREC,13.0,12
386400,SUBMISSION,,VEV_5500,XIREC,5.0,18
386500,SUBMISSION,,VEV_4000,XIREC,1254.0,8
386500,SUBMISSION,,VEV_4000,XIREC,1256.0,22
386500,SUBMISSION,,VEV_4500,XIREC,751.0,11
386500,SUBMISSION,,VEV_4500,XIREC,753.0,15
386500,SUBMISSION,,VEV_5400,XIREC,13.0,24
386500,SUBMISSION,,VEV_5500,XIREC,5.0,24
386600,SUBMISSION,,VEV_4000,XIREC,1254.0,10
386600,SUBMISSION,,VEV_4000,XIREC,1256.0,20
386600,SUBMISSION,,VEV_4500,XIREC,751.0,11
386600,SUBMISSION,,VEV_4500,XIREC,753.0,19
386600,SUBMISSION,,VEV_5400,XIREC,13.0,20
386600,SUBMISSION,,VEV_5500,XIREC,5.0,20
386700,SUBMISSION,,VEV_4000,XIREC,1254.0,9
386700,SUBMISSION,,VEV_4000,XIREC,1256.0,20
386700,SUBMISSION,,VEV_4500,XIREC,751.0,10
386700,SUBMISSION,,VEV_4500,XIREC,753.0,16
386700,SUBMISSION,,VEV_5400,XIREC,13.0,23
386700,SUBMISSION,,VEV_5500,XIREC,5.0,23
386800,SUBMISSION,,VEV_4000,XIREC,1253.0,7
386800,SUBMISSION,,VEV_4000,XIREC,1255.0,23
386800,SUBMISSION,,VEV_4500,XIREC,750.0,12
386800,SUBMISSION,,VEV_4500,XIREC,752.0,18
386800,SUBMISSION,,VEV_5400,XIREC,12.0,19
386800,SUBMISSION,,VEV_5500,XIREC,5.0,19
386900,SUBMISSION,,VEV_4000,XIREC,1252.0,12
386900,SUBMISSION,,VEV_4000,XIREC,1254.0,18
386900,SUBMISSION,,VEV_4500,XIREC,749.0,8
386900,SUBMISSION,,VEV_4500,XIREC,751.0,19
386900,SUBMISSION,,VEV_5400,XIREC,12.0,18
386900,SUBMISSION,,VEV_5500,XIREC,5.0,18
387000,SUBMISSION,,VEV_4000,XIREC,1251.0,9
387000,SUBMISSION,,VEV_4000,XIREC,1253.0,21
387000,SUBMISSION,,VEV_4500,XIREC,748.0,11
387000,SUBMISSION,,VEV_4500,XIREC,750.0,13
387000,SUBMISSION,,VEV_5400,XIREC,12.0,27
387000,SUBMISSION,,VEV_5500,XIREC,5.0,27
387100,SUBMISSION,,VEV_4000,XIREC,1250.0,8
387100,SUBMISSION,,VEV_4000,XIREC,1253.0,4
387100,SUBMISSION,,VEV_4500,XIREC,748.0,11
387100,SUBMISSION,,VEV_4500,XIREC,750.0,19
387100,SUBMISSION,,VEV_5400,XIREC,12.0,18
387100,SUBMISSION,,VEV_5500,XIREC,5.0,18
387200,SUBMISSION,,VEV_4500,XIREC,749.0,9
387200,SUBMISSION,,VEV_5400,XIREC,12.0,17
387200,SUBMISSION,,VEV_5500,XIREC,5.0,17
387300,SUBMISSION,,VEV_5400,XIREC,12.0,18
387300,SUBMISSION,,VEV_5500,XIREC,5.0,18
387400,SUBMISSION,,VEV_5400,XIREC,12.0,18
387400,SUBMISSION,,VEV_5500,XIREC,5.0,18
387500,,SUBMISSION,HYDROGEL_PACK,XIREC,9990.0,3
387500,SUBMISSION,,VEV_5400,XIREC,12.0,21
387500,SUBMISSION,,VEV_5500,XIREC,5.0,21
387600,SUBMISSION,,VEV_5400,XIREC,12.0,29
387600,SUBMISSION,,VEV_5500,XIREC,5.0,13
387700,SUBMISSION,,VEV_5400,XIREC,12.0,22
387800,SUBMISSION,,VEV_5400,XIREC,12.0,20
387900,SUBMISSION,,VEV_5400,XIREC,12.0,19
388000,SUBMISSION,,VEV_5400,XIREC,12.0,21
388100,SUBMISSION,,VEV_5400,XIREC,12.0,24
388200,SUBMISSION,,VEV_5400,XIREC,12.0,16
388300,SUBMISSION,,VEV_5400,XIREC,12.0,22
388400,SUBMISSION,,VEV_5400,XIREC,12.0,26
388500,SUBMISSION,,VEV_5400,XIREC,12.0,27
388600,SUBMISSION,,VEV_5400,XIREC,12.0,27
388700,SUBMISSION,,VEV_5400,XIREC,12.0,4
389000,SUBMISSION,,VEV_5300,XIREC,38.0,2
389000,SUBMISSION,,VEV_5400,XIREC,11.0,2
389000,SUBMISSION,,VEV_5500,XIREC,4.0,2
389000,,,VEV_6000,XIREC,0.0,2
389000,,,VEV_6500,XIREC,0.0,2
389600,,SUBMISSION,VEV_4000,XIREC,1244.0,3
389600,,,VELVETFRUIT_EXTRACT,XIREC,5238.0,7
389700,SUBMISSION,,VEV_4000,XIREC,1250.0,3
390200,SUBMISSION,,VEV_4000,XIREC,1234.0,1
390300,SUBMISSION,,VEV_5300,XIREC,38.0,3
390300,SUBMISSION,,VEV_5400,XIREC,11.0,3
390300,SUBMISSION,,VEV_5500,XIREC,4.0,3
390300,,,VEV_6000,XIREC,0.0,3
390300,,,VEV_6500,XIREC,0.0,3
391600,SUBMISSION,,HYDROGEL_PACK,XIREC,9971.0,2
391700,,SUBMISSION,HYDROGEL_PACK,XIREC,9987.0,2
392400,,SUBMISSION,HYDROGEL_PACK,XIREC,9989.0,5
394100,,,HYDROGEL_PACK,XIREC,9975.0,6
394300,SUBMISSION,,HYDROGEL_PACK,XIREC,9970.0,8
394300,,,HYDROGEL_PACK,XIREC,9970.0,5
397300,SUBMISSION,,VEV_4000,XIREC,1231.0,2
398200,,,VEV_5400,XIREC,10.0,2
398200,,,VEV_5500,XIREC,4.0,2
398200,,,VEV_6000,XIREC,0.0,2
398200,,,VEV_6500,XIREC,0.0,2
401000,,,VELVETFRUIT_EXTRACT,XIREC,5230.0,8
401200,,,HYDROGEL_PACK,XIREC,9966.0,5
401500,,,VELVETFRUIT_EXTRACT,XIREC,5233.0,7
406100,,,VELVETFRUIT_EXTRACT,XIREC,5231.0,4
406300,SUBMISSION,,VEV_4000,XIREC,1225.0,2
407000,,,VELVETFRUIT_EXTRACT,XIREC,5225.0,4
408000,,SUBMISSION,HYDROGEL_PACK,XIREC,9990.0,3
409400,,SUBMISSION,HYDROGEL_PACK,XIREC,9987.0,3
410100,,SUBMISSION,HYDROGEL_PACK,XIREC,9987.0,6
410200,,,VEV_5400,XIREC,9.0,5
410200,,,VEV_5500,XIREC,3.0,5
410200,,,VEV_6000,XIREC,0.0,5
410200,,,VEV_6500,XIREC,0.0,5
413100,,,HYDROGEL_PACK,XIREC,9977.0,2
413500,,,HYDROGEL_PACK,XIREC,9974.0,5
414900,SUBMISSION,,VEV_5200,XIREC,76.0,3
414900,,,VEV_5300,XIREC,34.0,3
414900,,,VEV_5400,XIREC,9.0,3
414900,,,VEV_5500,XIREC,3.0,3
414900,,,VEV_6000,XIREC,0.0,3
414900,,,VEV_6500,XIREC,0.0,3
415400,,,HYDROGEL_PACK,XIREC,9976.0,6
415500,,,VEV_5400,XIREC,9.0,4
415500,,,VEV_5500,XIREC,3.0,4
415500,,,VEV_6000,XIREC,0.0,4
415500,,,VEV_6500,XIREC,0.0,4
416600,,SUBMISSION,HYDROGEL_PACK,XIREC,9980.0,4
419300,,,VEV_4000,XIREC,1221.0,1
420200,,,HYDROGEL_PACK,XIREC,9975.0,4
421100,SUBMISSION,,HYDROGEL_PACK,XIREC,9962.0,5
421400,,,VELVETFRUIT_EXTRACT,XIREC,5233.0,6
422200,SUBMISSION,,HYDROGEL_PACK,XIREC,9964.0,2
423800,SUBMISSION,,VEV_5200,XIREC,79.0,2
423800,,,HYDROGEL_PACK,XIREC,9969.0,3
423800,,,VEV_5200,XIREC,79.0,3
423800,,,VEV_5300,XIREC,36.0,5
423800,,,VEV_5400,XIREC,10.0,5
423800,,,VEV_5500,XIREC,4.0,5
423800,,,VEV_6000,XIREC,0.0,5
423800,,,VEV_6500,XIREC,0.0,5
423900,SUBMISSION,,HYDROGEL_PACK,XIREC,9968.0,9
424400,,SUBMISSION,VEV_4000,XIREC,1239.0,2
424600,,,VELVETFRUIT_EXTRACT,XIREC,5232.0,6
425300,,,VELVETFRUIT_EXTRACT,XIREC,5238.0,3
427400,,,VELVETFRUIT_EXTRACT,XIREC,5241.0,5
428400,,SUBMISSION,VEV_4000,XIREC,1243.0,1
429500,,,HYDROGEL_PACK,XIREC,9968.0,3
430200,,,HYDROGEL_PACK,XIREC,9974.0,4
430700,,SUBMISSION,HYDROGEL_PACK,XIREC,9975.0,4
432000,SUBMISSION,,HYDROGEL_PACK,XIREC,9965.0,4
432100,,,VELVETFRUIT_EXTRACT,XIREC,5233.0,8
433000,,,VELVETFRUIT_EXTRACT,XIREC,5238.0,4
433100,,,VEV_5200,XIREC,83.0,2
433100,,,VEV_5300,XIREC,38.0,2
433100,,,VEV_5400,XIREC,11.0,2
433100,,,VEV_5500,XIREC,4.0,2
433100,,,VEV_6000,XIREC,0.0,2
433100,,,VEV_6500,XIREC,0.0,2
433900,,,HYDROGEL_PACK,XIREC,9970.0,4
436100,,,VELVETFRUIT_EXTRACT,XIREC,5242.0,5
436200,,,HYDROGEL_PACK,XIREC,9968.0,2
438300,SUBMISSION,,VEV_4000,XIREC,1235.0,3
438500,,,VELVETFRUIT_EXTRACT,XIREC,5241.0,6
438900,,SUBMISSION,VEV_4000,XIREC,1244.0,3
441300,,,VELVETFRUIT_EXTRACT,XIREC,5235.0,5
443400,,,HYDROGEL_PACK,XIREC,9969.0,4
443600,,,VEV_5200,XIREC,82.0,4
443600,,,VEV_5400,XIREC,11.0,4
443600,,,VEV_5500,XIREC,4.0,4
443600,,,VEV_6000,XIREC,0.0,4
443600,,,VEV_6500,XIREC,0.0,4
444200,,,VELVETFRUIT_EXTRACT,XIREC,5244.0,6
445300,,SUBMISSION,HYDROGEL_PACK,XIREC,9973.0,2
448600,,SUBMISSION,VELVETFRUIT_EXTRACT,XIREC,5251.0,7
448900,SUBMISSION,,VELVETFRUIT_EXTRACT,XIREC,5247.0,7
448900,,,VELVETFRUIT_EXTRACT,XIREC,5247.0,9
449000,,,HYDROGEL_PACK,XIREC,9979.0,6
449500,SUBMISSION,,VEV_4000,XIREC,1243.0,2
450900,,SUBMISSION,HYDROGEL_PACK,XIREC,9987.0,6
452000,SUBMISSION,,HYDROGEL_PACK,XIREC,9966.0,3
452800,,,HYDROGEL_PACK,XIREC,9974.0,4
453000,,,VELVETFRUIT_EXTRACT,XIREC,5240.0,3
453800,,,VELVETFRUIT_EXTRACT,XIREC,5237.0,7
454400,SUBMISSION,,HYDROGEL_PACK,XIREC,9965.0,5
454700,,SUBMISSION,VEV_4000,XIREC,1242.0,1
456200,,,VEV_5200,XIREC,82.0,2
456200,,,VEV_5400,XIREC,11.0,2
456200,,,VEV_5500,XIREC,4.0,2
456200,,,VEV_6000,XIREC,0.0,2
456200,,,VEV_6500,XIREC,0.0,2
457600,,,VELVETFRUIT_EXTRACT,XIREC,5242.0,3
460100,,,VELVETFRUIT_EXTRACT,XIREC,5235.0,4
461200,,,VEV_5300,XIREC,37.0,3
461200,,,VEV_5400,XIREC,10.0,3
461200,,,VEV_5500,XIREC,3.0,3
461200,,,VEV_6000,XIREC,0.0,3
461200,,,VEV_6500,XIREC,0.0,3
463600,,,VELVETFRUIT_EXTRACT,XIREC,5238.0,11
464700,,,VELVETFRUIT_EXTRACT,XIREC,5238.0,5
466000,,,VELVETFRUIT_EXTRACT,XIREC,5234.0,3
466400,,,VELVETFRUIT_EXTRACT,XIREC,5233.0,14
468600,,,VELVETFRUIT_EXTRACT,XIREC,5239.0,4
472900,,,VELVETFRUIT_EXTRACT,XIREC,5238.0,6
473000,,,VELVETFRUIT_EXTRACT,XIREC,5238.0,4
473800,,,VELVETFRUIT_EXTRACT,XIREC,5239.0,3
474000,,,VELVETFRUIT_EXTRACT,XIREC,5238.0,5
477300,,,VELVETFRUIT_EXTRACT,XIREC,5244.0,8
478900,,SUBMISSION,HYDROGEL_PACK,XIREC,9996.0,3
480500,,,VELVETFRUIT_EXTRACT,XIREC,5240.0,3
480900,,,HYDROGEL_PACK,XIREC,9994.0,2
481400,,,HYDROGEL_PACK,XIREC,9996.0,2
482400,,SUBMISSION,HYDROGEL_PACK,XIREC,10012.0,3
483400,,SUBMISSION,VELVETFRUIT_EXTRACT,XIREC,5248.0,3
483400,,,VEV_5300,XIREC,40.0,5
483400,,,VEV_5400,XIREC,12.0,5
483400,,,VEV_5500,XIREC,4.0,5
483400,,,VEV_6000,XIREC,0.0,5
483400,,,VEV_6500,XIREC,0.0,5
485900,SUBMISSION,,VELVETFRUIT_EXTRACT,XIREC,5242.0,3
486000,,,VELVETFRUIT_EXTRACT,XIREC,5237.0,5
486200,,,VELVETFRUIT_EXTRACT,XIREC,5242.0,8
486700,,,VELVETFRUIT_EXTRACT,XIREC,5236.0,8
488200,,,HYDROGEL_PACK,XIREC,9994.0,2
488600,,SUBMISSION,VEV_4000,XIREC,1242.0,2
488700,,,HYDROGEL_PACK,XIREC,9985.0,5
490600,,SUBMISSION,VEV_4000,XIREC,1246.0,2
490800,SUBMISSION,,VEV_4000,XIREC,1251.0,1
492000,,,VELVETFRUIT_EXTRACT,XIREC,5241.0,5
493000,,,VELVETFRUIT_EXTRACT,XIREC,5240.0,12
493500,,,VELVETFRUIT_EXTRACT,XIREC,5239.0,6
493800,,SUBMISSION,HYDROGEL_PACK,XIREC,10019.0,6
494300,,,VELVETFRUIT_EXTRACT,XIREC,5244.0,6
495100,,SUBMISSION,VELVETFRUIT_EXTRACT,XIREC,5246.0,8
495700,,,HYDROGEL_PACK,XIREC,9985.0,3
495700,,,VEV_5400,XIREC,11.0,5
495700,,,VEV_5500,XIREC,4.0,5
495700,,,VEV_6000,XIREC,0.0,5
495700,,,VEV_6500,XIREC,0.0,5
498100,SUBMISSION,,VELVETFRUIT_EXTRACT,XIREC,5243.0,8
498500,,,HYDROGEL_PACK,XIREC,9977.0,4
499900,,SUBMISSION,VEV_4000,XIREC,1251.0,3
500000,,SUBMISSION,VELVETFRUIT_EXTRACT,XIREC,5247.0,3
500600,,,HYDROGEL_PACK,XIREC,9976.0,5
501300,,SUBMISSION,VELVETFRUIT_EXTRACT,XIREC,5246.0,7
501600,,,HYDROGEL_PACK,XIREC,9976.0,4
501700,SUBMISSION,,VEV_4000,XIREC,1251.0,3
501900,,,VEV_5300,XIREC,38.0,3
501900,,,VEV_5400,XIREC,11.0,3
501900,,,VEV_5500,XIREC,4.0,3
501900,,,VEV_6000,XIREC,0.0,3
501900,,,VEV_6500,XIREC,0.0,3
503400,SUBMISSION,,VELVETFRUIT_EXTRACT,XIREC,5241.0,10
503600,,,HYDROGEL_PACK,XIREC,9975.0,2
505100,,,VELVETFRUIT_EXTRACT,XIREC,5232.0,7
508800,,,VEV_5400,XIREC,10.0,5
508800,,,VEV_5500,XIREC,3.0,5
508800,,,VEV_6000,XIREC,0.0,5
508800,,,VEV_6500,XIREC,0.0,5
511000,,,HYDROGEL_PACK,XIREC,9989.0,6
512800,,,HYDROGEL_PACK,XIREC,9982.0,4
513600,,SUBMISSION,VELVETFRUIT_EXTRACT,XIREC,5243.0,5
516500,SUBMISSION,,HYDROGEL_PACK,XIREC,9978.0,5
519600,,,VEV_5200,XIREC,87.0,5
519600,,,VEV_5300,XIREC,40.0,5
519600,,,VEV_5400,XIREC,12.0,5
519600,,,VEV_5500,XIREC,4.0,5
519600,,,VEV_6000,XIREC,0.0,5
519600,,,VEV_6500,XIREC,0.0,5
519800,,,HYDROGEL_PACK,XIREC,9982.0,6
519800,,,VELVETFRUIT_EXTRACT,XIREC,5243.0,5
521000,,SUBMISSION,VEV_4000,XIREC,1252.0,1
521700,,SUBMISSION,VELVETFRUIT_EXTRACT,XIREC,5243.0,8
524600,SUBMISSION,,HYDROGEL_PACK,XIREC,9970.0,5
526300,SUBMISSION,,HYDROGEL_PACK,XIREC,9967.0,2
526300,,,HYDROGEL_PACK,XIREC,9966.0,1
527200,,,VELVETFRUIT_EXTRACT,XIREC,5244.0,7
527300,,SUBMISSION,VELVETFRUIT_EXTRACT,XIREC,5247.0,5
529800,,SUBMISSION,VELVETFRUIT_EXTRACT,XIREC,5248.0,3
530600,,SUBMISSION,VELVETFRUIT_EXTRACT,XIREC,5245.0,5
530900,,,HYDROGEL_PACK,XIREC,9988.0,3
533300,,,VELVETFRUIT_EXTRACT,XIREC,5243.0,3
534200,SUBMISSION,,VEV_4000,XIREC,1250.0,1
534400,SUBMISSION,,VELVETFRUIT_EXTRACT,XIREC,5242.0,26
534700,,,HYDROGEL_PACK,XIREC,9958.0,3
534900,,,HYDROGEL_PACK,XIREC,9976.0,3
535100,,,HYDROGEL_PACK,XIREC,9961.0,2
536500,,SUBMISSION,VEV_4000,XIREC,1247.0,2
538700,,SUBMISSION,VELVETFRUIT_EXTRACT,XIREC,5246.0,5
540500,,,HYDROGEL_PACK,XIREC,9982.0,2
540600,,,HYDROGEL_PACK,XIREC,9980.0,2
541400,,,VELVETFRUIT_EXTRACT,XIREC,5243.0,8
542300,SUBMISSION,,VELVETFRUIT_EXTRACT,XIREC,5241.0,5
542300,SUBMISSION,,VEV_4000,XIREC,1249.0,2
543800,,,HYDROGEL_PACK,XIREC,9975.0,6
543900,SUBMISSION,,VEV_4000,XIREC,1236.0,1
544400,,,HYDROGEL_PACK,XIREC,9976.0,6
544700,,,VELVETFRUIT_EXTRACT,XIREC,5243.0,8
545400,,,VELVETFRUIT_EXTRACT,XIREC,5240.0,7
545900,,,VELVETFRUIT_EXTRACT,XIREC,5238.0,5
547000,,,HYDROGEL_PACK,XIREC,9969.0,6
547100,,,VELVETFRUIT_EXTRACT,XIREC,5237.0,13
548000,,,VELVETFRUIT_EXTRACT,XIREC,5235.0,5
548500,,,HYDROGEL_PACK,XIREC,9963.0,6
548600,,,VEV_5300,XIREC,36.0,2
548600,,,VEV_6000,XIREC,0.0,2
548600,,,VEV_6500,XIREC,0.0,2
548900,,,VELVETFRUIT_EXTRACT,XIREC,5240.0,7
551500,,,VELVETFRUIT_EXTRACT,XIREC,5238.0,6
553400,,,HYDROGEL_PACK,XIREC,9968.0,2
554600,,,VELVETFRUIT_EXTRACT,XIREC,5240.0,7
554600,,,VEV_5300,XIREC,38.0,5
554600,,,VEV_5400,XIREC,11.0,5
554600,,,VEV_5500,XIREC,4.0,5
554600,,,VEV_6000,XIREC,0.0,5
554600,,,VEV_6500,XIREC,0.0,5
555000,,SUBMISSION,VELVETFRUIT_EXTRACT,XIREC,5245.0,3
555700,SUBMISSION,,VELVETFRUIT_EXTRACT,XIREC,5240.0,3
555700,,,VELVETFRUIT_EXTRACT,XIREC,5239.0,4
555700,,,VEV_5400,XIREC,11.0,3
555700,,,VEV_5500,XIREC,4.0,3
555700,,,VEV_6000,XIREC,0.0,3
555700,,,VEV_6500,XIREC,0.0,3
556000,,,HYDROGEL_PACK,XIREC,9976.0,5
556100,,,HYDROGEL_PACK,XIREC,9976.0,5
556700,,,VELVETFRUIT_EXTRACT,XIREC,5238.0,8
558800,,SUBMISSION,VELVETFRUIT_EXTRACT,XIREC,5241.0,8
558900,,SUBMISSION,VELVETFRUIT_EXTRACT,XIREC,5241.0,7
560100,SUBMISSION,,VELVETFRUIT_EXTRACT,XIREC,5238.0,7
561000,,SUBMISSION,HYDROGEL_PACK,XIREC,9995.0,4
561100,SUBMISSION,,VELVETFRUIT_EXTRACT,XIREC,5235.0,6
561300,SUBMISSION,,VELVETFRUIT_EXTRACT,XIREC,5235.0,2
561300,,,VELVETFRUIT_EXTRACT,XIREC,5234.0,1
563200,SUBMISSION,,VEV_4000,XIREC,1234.0,3
563700,,SUBMISSION,VEV_4000,XIREC,1241.0,1
564900,,,VELVETFRUIT_EXTRACT,XIREC,5233.0,6
566100,,,VELVETFRUIT_EXTRACT,XIREC,5233.0,3
566300,,,VELVETFRUIT_EXTRACT,XIREC,5235.0,5
566700,,,VEV_5400,XIREC,9.0,2
566700,,,VEV_5500,XIREC,3.0,2
566700,,,VEV_6000,XIREC,0.0,2
566700,,,VEV_6500,XIREC,0.0,2
568500,SUBMISSION,,HYDROGEL_PACK,XIREC,9972.0,2
569800,,,VELVETFRUIT_EXTRACT,XIREC,5225.0,5
571300,SUBMISSION,,VEV_4000,XIREC,1224.0,2
571300,,,VEV_4000,XIREC,1219.0,1
573500,,,VELVETFRUIT_EXTRACT,XIREC,5232.0,5
573500,,,VEV_4000,XIREC,1224.0,2
573700,,,VELVETFRUIT_EXTRACT,XIREC,5237.0,3
573800,,SUBMISSION,HYDROGEL_PACK,XIREC,9988.0,3
574200,,SUBMISSION,HYDROGEL_PACK,XIREC,9987.0,6
575100,,,VEV_5400,XIREC,9.0,4
575100,,,VEV_5500,XIREC,3.0,4
575100,,,VEV_6000,XIREC,0.0,4
575100,,,VEV_6500,XIREC,0.0,4
576500,,,VELVETFRUIT_EXTRACT,XIREC,5225.0,7
576700,,SUBMISSION,HYDROGEL_PACK,XIREC,9999.0,5
577700,,,VELVETFRUIT_EXTRACT,XIREC,5223.0,8
578300,,SUBMISSION,HYDROGEL_PACK,XIREC,9991.0,6
578300,,,VELVETFRUIT_EXTRACT,XIREC,5223.0,8
581600,,SUBMISSION,HYDROGEL_PACK,XIREC,9999.0,2
582600,,,HYDROGEL_PACK,XIREC,9980.0,4
585200,,,HYDROGEL_PACK,XIREC,10005.0,6
587100,,,VEV_5300,XIREC,28.0,4
587100,,,VEV_5400,XIREC,7.0,4
587100,,,VEV_5500,XIREC,2.0,4
587100,,,VEV_6000,XIREC,0.0,4
587100,,,VEV_6500,XIREC,0.0,4
587200,,,VELVETFRUIT_EXTRACT,XIREC,5214.0,6
587500,,,VEV_4000,XIREC,1202.0,1
587700,,SUBMISSION,HYDROGEL_PACK,XIREC,10012.0,4
588400,,SUBMISSION,HYDROGEL_PACK,XIREC,10014.0,6
588400,,,VELVETFRUIT_EXTRACT,XIREC,5217.0,5
588500,,,VEV_5300,XIREC,28.0,4
588500,,,VEV_5400,XIREC,7.0,4
588500,,,VEV_5500,XIREC,2.0,4
588500,,,VEV_6000,XIREC,0.0,4
588500,,,VEV_6500,XIREC,0.0,4
588800,,SUBMISSION,HYDROGEL_PACK,XIREC,10015.0,2
589300,,,HYDROGEL_PACK,XIREC,10001.0,3
589400,,,VELVETFRUIT_EXTRACT,XIREC,5212.0,3
590700,,SUBMISSION,VEV_4000,XIREC,1220.0,1
592000,,,VELVETFRUIT_EXTRACT,XIREC,5223.0,6
592200,,SUBMISSION,HYDROGEL_PACK,XIREC,10019.0,4
593000,,,VEV_5400,XIREC,8.0,5
593000,,,VEV_5500,XIREC,3.0,5
593000,,,VEV_6000,XIREC,0.0,5
593000,,,VEV_6500,XIREC,0.0,5
593400,,SUBMISSION,HYDROGEL_PACK,XIREC,10017.0,11
593400,,SUBMISSION,HYDROGEL_PACK,XIREC,10015.0,12
596100,,,HYDROGEL_PACK,XIREC,10002.0,3
596600,,SUBMISSION,HYDROGEL_PACK,XIREC,10011.0,6
597500,,SUBMISSION,HYDROGEL_PACK,XIREC,10014.0,4
600300,,SUBMISSION,VEV_4000,XIREC,1249.0,2
601600,,,HYDROGEL_PACK,XIREC,10013.0,6
602500,,SUBMISSION,HYDROGEL_PACK,XIREC,10019.0,10
602500,,SUBMISSION,HYDROGEL_PACK,XIREC,10016.0,10
602700,,SUBMISSION,HYDROGEL_PACK,XIREC,10020.0,11
602700,,SUBMISSION,HYDROGEL_PACK,XIREC,10018.0,25
603200,,SUBMISSION,HYDROGEL_PACK,XIREC,10023.0,12
603200,,SUBMISSION,HYDROGEL_PACK,XIREC,10020.0,28
603400,,SUBMISSION,HYDROGEL_PACK,XIREC,10021.0,13
603400,,SUBMISSION,HYDROGEL_PACK,XIREC,10019.0,3
603700,,SUBMISSION,HYDROGEL_PACK,XIREC,10023.0,14
603700,,SUBMISSION,HYDROGEL_PACK,XIREC,10020.0,16
603700,,SUBMISSION,VELVETFRUIT_EXTRACT,XIREC,5243.0,18
603800,,SUBMISSION,HYDROGEL_PACK,XIREC,10024.0,12
603800,,SUBMISSION,HYDROGEL_PACK,XIREC,10021.0,19
604100,,,VEV_5300,XIREC,38.0,2
604100,,,VEV_5400,XIREC,11.0,2
604100,,,VEV_5500,XIREC,4.0,2
604100,,,VEV_6000,XIREC,0.0,2
604100,,,VEV_6500,XIREC,0.0,2
604300,,SUBMISSION,HYDROGEL_PACK,XIREC,10026.0,15
604300,,SUBMISSION,HYDROGEL_PACK,XIREC,10024.0,24
604400,,SUBMISSION,HYDROGEL_PACK,XIREC,10027.0,11
604400,,SUBMISSION,HYDROGEL_PACK,XIREC,10024.0,27
604400,,SUBMISSION,HYDROGEL_PACK,XIREC,10042.0,3
604500,,SUBMISSION,HYDROGEL_PACK,XIREC,10027.0,13
604500,,SUBMISSION,HYDROGEL_PACK,XIREC,10024.0,13
604500,,SUBMISSION,VELVETFRUIT_EXTRACT,XIREC,5244.0,7
604600,,SUBMISSION,HYDROGEL_PACK,XIREC,10028.0,12
604600,,SUBMISSION,HYDROGEL_PACK,XIREC,10025.0,4
604700,,SUBMISSION,HYDROGEL_PACK,XIREC,10029.0,15
604700,,SUBMISSION,HYDROGEL_PACK,XIREC,10026.0,15
605100,SUBMISSION,,VEV_4000,XIREC,1238.0,3
605400,,SUBMISSION,HYDROGEL_PACK,XIREC,10030.0,2
607400,,SUBMISSION,VEV_4000,XIREC,1254.0,2
608800,,SUBMISSION,VELVETFRUIT_EXTRACT,XIREC,5254.0,3
608900,,,HYDROGEL_PACK,XIREC,10031.0,2
610900,SUBMISSION,,VEV_4000,XIREC,1244.0,2
610900,,,HYDROGEL_PACK,XIREC,10029.0,5
610900,,,VEV_4000,XIREC,1239.0,1
611300,,SUBMISSION,VELVETFRUIT_EXTRACT,XIREC,5243.0,6
612300,,,VELVETFRUIT_EXTRACT,XIREC,5241.0,8
614100,,SUBMISSION,VELVETFRUIT_EXTRACT,XIREC,5243.0,10
616700,,SUBMISSION,VELVETFRUIT_EXTRACT,XIREC,5237.0,4
617200,,,VELVETFRUIT_EXTRACT,XIREC,5237.0,6
620000,,,HYDROGEL_PACK,XIREC,10010.0,5
620600,SUBMISSION,,VELVETFRUIT_EXTRACT,XIREC,5234.0,23
620800,SUBMISSION,,VELVETFRUIT_EXTRACT,XIREC,5234.0,20
620800,,,VELVETFRUIT_EXTRACT,XIREC,5234.0,4
620900,SUBMISSION,,VELVETFRUIT_EXTRACT,XIREC,5233.0,5
622600,,,VEV_5400,XIREC,10.0,4
622600,,,VEV_5500,XIREC,3.0,4
622600,,,VEV_6000,XIREC,0.0,4
622600,,,VEV_6500,XIREC,0.0,4
624000,,,VEV_4000,XIREC,1226.0,2
624200,,,VEV_4000,XIREC,1226.0,2
625900,,SUBMISSION,VEV_4000,XIREC,1248.0,2
626300,,SUBMISSION,VELVETFRUIT_EXTRACT,XIREC,5247.0,5
627100,,SUBMISSION,VEV_4000,XIREC,1249.0,3
627400,,SUBMISSION,VELVETFRUIT_EXTRACT,XIREC,5245.0,7
629200,,,VELVETFRUIT_EXTRACT,XIREC,5243.0,5
630700,,,HYDROGEL_PACK,XIREC,10010.0,3
630800,,SUBMISSION,VELVETFRUIT_EXTRACT,XIREC,5241.0,18
631400,,,HYDROGEL_PACK,XIREC,10002.0,3
633100,,,HYDROGEL_PACK,XIREC,10017.0,6
634300,,,HYDROGEL_PACK,XIREC,10009.0,4
634400,,SUBMISSION,VELVETFRUIT_EXTRACT,XIREC,5244.0,5
635100,SUBMISSION,,VEV_4000,XIREC,1240.0,3
636200,,SUBMISSION,VELVETFRUIT_EXTRACT,XIREC,5245.0,17
637900,,SUBMISSION,VEV_4000,XIREC,1251.0,3
638600,,SUBMISSION,VELVETFRUIT_EXTRACT,XIREC,5245.0,22
640000,,,HYDROGEL_PACK,XIREC,10001.0,2
641500,,SUBMISSION,VELVETFRUIT_EXTRACT,XIREC,5247.0,5
642400,,,VEV_5400,XIREC,11.0,2
642400,,,VEV_5500,XIREC,4.0,2
642400,,,VEV_6000,XIREC,0.0,2
642400,,,VEV_6500,XIREC,0.0,2
643000,SUBMISSION,,VELVETFRUIT_EXTRACT,XIREC,5239.0,6
643300,,SUBMISSION,VEV_4000,XIREC,1247.0,1
644500,,,VEV_5400,XIREC,11.0,4
644500,,,VEV_5500,XIREC,4.0,4
644500,,,VEV_6000,XIREC,0.0,4
644500,,,VEV_6500,XIREC,0.0,4
645000,,,HYDROGEL_PACK,XIREC,10016.0,4
648700,SUBMISSION,,VEV_4000,XIREC,1240.0,3
650000,,,HYDROGEL_PACK,XIREC,10029.0,4
650200,,SUBMISSION,VELVETFRUIT_EXTRACT,XIREC,5245.0,6
650600,,SUBMISSION,VELVETFRUIT_EXTRACT,XIREC,5243.0,8
651100,SUBMISSION,,VELVETFRUIT_EXTRACT,XIREC,5240.0,15
651300,,SUBMISSION,VELVETFRUIT_EXTRACT,XIREC,5246.0,8
653800,,SUBMISSION,VELVETFRUIT_EXTRACT,XIREC,5251.0,5
655500,,,HYDROGEL_PACK,XIREC,10024.0,3
656600,,SUBMISSION,VELVETFRUIT_EXTRACT,XIREC,5252.0,8
658100,,SUBMISSION,VEV_4000,XIREC,1258.0,3
658300,,,VELVETFRUIT_EXTRACT,XIREC,5249.0,3
659500,,,HYDROGEL_PACK,XIREC,10046.0,5
659800,,,VELVETFRUIT_EXTRACT,XIREC,5256.0,6
661900,,,HYDROGEL_PACK,XIREC,10024.0,6
662600,,SUBMISSION,VELVETFRUIT_EXTRACT,XIREC,5250.0,6
663000,,,HYDROGEL_PACK,XIREC,10025.0,2
666500,,,VEV_5200,XIREC,91.0,2
666500,,,VEV_5300,XIREC,42.0,2
666500,,,VEV_5400,XIREC,12.0,2
666500,,,VEV_5500,XIREC,4.0,2
666500,,,VEV_6000,XIREC,0.0,2
666500,,,VEV_6500,XIREC,0.0,2
667800,,SUBMISSION,VELVETFRUIT_EXTRACT,XIREC,5261.0,5
669900,,SUBMISSION,VEV_4000,XIREC,1270.0,3
672600,,SUBMISSION,VELVETFRUIT_EXTRACT,XIREC,5270.0,3
672700,,SUBMISSION,VEV_5000,XIREC,270.0,7
672700,,SUBMISSION,VEV_5000,XIREC,269.0,22
672800,,SUBMISSION,VELVETFRUIT_EXTRACT,XIREC,5270.0,10
672800,,SUBMISSION,VEV_5000,XIREC,271.0,11
672800,,SUBMISSION,VEV_5000,XIREC,270.0,15
672800,,SUBMISSION,VEV_5100,XIREC,179.0,11
672800,,SUBMISSION,VEV_5100,XIREC,178.0,15
672900,,SUBMISSION,VEV_4000,XIREC,1262.0,14
672900,,SUBMISSION,VEV_4000,XIREC,1260.0,16
672900,,SUBMISSION,VEV_4500,XIREC,765.0,6
672900,,SUBMISSION,VEV_4500,XIREC,763.0,21
672900,,SUBMISSION,VEV_5000,XIREC,272.0,6
672900,,SUBMISSION,VEV_5000,XIREC,271.0,21
672900,,SUBMISSION,VEV_5100,XIREC,179.0,27
673000,,SUBMISSION,VEV_4000,XIREC,1262.0,14
673000,,SUBMISSION,VEV_4000,XIREC,1260.0,16
673000,,SUBMISSION,VEV_4500,XIREC,765.0,11
673000,,SUBMISSION,VEV_4500,XIREC,763.0,19
673000,,SUBMISSION,VEV_5000,XIREC,272.0,11
673000,,SUBMISSION,VEV_5000,XIREC,271.0,19
673000,,SUBMISSION,VEV_5100,XIREC,180.0,11
673000,,SUBMISSION,VEV_5100,XIREC,179.0,19
673000,,,VELVETFRUIT_EXTRACT,XIREC,5270.0,5
673100,,SUBMISSION,VELVETFRUIT_EXTRACT,XIREC,5272.0,9
673100,,SUBMISSION,VEV_4000,XIREC,1264.0,14
673100,,SUBMISSION,VEV_4000,XIREC,1261.0,16
673100,,SUBMISSION,VEV_4500,XIREC,766.0,10
673100,,SUBMISSION,VEV_4500,XIREC,764.0,16
673100,,SUBMISSION,VEV_5000,XIREC,274.0,10
673100,,SUBMISSION,VEV_5000,XIREC,273.0,16
673100,,SUBMISSION,VEV_5100,XIREC,181.0,26
673100,,SUBMISSION,VEV_5200,XIREC,104.0,10
673100,,SUBMISSION,VEV_5200,XIREC,103.0,16
673200,,SUBMISSION,VEV_4000,XIREC,1262.0,11
673200,,SUBMISSION,VEV_4000,XIREC,1259.0,19
673200,,SUBMISSION,VEV_4500,XIREC,764.0,8
673200,,SUBMISSION,VEV_4500,XIREC,762.0,19
673200,,SUBMISSION,VEV_5000,XIREC,271.0,27
673200,,SUBMISSION,VEV_5100,XIREC,179.0,27
673300,,SUBMISSION,VEV_4000,XIREC,1262.0,15
673300,,SUBMISSION,VEV_4000,XIREC,1259.0,15
673300,,SUBMISSION,VEV_4500,XIREC,764.0,12
673300,,SUBMISSION,VEV_4500,XIREC,762.0,17
673300,,SUBMISSION,VEV_5000,XIREC,272.0,12
673300,,SUBMISSION,VEV_5000,XIREC,271.0,17
673300,,SUBMISSION,VEV_5100,XIREC,179.0,29
673400,,SUBMISSION,VEV_4000,XIREC,1262.0,14
673400,,SUBMISSION,VEV_4000,XIREC,1259.0,16
673400,,SUBMISSION,VEV_4500,XIREC,764.0,11
673400,,SUBMISSION,VEV_4500,XIREC,762.0,19
673400,,SUBMISSION,VEV_5000,XIREC,272.0,11
673400,,SUBMISSION,VEV_5000,XIREC,271.0,19
673400,,SUBMISSION,VEV_5100,XIREC,179.0,30
673500,,SUBMISSION,VEV_4000,XIREC,1262.0,14
673500,,SUBMISSION,VEV_4000,XIREC,1259.0,16
673500,,SUBMISSION,VEV_4500,XIREC,764.0,10
673500,,SUBMISSION,VEV_4500,XIREC,762.0,20
673500,,SUBMISSION,VEV_5000,XIREC,272.0,10
673500,,SUBMISSION,VEV_5000,XIREC,271.0,20
673500,,SUBMISSION,VEV_5100,XIREC,179.0,30
673600,,SUBMISSION,VELVETFRUIT_EXTRACT,XIREC,5274.0,6
673600,,SUBMISSION,VEV_5000,XIREC,271.0,30
673600,,SUBMISSION,VEV_5100,XIREC,179.0,12
673600,,SUBMISSION,VEV_5100,XIREC,178.0,18
673700,,SUBMISSION,VEV_5000,XIREC,270.0,6
673700,,SUBMISSION,VEV_5000,XIREC,269.0,13
673700,,SUBMISSION,VEV_5100,XIREC,178.0,6
673700,,SUBMISSION,VEV_5100,XIREC,177.0,13
673900,,SUBMISSION,VEV_5000,XIREC,270.0,9
673900,,SUBMISSION,VEV_5000,XIREC,269.0,21
673900,,SUBMISSION,VEV_5100,XIREC,178.0,9
673900,,SUBMISSION,VEV_5100,XIREC,177.0,21
674000,,SUBMISSION,VEV_5000,XIREC,271.0,6
674000,,SUBMISSION,VEV_5000,XIREC,270.0,19
674000,,SUBMISSION,VEV_5100,XIREC,179.0,6
674000,,SUBMISSION,VEV_5100,XIREC,178.0,19
674000,,,HYDROGEL_PACK,XIREC,10015.0,2
674100,,SUBMISSION,VEV_4000,XIREC,1262.0,8
674100,,SUBMISSION,VEV_4000,XIREC,1260.0,22
674100,,SUBMISSION,VEV_4500,XIREC,765.0,10
674100,,SUBMISSION,VEV_4500,XIREC,763.0,20
674100,,SUBMISSION,VEV_5000,XIREC,272.0,10
674100,,SUBMISSION,VEV_5000,XIREC,271.0,20
674100,,SUBMISSION,VEV_5100,XIREC,179.0,30
674200,,SUBMISSION,VEV_5000,XIREC,270.0,23
674200,,SUBMISSION,VEV_5100,XIREC,178.0,23
674300,,SUBMISSION,VEV_5000,XIREC,270.0,25
674300,,SUBMISSION,VEV_5100,XIREC,178.0,25
674400,,,HYDROGEL_PACK,XIREC,10012.0,4
674600,,SUBMISSION,VEV_5000,XIREC,270.0,8
674600,,SUBMISSION,VEV_5000,XIREC,269.0,22
674700,,SUBMISSION,VEV_5000,XIREC,270.0,9
674700,,SUBMISSION,VEV_5000,XIREC,269.0,21
674800,,SUBMISSION,VEV_5000,XIREC,271.0,8
674800,,SUBMISSION,VEV_5000,XIREC,270.0,15
674800,,SUBMISSION,VEV_5100,XIREC,179.0,8
674800,,SUBMISSION,VEV_5100,XIREC,178.0,15
674900,,SUBMISSION,VEV_4000,XIREC,1263.0,8
674900,,SUBMISSION,VEV_4000,XIREC,1260.0,22
674900,,SUBMISSION,VEV_4500,XIREC,765.0,7
674900,,SUBMISSION,VEV_4500,XIREC,763.0,22
674900,,SUBMISSION,VEV_5000,XIREC,272.0,29
674900,,SUBMISSION,VEV_5100,XIREC,180.0,29
674900,,SUBMISSION,VEV_5200,XIREC,103.0,7
674900,,SUBMISSION,VEV_5200,XIREC,102.0,22
675000,,SUBMISSION,VEV_4000,XIREC,1262.0,11
675000,,SUBMISSION,VEV_4000,XIREC,1259.0,19
675000,,SUBMISSION,VEV_4500,XIREC,764.0,7
675000,,SUBMISSION,VEV_4500,XIREC,762.0,16
675000,,SUBMISSION,VEV_5000,XIREC,271.0,23
675000,,SUBMISSION,VEV_5100,XIREC,179.0,23
675100,,SUBMISSION,VEV_5000,XIREC,270.0,8
675100,,SUBMISSION,VEV_5000,XIREC,269.0,11
675200,,SUBMISSION,VEV_5100,XIREC,178.0,6
675200,,SUBMISSION,VEV_5100,XIREC,177.0,17
675300,,,HYDROGEL_PACK,XIREC,10017.0,2
675600,,SUBMISSION,VELVETFRUIT_EXTRACT,XIREC,5271.0,7
675600,,,HYDROGEL_PACK,XIREC,10018.0,3
676600,,SUBMISSION,VEV_4000,XIREC,1274.0,2
678200,,SUBMISSION,VEV_5100,XIREC,178.0,6
678200,,SUBMISSION,VEV_5100,XIREC,177.0,14
678400,,SUBMISSION,VEV_5100,XIREC,178.0,8
678400,,SUBMISSION,VEV_5100,XIREC,177.0,16
678500,,SUBMISSION,VEV_5100,XIREC,178.0,28
678600,,SUBMISSION,VEV_5100,XIREC,179.0,8
678600,,SUBMISSION,VEV_5100,XIREC,178.0,5
678700,,SUBMISSION,VEV_4000,XIREC,1262.0,7
678700,,SUBMISSION,VEV_4000,XIREC,1260.0,23
678700,,SUBMISSION,VEV_4500,XIREC,765.0,9
678700,,SUBMISSION,VEV_4500,XIREC,763.0,21
678700,,,HYDROGEL_PACK,XIREC,10013.0,6
678800,,SUBMISSION,VEV_4000,XIREC,1263.0,9
678800,,SUBMISSION,VEV_4000,XIREC,1261.0,20
678800,,SUBMISSION,VEV_4500,XIREC,766.0,11
678800,,SUBMISSION,VEV_4500,XIREC,764.0,18
678800,,SUBMISSION,VEV_5200,XIREC,103.0,29
678900,,SUBMISSION,VEV_4000,XIREC,1263.0,14
678900,,SUBMISSION,VEV_4000,XIREC,1261.0,16
678900,,SUBMISSION,VEV_4500,XIREC,766.0,9
678900,,SUBMISSION,VEV_4500,XIREC,764.0,14
678900,,SUBMISSION,VEV_5200,XIREC,103.0,9
678900,,SUBMISSION,VEV_5200,XIREC,102.0,14
679000,,SUBMISSION,VELVETFRUIT_EXTRACT,XIREC,5272.0,5
679000,,SUBMISSION,VEV_4000,XIREC,1263.0,15
679000,,SUBMISSION,VEV_4000,XIREC,1261.0,15
679000,,SUBMISSION,VEV_4500,XIREC,766.0,7
679000,,SUBMISSION,VEV_4500,XIREC,764.0,15
679000,,SUBMISSION,VEV_5200,XIREC,103.0,22
679100,,SUBMISSION,VEV_4000,XIREC,1263.0,13
679100,,SUBMISSION,VEV_4000,XIREC,1261.0,17
679100,,SUBMISSION,VEV_4500,XIREC,766.0,9
679100,,SUBMISSION,VEV_4500,XIREC,764.0,13
679100,,SUBMISSION,VEV_5200,XIREC,103.0,22
679200,,SUBMISSION,VEV_4000,XIREC,1263.0,11
679200,,SUBMISSION,VEV_4000,XIREC,1260.0,19
679200,,SUBMISSION,VEV_4500,XIREC,765.0,10
679200,,SUBMISSION,VEV_4500,XIREC,763.0,18
679200,,SUBMISSION,VEV_5200,XIREC,103.0,10
679200,,SUBMISSION,VEV_5200,XIREC,102.0,18
679300,,SUBMISSION,VEV_4000,XIREC,1264.0,12
679300,,SUBMISSION,VEV_4000,XIREC,1261.0,18
679300,,SUBMISSION,VEV_4500,XIREC,766.0,12
679300,,SUBMISSION,VEV_4500,XIREC,764.0,18
679300,,SUBMISSION,VEV_5200,XIREC,103.0,30
679400,,SUBMISSION,VELVETFRUIT_EXTRACT,XIREC,5274.0,17
679400,,SUBMISSION,VELVETFRUIT_EXTRACT,XIREC,5273.0,47
679400,,SUBMISSION,VEV_4000,XIREC,1265.0,11
679400,,SUBMISSION,VEV_4000,XIREC,1263.0,19
679400,,SUBMISSION,VEV_4500,XIREC,768.0,6
679400,,SUBMISSION,VEV_4500,XIREC,766.0,17
679400,,SUBMISSION,VEV_5200,XIREC,104.0,23
679500,,SUBMISSION,VELVETFRUIT_EXTRACT,XIREC,5274.0,24
679500,,SUBMISSION,VELVETFRUIT_EXTRACT,XIREC,5273.0,31
679500,,SUBMISSION,VEV_4000,XIREC,1266.0,13
679500,,SUBMISSION,VEV_4000,XIREC,1263.0,17
679500,,SUBMISSION,VEV_4500,XIREC,768.0,11
679500,,SUBMISSION,VEV_4500,XIREC,766.0,15
679500,,SUBMISSION,VEV_5200,XIREC,105.0,11
679500,,SUBMISSION,VEV_5200,XIREC,104.0,15
679500,,SUBMISSION,VEV_5300,XIREC,51.0,9
679500,,SUBMISSION,VEV_5300,XIREC,50.0,10
679600,,SUBMISSION,VELVETFRUIT_EXTRACT,XIREC,5274.0,20
679600,,SUBMISSION,VELVETFRUIT_EXTRACT,XIREC,5273.0,31
679600,,SUBMISSION,VEV_4000,XIREC,1266.0,7
679600,,SUBMISSION,VEV_4000,XIREC,1263.0,8
679600,,SUBMISSION,VEV_4500,XIREC,768.0,6
679600,,SUBMISSION,VEV_4500,XIREC,766.0,24
679600,,SUBMISSION,VEV_5200,XIREC,105.0,6
679600,,SUBMISSION,VEV_5200,XIREC,104.0,24
679700,,SUBMISSION,VELVETFRUIT_EXTRACT,XIREC,5274.0,67
679700,,SUBMISSION,VEV_4500,XIREC,769.0,7
679700,,SUBMISSION,VEV_4500,XIREC,767.0,17
679700,,SUBMISSION,VEV_5200,XIREC,105.0,24
679700,,SUBMISSION,VEV_5300,XIREC,51.0,17
679800,,SUBMISSION,VELVETFRUIT_EXTRACT,XIREC,5274.0,19
679800,,SUBMISSION,VEV_4500,XIREC,768.0,9
679800,,SUBMISSION,VEV_4500,XIREC,766.0,13
679800,,SUBMISSION,VEV_5200,XIREC,105.0,9
679800,,SUBMISSION,VEV_5200,XIREC,104.0,21
679800,,SUBMISSION,VEV_5300,XIREC,51.0,7
679800,,SUBMISSION,VEV_5300,XIREC,50.0,10
679900,,SUBMISSION,VEV_5200,XIREC,105.0,12
679900,,SUBMISSION,VEV_5200,XIREC,104.0,18
679900,,SUBMISSION,VEV_5300,XIREC,51.0,8
679900,,SUBMISSION,VEV_5300,XIREC,50.0,12
680000,,SUBMISSION,VEV_5200,XIREC,104.0,29
680100,,SUBMISSION,VEV_5200,XIREC,104.0,12
680100,,SUBMISSION,VEV_5200,XIREC,103.0,18
680300,,SUBMISSION,VEV_5200,XIREC,103.0,8
680300,,SUBMISSION,VEV_5200,XIREC,102.0,20
680500,,SUBMISSION,VEV_5200,XIREC,103.0,9
680500,,SUBMISSION,VEV_5200,XIREC,102.0,14
680600,,SUBMISSION,VEV_5200,XIREC,103.0,30
680700,,SUBMISSION,VEV_5200,XIREC,104.0,9
680700,,SUBMISSION,VEV_5200,XIREC,103.0,15
680800,,SUBMISSION,VEV_5200,XIREC,104.0,8
680800,,SUBMISSION,VEV_5200,XIREC,103.0,21
680900,,SUBMISSION,VEV_5200,XIREC,104.0,8
680900,,SUBMISSION,VEV_5200,XIREC,103.0,20
681000,,SUBMISSION,VEV_5200,XIREC,105.0,2
681000,,SUBMISSION,VEV_5300,XIREC,51.0,24
681000,,,HYDROGEL_PACK,XIREC,10010.0,5
681200,,SUBMISSION,VEV_5300,XIREC,51.0,16
681300,,SUBMISSION,VEV_5300,XIREC,52.0,2
681300,,SUBMISSION,VEV_5300,XIREC,51.0,16
681400,,SUBMISSION,VEV_5300,XIREC,52.0,8
681400,,SUBMISSION,VEV_5300,XIREC,51.0,17
681500,,SUBMISSION,VEV_5300,XIREC,51.0,19
681600,,SUBMISSION,VEV_5300,XIREC,51.0,9
681600,,SUBMISSION,VEV_5300,XIREC,50.0,12
681700,,SUBMISSION,VEV_5300,XIREC,51.0,28
681800,,SUBMISSION,VEV_5300,XIREC,51.0,19
681900,,SUBMISSION,VEV_5300,XIREC,51.0,17
682000,,SUBMISSION,VEV_5300,XIREC,52.0,29
682100,,SUBMISSION,VEV_5300,XIREC,52.0,23
682200,,SUBMISSION,VEV_5300,XIREC,53.0,5
682200,,SUBMISSION,VEV_5300,XIREC,52.0,18
682300,,SUBMISSION,VEV_5300,XIREC,52.0,24
682400,,SUBMISSION,VEV_5300,XIREC,52.0,6
682400,,SUBMISSION,VEV_5300,XIREC,51.0,14
682500,,SUBMISSION,VEV_5300,XIREC,51.0,21
682600,,SUBMISSION,VEV_5300,XIREC,51.0,27
682700,,SUBMISSION,VEV_5300,XIREC,52.0,24
682800,,SUBMISSION,VEV_5300,XIREC,52.0,28
682800,,,VELVETFRUIT_EXTRACT,XIREC,5283.0,6
682900,,SUBMISSION,VEV_5300,XIREC,52.0,26
683000,,SUBMISSION,VEV_5300,XIREC,52.0,23
683100,,SUBMISSION,VEV_5300,XIREC,52.0,20
683200,,SUBMISSION,VEV_5300,XIREC,52.0,19
683300,,SUBMISSION,VEV_5300,XIREC,52.0,19
683400,,SUBMISSION,VEV_5300,XIREC,52.0,9
683900,,,VELVETFRUIT_EXTRACT,XIREC,5283.0,3
684500,,,VELVETFRUIT_EXTRACT,XIREC,5273.0,7
686100,SUBMISSION,,HYDROGEL_PACK,XIREC,9997.0,6
686400,,,VELVETFRUIT_EXTRACT,XIREC,5274.0,8
686700,,SUBMISSION,HYDROGEL_PACK,XIREC,10015.0,5
687700,,,VELVETFRUIT_EXTRACT,XIREC,5269.0,7
687700,,,VELVETFRUIT_EXTRACT,XIREC,5271.0,5
688500,,,VELVETFRUIT_EXTRACT,XIREC,5272.0,3
688600,,,VEV_5400,XIREC,16.0,2
688600,,,VEV_5500,XIREC,6.0,2
688600,,,VEV_6000,XIREC,0.0,2
688600,,,VEV_6500,XIREC,0.0,2
689700,,,HYDROGEL_PACK,XIREC,9997.0,5
690500,SUBMISSION,,VEV_4000,XIREC,1268.0,1
690600,,,VELVETFRUIT_EXTRACT,XIREC,5275.0,5
690800,SUBMISSION,,HYDROGEL_PACK,XIREC,9991.0,5
690800,,SUBMISSION,VEV_4000,XIREC,1263.0,1
691100,,,VEV_5400,XIREC,15.0,5
691100,,,VEV_5500,XIREC,6.0,5
691100,,,VEV_6000,XIREC,0.0,5
691100,,,VEV_6500,XIREC,0.0,5
691200,,,VELVETFRUIT_EXTRACT,XIREC,5271.0,7
691600,SUBMISSION,,HYDROGEL_PACK,XIREC,9991.0,5
692000,,SUBMISSION,VEV_4000,XIREC,1277.0,1
692100,,,VELVETFRUIT_EXTRACT,XIREC,5272.0,8
692500,,,VELVETFRUIT_EXTRACT,XIREC,5268.0,6
693900,,,VELVETFRUIT_EXTRACT,XIREC,5271.0,3
694400,,,VELVETFRUIT_EXTRACT,XIREC,5271.0,3
694500,,SUBMISSION,HYDROGEL_PACK,XIREC,10015.0,4
695800,,,VEV_5500,XIREC,5.0,5
695800,,,VEV_6000,XIREC,0.0,5
695800,,,VEV_6500,XIREC,0.0,5
696000,,SUBMISSION,HYDROGEL_PACK,XIREC,10015.0,2
697000,,SUBMISSION,HYDROGEL_PACK,XIREC,10016.0,4
697400,,SUBMISSION,HYDROGEL_PACK,XIREC,10017.0,1
697400,,,HYDROGEL_PACK,XIREC,10018.0,1
698800,,,HYDROGEL_PACK,XIREC,9999.0,2
699800,SUBMISSION,,VEV_4000,XIREC,1265.0,3
700500,,,VELVETFRUIT_EXTRACT,XIREC,5264.0,10
701000,,,VELVETFRUIT_EXTRACT,XIREC,5263.0,4
702100,,,VELVETFRUIT_EXTRACT,XIREC,5265.0,5
702200,,,VELVETFRUIT_EXTRACT,XIREC,5260.0,3
704600,,,VELVETFRUIT_EXTRACT,XIREC,5265.0,8
705100,,,VELVETFRUIT_EXTRACT,XIREC,5267.0,7
705700,,,VELVETFRUIT_EXTRACT,XIREC,5261.0,4
705900,,,HYDROGEL_PACK,XIREC,10032.0,6
707900,,,HYDROGEL_PACK,XIREC,10021.0,6
711200,SUBMISSION,,VEV_4000,XIREC,1253.0,3
711900,SUBMISSION,,VEV_5300,XIREC,43.0,3
711900,,,VEV_5400,XIREC,13.0,3
711900,,,VEV_5500,XIREC,5.0,3
711900,,,VEV_6000,XIREC,0.0,3
711900,,,VEV_6500,XIREC,0.0,3
713000,,,VELVETFRUIT_EXTRACT,XIREC,5255.0,8
714100,SUBMISSION,,VELVETFRUIT_EXTRACT,XIREC,5248.0,8
714600,SUBMISSION,,VELVETFRUIT_EXTRACT,XIREC,5250.0,72
714700,SUBMISSION,,VELVETFRUIT_EXTRACT,XIREC,5249.0,21
714700,SUBMISSION,,VELVETFRUIT_EXTRACT,XIREC,5250.0,42
714800,SUBMISSION,,VELVETFRUIT_EXTRACT,XIREC,5248.0,61
714800,SUBMISSION,,VEV_5200,XIREC,86.0,30
714900,SUBMISSION,,VELVETFRUIT_EXTRACT,XIREC,5246.0,21
714900,SUBMISSION,,VELVETFRUIT_EXTRACT,XIREC,5247.0,42
714900,SUBMISSION,,VEV_5200,XIREC,85.0,8
714900,SUBMISSION,,VEV_5200,XIREC,86.0,16
714900,SUBMISSION,,VEV_5300,XIREC,39.0,20
715000,SUBMISSION,,VELVETFRUIT_EXTRACT,XIREC,5249.0,25
715000,SUBMISSION,,VELVETFRUIT_EXTRACT,XIREC,5250.0,42
715100,SUBMISSION,,VELVETFRUIT_EXTRACT,XIREC,5249.0,65
715200,SUBMISSION,,VELVETFRUIT_EXTRACT,XIREC,5249.0,1
715300,,,VELVETFRUIT_EXTRACT,XIREC,5244.0,8
715400,SUBMISSION,,VEV_5200,XIREC,86.0,30
715500,SUBMISSION,,VEV_5200,XIREC,86.0,27
715500,,,HYDROGEL_PACK,XIREC,10036.0,6
716900,,,HYDROGEL_PACK,XIREC,10028.0,3
717300,,,VELVETFRUIT_EXTRACT,XIREC,5244.0,12
717800,SUBMISSION,,VEV_5300,XIREC,39.0,20
718000,SUBMISSION,,VEV_5200,XIREC,86.0,30
718000,SUBMISSION,,VEV_5300,XIREC,39.0,19
718100,SUBMISSION,,VEV_5200,XIREC,85.0,24
718100,SUBMISSION,,VEV_5300,XIREC,39.0,17
718200,SUBMISSION,,VEV_5200,XIREC,85.0,23
718200,SUBMISSION,,VEV_5300,XIREC,38.0,21
718300,SUBMISSION,,VEV_5200,XIREC,85.0,8
718300,SUBMISSION,,VEV_5200,XIREC,86.0,14
718300,SUBMISSION,,VEV_5300,XIREC,39.0,21
718400,SUBMISSION,,VEV_5200,XIREC,85.0,30
718400,SUBMISSION,,VEV_5300,XIREC,39.0,25
718500,SUBMISSION,,VEV_5200,XIREC,84.0,7
718500,SUBMISSION,,VEV_5200,XIREC,85.0,23
718500,SUBMISSION,,VEV_5300,XIREC,38.0,22
718600,SUBMISSION,,VEV_5200,XIREC,85.0,26
718600,SUBMISSION,,VEV_5300,XIREC,39.0,21
718800,SUBMISSION,,VEV_5200,XIREC,85.0,12
718800,SUBMISSION,,VEV_5200,XIREC,86.0,14
718800,SUBMISSION,,VEV_5300,XIREC,39.0,27
718900,SUBMISSION,,VEV_5200,XIREC,85.0,10
718900,SUBMISSION,,VEV_5200,XIREC,86.0,20
718900,SUBMISSION,,VEV_5300,XIREC,39.0,23
719000,SUBMISSION,,VEV_5200,XIREC,86.0,30
719000,SUBMISSION,,VEV_5300,XIREC,39.0,24
719000,,,HYDROGEL_PACK,XIREC,10033.0,5
719100,SUBMISSION,,VEV_5200,XIREC,86.0,30
719100,SUBMISSION,,VEV_5300,XIREC,39.0,18
719200,SUBMISSION,,VEV_5300,XIREC,39.0,25
719300,SUBMISSION,,VEV_5200,XIREC,86.0,26
719300,SUBMISSION,,VEV_5300,XIREC,39.0,25
719400,SUBMISSION,,VEV_5200,XIREC,86.0,28
719400,SUBMISSION,,VEV_5300,XIREC,39.0,26
719500,SUBMISSION,,VEV_5200,XIREC,86.0,21
719500,SUBMISSION,,VEV_5300,XIREC,39.0,25
719600,SUBMISSION,,VEV_5200,XIREC,85.0,8
719600,SUBMISSION,,VEV_5200,XIREC,86.0,22
719600,SUBMISSION,,VEV_5300,XIREC,39.0,20
719700,SUBMISSION,,VEV_5300,XIREC,39.0,19
719800,SUBMISSION,,VEV_5200,XIREC,85.0,10
719800,SUBMISSION,,VEV_5200,XIREC,86.0,13
719800,SUBMISSION,,VEV_5300,XIREC,39.0,23
719900,SUBMISSION,,VEV_5200,XIREC,84.0,8
719900,SUBMISSION,,VEV_5200,XIREC,85.0,12
719900,SUBMISSION,,VEV_5300,XIREC,38.0,28
720000,SUBMISSION,,VEV_5200,XIREC,85.0,24
720000,SUBMISSION,,VEV_5300,XIREC,38.0,28
720100,SUBMISSION,,VEV_5100,XIREC,156.0,30
720100,SUBMISSION,,VEV_5200,XIREC,84.0,6
720100,SUBMISSION,,VEV_5300,XIREC,38.0,26
720200,SUBMISSION,,VEV_5100,XIREC,156.0,25
720200,SUBMISSION,,VEV_5300,XIREC,38.0,22
720300,SUBMISSION,,VEV_5100,XIREC,155.0,11
720300,SUBMISSION,,VEV_5100,XIREC,156.0,19
720300,SUBMISSION,,VEV_5300,XIREC,38.0,22
720400,SUBMISSION,,VEV_5000,XIREC,246.0,29
720400,SUBMISSION,,VEV_5100,XIREC,155.0,29
720400,SUBMISSION,,VEV_5300,XIREC,37.0,20
720500,SUBMISSION,,VEV_5000,XIREC,245.0,6
720500,SUBMISSION,,VEV_5000,XIREC,246.0,12
720500,SUBMISSION,,VEV_5100,XIREC,154.0,18
720500,,,VELVETFRUIT_EXTRACT,XIREC,5237.0,11
720600,SUBMISSION,,VEV_5000,XIREC,245.0,25
720600,SUBMISSION,,VEV_5100,XIREC,154.0,25
720700,SUBMISSION,,VEV_5000,XIREC,244.0,6
720700,SUBMISSION,,VEV_5000,XIREC,245.0,18
720700,SUBMISSION,,VEV_5100,XIREC,153.0,6
720700,SUBMISSION,,VEV_5100,XIREC,154.0,18
720800,SUBMISSION,,VEV_5000,XIREC,245.0,10
720800,SUBMISSION,,VEV_5000,XIREC,246.0,13
720800,SUBMISSION,,VEV_5100,XIREC,154.0,23
720900,SUBMISSION,,VEV_5000,XIREC,245.0,12
720900,SUBMISSION,,VEV_5000,XIREC,246.0,18
720900,SUBMISSION,,VEV_5100,XIREC,154.0,12
720900,SUBMISSION,,VEV_5100,XIREC,155.0,18
721000,SUBMISSION,,VEV_5000,XIREC,246.0,30
721000,SUBMISSION,,VEV_5100,XIREC,155.0,30
721100,SUBMISSION,,VEV_5000,XIREC,244.0,6
721100,SUBMISSION,,VEV_5000,XIREC,245.0,16
721100,SUBMISSION,,VEV_5100,XIREC,153.0,6
721100,SUBMISSION,,VEV_5100,XIREC,154.0,16
721200,SUBMISSION,,VEV_5000,XIREC,246.0,20
721200,SUBMISSION,,VEV_5100,XIREC,155.0,20
721200,,,VELVETFRUIT_EXTRACT,XIREC,5239.0,3
721300,SUBMISSION,,VEV_5100,XIREC,155.0,10
721300,SUBMISSION,,VEV_5100,XIREC,156.0,20
721400,SUBMISSION,,VEV_5000,XIREC,246.0,8
721400,SUBMISSION,,VEV_5000,XIREC,247.0,18
721400,SUBMISSION,,VEV_5100,XIREC,155.0,26
721500,SUBMISSION,,VEV_5100,XIREC,156.0,28
721600,SUBMISSION,,VEV_5000,XIREC,246.0,8
721600,SUBMISSION,,VEV_5000,XIREC,247.0,12
721600,SUBMISSION,,VEV_5100,XIREC,155.0,20
721700,SUBMISSION,,VEV_5000,XIREC,246.0,11
721700,SUBMISSION,,VEV_5000,XIREC,247.0,15
721700,SUBMISSION,,VEV_5100,XIREC,155.0,26
721800,SUBMISSION,,VEV_5000,XIREC,246.0,30
721800,SUBMISSION,,VEV_5100,XIREC,155.0,30
721900,SUBMISSION,,VEV_4500,XIREC,745.0,9
721900,SUBMISSION,,VEV_4500,XIREC,747.0,15
721900,SUBMISSION,,VEV_5000,XIREC,244.0,24
721900,SUBMISSION,,VEV_5100,XIREC,153.0,24
722000,SUBMISSION,,VEV_5000,XIREC,244.0,6
722000,SUBMISSION,,VEV_5000,XIREC,245.0,24
722000,SUBMISSION,,VEV_5100,XIREC,153.0,6
722000,SUBMISSION,,VEV_5100,XIREC,154.0,24
722100,SUBMISSION,,VEV_5000,XIREC,245.0,24
722100,SUBMISSION,,VEV_5100,XIREC,154.0,24
722200,SUBMISSION,,VEV_5000,XIREC,245.0,11
722200,SUBMISSION,,VEV_5000,XIREC,246.0,17
722200,SUBMISSION,,VEV_5100,XIREC,154.0,28
722300,SUBMISSION,,VEV_5000,XIREC,246.0,24
722300,SUBMISSION,,VEV_5100,XIREC,155.0,18
722300,,,VELVETFRUIT_EXTRACT,XIREC,5242.0,4
722400,SUBMISSION,,VEV_5000,XIREC,245.0,12
722400,SUBMISSION,,VEV_5000,XIREC,246.0,12
722500,SUBMISSION,,VEV_5000,XIREC,245.0,23
722600,SUBMISSION,,VEV_5000,XIREC,246.0,12
722600,SUBMISSION,,VEV_5000,XIREC,247.0,18
722700,SUBMISSION,,VEV_5000,XIREC,246.0,30
722800,SUBMISSION,,VEV_5000,XIREC,246.0,25
722900,SUBMISSION,,VEV_5000,XIREC,245.0,5
723600,SUBMISSION,,VEV_4000,XIREC,1246.0,10
723600,SUBMISSION,,VEV_4000,XIREC,1249.0,20
723600,SUBMISSION,,VEV_4500,XIREC,744.0,7
723600,SUBMISSION,,VEV_4500,XIREC,745.0,12
723700,SUBMISSION,,VEV_4000,XIREC,1246.0,15
723700,SUBMISSION,,VEV_4000,XIREC,1248.0,15
723700,SUBMISSION,,VEV_4500,XIREC,743.0,10
723700,SUBMISSION,,VEV_4500,XIREC,745.0,15
723800,SUBMISSION,,VEV_4000,XIREC,1246.0,14
723800,SUBMISSION,,VEV_4000,XIREC,1248.0,16
723800,SUBMISSION,,VEV_4500,XIREC,743.0,6
723800,SUBMISSION,,VEV_4500,XIREC,745.0,23
723900,SUBMISSION,,VEV_4000,XIREC,1246.0,13
723900,SUBMISSION,,VEV_4000,XIREC,1249.0,17
723900,SUBMISSION,,VEV_4500,XIREC,744.0,12
723900,SUBMISSION,,VEV_4500,XIREC,746.0,15
724000,SUBMISSION,,VEV_4000,XIREC,1246.0,13
724000,SUBMISSION,,VEV_4000,XIREC,1248.0,17
724000,SUBMISSION,,VEV_4500,XIREC,743.0,6
724000,SUBMISSION,,VEV_4500,XIREC,745.0,19
724100,SUBMISSION,,VEV_4000,XIREC,1245.0,13
724100,SUBMISSION,,VEV_4000,XIREC,1247.0,17
724100,SUBMISSION,,VEV_4500,XIREC,742.0,7
724100,SUBMISSION,,VEV_4500,XIREC,744.0,23
724300,SUBMISSION,,VEV_4000,XIREC,1246.0,9
724300,SUBMISSION,,VEV_4000,XIREC,1248.0,21
724300,SUBMISSION,,VEV_4500,XIREC,743.0,7
724300,SUBMISSION,,VEV_4500,XIREC,745.0,17
724400,SUBMISSION,,VEV_4000,XIREC,1245.0,13
724400,SUBMISSION,,VEV_4000,XIREC,1247.0,17
724400,SUBMISSION,,VEV_4500,XIREC,742.0,8
724400,SUBMISSION,,VEV_4500,XIREC,744.0,14
724500,SUBMISSION,,VEV_4000,XIREC,1247.0,10
724500,SUBMISSION,,VEV_4000,XIREC,1250.0,20
724600,SUBMISSION,,VEV_4000,XIREC,1246.0,12
