timestamp,buyer,seller,symbol,currency,price,quantity
2500,,,VELVETFRUIT_EXTRACT,XIREC,5250.0,4
2900,SUBMISSION,,VEV_5400,XIREC,22.0,3
2900,SUBMISSION,,VEV_5500,XIREC,8.0,3
2900,,,VEV_6000,XIREC,0.0,3
2900,,,VEV_6500,XIREC,0.0,3
3400,SUBMISSION,,VELVETFRUIT_EXTRACT,XIREC,5247.0,19
3600,SUBMISSION,,VELVETFRUIT_EXTRACT,XIREC,5246.0,16
3800,SUBMISSION,,VELVETFRUIT_EXTRACT,XIREC,5243.0,11
3900,SUBMISSION,,VELVETFRUIT_EXTRACT,XIREC,5246.0,55
4000,SUBMISSION,,VELVETFRUIT_EXTRACT,XIREC,5245.0,52
4100,SUBMISSION,,VELVETFRUIT_EXTRACT,XIREC,5244.0,19
4100,SUBMISSION,,VELVETFRUIT_EXTRACT,XIREC,5245.0,28
5200,,,VELVETFRUIT_EXTRACT,XIREC,5236.0,3
5500,,,VELVETFRUIT_EXTRACT,XIREC,5241.0,8
8000,,SUBMISSION,HYDROGEL_PACK,XIREC,10017.0,6
9000,SUBMISSION,,VEV_4000,XIREC,1227.0,2
9300,,,VELVETFRUIT_EXTRACT,XIREC,5229.0,6
9900,SUBMISSION,,VEV_5100,XIREC,161.0,7
9900,SUBMISSION,,VEV_5100,XIREC,162.0,22
9900,SUBMISSION,,VEV_5200,XIREC,94.0,29
9900,SUBMISSION,,VEV_5300,XIREC,48.0,22
9900,SUBMISSION,,VEV_5400,XIREC,20.0,9
9900,SUBMISSION,,VEV_5400,XIREC,21.0,13
9900,SUBMISSION,,VEV_5500,XIREC,8.0,22
10000,SUBMISSION,,VEV_5100,XIREC,160.0,21
10000,SUBMISSION,,VEV_5200,XIREC,93.0,21
10000,SUBMISSION,,VEV_5300,XIREC,47.0,28
10000,SUBMISSION,,VEV_5400,XIREC,20.0,28
10000,SUBMISSION,,VEV_5500,XIREC,8.0,28
10100,,SUBMISSION,HYDROGEL_PACK,XIREC,10013.0,5
10100,SUBMISSION,,VEV_5100,XIREC,159.0,8
10100,SUBMISSION,,VEV_5100,XIREC,160.0,20
10100,SUBMISSION,,VEV_5200,XIREC,92.0,28
10100,SUBMISSION,,VEV_5300,XIREC,47.0,20
10100,SUBMISSION,,VEV_5400,XIREC,20.0,20
10100,SUBMISSION,,VEV_5500,XIREC,8.0,20
10200,SUBMISSION,,VEV_5100,XIREC,160.0,6
10200,SUBMISSION,,VEV_5100,XIREC,161.0,21
10200,SUBMISSION,,VEV_5200,XIREC,93.0,27
10200,SUBMISSION,,VEV_5300,XIREC,47.0,20
10200,SUBMISSION,,VEV_5400,XIREC,20.0,20
10200,SUBMISSION,,VEV_5500,XIREC,8.0,20
10300,SUBMISSION,,VEV_5100,XIREC,160.0,8
10300,SUBMISSION,,VEV_5100,XIREC,161.0,13
10300,SUBMISSION,,VEV_5200,XIREC,93.0,21
10300,SUBMISSION,,VEV_5300,XIREC,47.0,26
10300,SUBMISSION,,VEV_5400,XIREC,20.0,26
10300,SUBMISSION,,VEV_5500,XIREC,8.0,26
10400,SUBMISSION,,VEV_5100,XIREC,161.0,12
10400,SUBMISSION,,VEV_5100,XIREC,162.0,12
10400,SUBMISSION,,VEV_5200,XIREC,93.0,12
10400,SUBMISSION,,VEV_5200,XIREC,94.0,12
10400,SUBMISSION,,VEV_5300,XIREC,48.0,23
10400,SUBMISSION,,VEV_5400,XIREC,20.0,23
10400,SUBMISSION,,VEV_5500,XIREC,8.0,23
10500,SUBMISSION,,VEV_5100,XIREC,162.0,23
10500,SUBMISSION,,VEV_5200,XIREC,94.0,23
10500,SUBMISSION,,VEV_5300,XIREC,48.0,28
10500,SUBMISSION,,VEV_5400,XIREC,20.0,9
10500,SUBMISSION,,VEV_5400,XIREC,21.0,19
10500,SUBMISSION,,VEV_5500,XIREC,8.0,28
10600,SUBMISSION,,VEV_5100,XIREC,161.0,12
10600,SUBMISSION,,VEV_5100,XIREC,162.0,18
10600,SUBMISSION,,VEV_5200,XIREC,94.0,30
10600,SUBMISSION,,VEV_5300,XIREC,48.0,27
10600,SUBMISSION,,VEV_5400,XIREC,20.0,9
10600,SUBMISSION,,VEV_5400,XIREC,21.0,18
10600,SUBMISSION,,VEV_5500,XIREC,8.0,27
10700,SUBMISSION,,VEV_5100,XIREC,162.0,24
10700,SUBMISSION,,VEV_5200,XIREC,94.0,24
10700,SUBMISSION,,VEV_5300,XIREC,48.0,23
10700,SUBMISSION,,VEV_5400,XIREC,21.0,23
10700,SUBMISSION,,VEV_5500,XIREC,8.0,23
10800,SUBMISSION,,VEV_5100,XIREC,162.0,8
10800,SUBMISSION,,VEV_5100,XIREC,163.0,21
10800,SUBMISSION,,VEV_5200,XIREC,94.0,8
10800,SUBMISSION,,VEV_5200,XIREC,95.0,21
10800,SUBMISSION,,VEV_5300,XIREC,48.0,24
10800,SUBMISSION,,VEV_5400,XIREC,21.0,24
10800,SUBMISSION,,VEV_5500,XIREC,8.0,24
10900,SUBMISSION,,VEV_5100,XIREC,163.0,24
10900,SUBMISSION,,VEV_5200,XIREC,94.0,9
10900,SUBMISSION,,VEV_5200,XIREC,95.0,15
10900,SUBMISSION,,VEV_5300,XIREC,48.0,17
10900,SUBMISSION,,VEV_5400,XIREC,21.0,17
10900,SUBMISSION,,VEV_5500,XIREC,8.0,17
11000,SUBMISSION,,VEV_5100,XIREC,163.0,15
11000,SUBMISSION,,VEV_5200,XIREC,95.0,15
11000,SUBMISSION,,VEV_5300,XIREC,48.0,10
11000,SUBMISSION,,VEV_5300,XIREC,49.0,14
11000,SUBMISSION,,VEV_5400,XIREC,21.0,24
11000,SUBMISSION,,VEV_5500,XIREC,8.0,24
11100,,SUBMISSION,VEV_4000,XIREC,1241.0,1
11100,SUBMISSION,,VEV_5300,XIREC,48.0,13
11100,SUBMISSION,,VEV_5400,XIREC,21.0,10
11100,SUBMISSION,,VEV_5500,XIREC,8.0,10
11900,,,VELVETFRUIT_EXTRACT,XIREC,5237.0,4
14000,,,VELVETFRUIT_EXTRACT,XIREC,5243.0,7
15200,SUBMISSION,,VEV_4000,XIREC,1243.0,5
15200,SUBMISSION,,VEV_4000,XIREC,1254.0,12
15200,SUBMISSION,,VEV_4000,XIREC,1257.0,13
15200,,,VEV_5400,XIREC,21.0,5
15200,,,VEV_5500,XIREC,7.0,5
15200,,,VEV_6000,XIREC,0.0,5
15200,,,VEV_6500,XIREC,0.0,5
15300,,SUBMISSION,HYDROGEL_PACK,XIREC,10025.0,3
15400,SUBMISSION,,VEV_4000,XIREC,1236.0,3
15700,,,HYDROGEL_PACK,XIREC,10009.0,2
16400,,,HYDROGEL_PACK,XIREC,10009.0,4
16500,,SUBMISSION,VEV_5400,XIREC,21.0,7
16700,,SUBMISSION,VEV_5400,XIREC,21.0,6
17000,,,VELVETFRUIT_EXTRACT,XIREC,5239.0,6
17300,,SUBMISSION,VEV_5400,XIREC,21.0,9
18000,,SUBMISSION,VEV_5400,XIREC,20.0,20
18000,SUBMISSION,,VEV_5400,XIREC,21.0,20
18100,,SUBMISSION,VEV_5400,XIREC,20.0,17
18100,SUBMISSION,,VEV_5400,XIREC,21.0,17
18200,SUBMISSION,,VEV_5400,XIREC,21.0,18
18300,SUBMISSION,,VEV_5400,XIREC,21.0,4
18600,,SUBMISSION,VEV_4000,XIREC,1242.0,3
19900,,,VELVETFRUIT_EXTRACT,XIREC,5236.0,7
20300,,,HYDROGEL_PACK,XIREC,10002.0,5
20500,,,HYDROGEL_PACK,XIREC,10000.0,3
20700,,,VELVETFRUIT_EXTRACT,XIREC,5238.0,5
22500,,,VELVETFRUIT_EXTRACT,XIREC,5234.0,4
23200,,,VELVETFRUIT_EXTRACT,XIREC,5234.0,4
23300,,,HYDROGEL_PACK,XIREC,9997.0,2
24100,SUBMISSION,,HYDROGEL_PACK,XIREC,9995.0,5
24400,SUBMISSION,,VEV_4000,XIREC,1229.0,1
26100,,,VELVETFRUIT_EXTRACT,XIREC,5227.0,5
27300,,,VELVETFRUIT_EXTRACT,XIREC,5230.0,3
28400,SUBMISSION,,HYDROGEL_PACK,XIREC,9995.0,14
28400,,,VELVETFRUIT_EXTRACT,XIREC,5230.0,8
28500,SUBMISSION,,HYDROGEL_PACK,XIREC,9994.0,10
28500,,,HYDROGEL_PACK,XIREC,9994.0,5
28600,SUBMISSION,,HYDROGEL_PACK,XIREC,9991.0,12
28600,SUBMISSION,,HYDROGEL_PACK,XIREC,9994.0,29
28700,SUBMISSION,,HYDROGEL_PACK,XIREC,9992.0,13
28700,SUBMISSION,,HYDROGEL_PACK,XIREC,9995.0,24
28800,SUBMISSION,,HYDROGEL_PACK,XIREC,9991.0,10
28800,SUBMISSION,,HYDROGEL_PACK,XIREC,9994.0,20
28900,SUBMISSION,,HYDROGEL_PACK,XIREC,9988.0,14
28900,SUBMISSION,,HYDROGEL_PACK,XIREC,9991.0,22
29000,SUBMISSION,,HYDROGEL_PACK,XIREC,9989.0,15
29000,SUBMISSION,,HYDROGEL_PACK,XIREC,9992.0,24
29100,SUBMISSION,,HYDROGEL_PACK,XIREC,9989.0,2
29100,,,HYDROGEL_PACK,XIREC,9973.0,6
29800,,,VELVETFRUIT_EXTRACT,XIREC,5232.0,4
31700,,,VEV_5400,XIREC,18.0,5
31700,,,VEV_5500,XIREC,6.0,5
31700,,,VEV_6000,XIREC,0.0,5
31700,,,VEV_6500,XIREC,0.0,5
33300,,,VELVETFRUIT_EXTRACT,XIREC,5233.0,6
35900,,SUBMISSION,VEV_5500,XIREC,7.0,7
36000,SUBMISSION,,VEV_5500,XIREC,8.0,7
36500,,,VELVETFRUIT_EXTRACT,XIREC,5229.0,7
36800,,,VELVETFRUIT_EXTRACT,XIREC,5228.0,7
37300,,,VELVETFRUIT_EXTRACT,XIREC,5231.0,5
38200,,SUBMISSION,VEV_5500,XIREC,7.0,6
38200,,,VELVETFRUIT_EXTRACT,XIREC,5232.0,5
38300,SUBMISSION,,VEV_5500,XIREC,8.0,6
38400,,,VELVETFRUIT_EXTRACT,XIREC,5235.0,3
38700,,,VELVETFRUIT_EXTRACT,XIREC,5236.0,6
39900,,,VELVETFRUIT_EXTRACT,XIREC,5230.0,8
40300,,SUBMISSION,VEV_5500,XIREC,7.0,7
40400,,SUBMISSION,VEV_5500,XIREC,7.0,8
40500,SUBMISSION,,VEV_5500,XIREC,8.0,15
40500,,,VELVETFRUIT_EXTRACT,XIREC,5232.0,7
41500,,SUBMISSION,VEV_4000,XIREC,1237.0,1
42100,,SUBMISSION,VEV_5500,XIREC,7.0,8
42200,,SUBMISSION,VEV_5500,XIREC,7.0,10
42300,,SUBMISSION,VEV_5500,XIREC,7.0,10
42400,SUBMISSION,,VEV_5500,XIREC,8.0,20
42500,SUBMISSION,,VEV_5500,XIREC,8.0,8
43900,,SUBMISSION,VEV_5500,XIREC,7.0,5
44700,,SUBMISSION,VEV_5500,XIREC,7.0,7
45100,,,VEV_5400,XIREC,19.0,2
45100,,,VEV_5500,XIREC,7.0,2
45100,,,VEV_6000,XIREC,0.0,2
45100,,,VEV_6500,XIREC,0.0,2
45800,,,HYDROGEL_PACK,XIREC,9978.0,2
46300,,SUBMISSION,VEV_5400,XIREC,20.0,28
46400,,SUBMISSION,VEV_5400,XIREC,20.0,9
46500,,SUBMISSION,VEV_5400,XIREC,20.0,18
46600,,SUBMISSION,VEV_5400,XIREC,20.0,22
46800,,SUBMISSION,VEV_5400,XIREC,20.0,26
46900,,SUBMISSION,VEV_5400,XIREC,20.0,24
47100,,SUBMISSION,VEV_5400,XIREC,20.0,8
47900,,,VELVETFRUIT_EXTRACT,XIREC,5234.0,4
48000,SUBMISSION,,VEV_5400,XIREC,20.0,23
48200,SUBMISSION,,VEV_5400,XIREC,20.0,24
48300,SUBMISSION,,VEV_5400,XIREC,20.0,24
48400,SUBMISSION,,VEV_5400,XIREC,20.0,15
48500,SUBMISSION,,VEV_5400,XIREC,20.0,26
48600,SUBMISSION,,VEV_5400,XIREC,20.0,21
48700,SUBMISSION,,VEV_5400,XIREC,20.0,2
49900,,SUBMISSION,VEV_5400,XIREC,20.0,20
50000,,SUBMISSION,VEV_5400,XIREC,20.0,5
50100,,SUBMISSION,VEV_5400,XIREC,20.0,24
50200,,SUBMISSION,VEV_5400,XIREC,20.0,20
50300,,SUBMISSION,VEV_5400,XIREC,20.0,17
50900,,SUBMISSION,VEV_5400,XIREC,20.0,30
51300,,SUBMISSION,VEV_5400,XIREC,21.0,6
51700,,SUBMISSION,VEV_5400,XIREC,20.0,25
51800,,SUBMISSION,VEV_5400,XIREC,20.0,22
51900,,SUBMISSION,VEV_5400,XIREC,20.0,19
52000,,SUBMISSION,VEV_5400,XIREC,20.0,7
52200,,SUBMISSION,VEV_5400,XIREC,20.0,6
52700,,SUBMISSION,VEV_5400,XIREC,20.0,17
52800,,SUBMISSION,VEV_5400,XIREC,20.0,21
52900,,SUBMISSION,VEV_5400,XIREC,20.0,20
53000,,SUBMISSION,VEV_5400,XIREC,20.0,10
53200,SUBMISSION,,VEV_5400,XIREC,20.0,10
53200,SUBMISSION,,VEV_5400,XIREC,21.0,16
54000,,SUBMISSION,VEV_5400,XIREC,20.0,24
54300,,,VELVETFRUIT_EXTRACT,XIREC,5239.0,4
54600,,,HYDROGEL_PACK,XIREC,9987.0,3
54900,,SUBMISSION,VELVETFRUIT_EXTRACT,XIREC,5240.0,4
55000,SUBMISSION,,VELVETFRUIT_EXTRACT,XIREC,5237.0,4
55000,,,HYDROGEL_PACK,XIREC,9987.0,6
56300,,SUBMISSION,VEV_5500,XIREC,8.0,25
56400,,SUBMISSION,VEV_5500,XIREC,8.0,27
56500,,SUBMISSION,VEV_5500,XIREC,8.0,25
56600,,SUBMISSION,VEV_5500,XIREC,8.0,24
56700,,SUBMISSION,VEV_5500,XIREC,8.0,21
56700,,,HYDROGEL_PACK,XIREC,9991.0,6
56800,,SUBMISSION,VEV_5500,XIREC,8.0,23
57000,,SUBMISSION,VEV_5500,XIREC,8.0,21
57100,,SUBMISSION,VEV_5500,XIREC,8.0,8
57200,,SUBMISSION,VEV_5500,XIREC,8.0,17
57300,,SUBMISSION,VEV_5500,XIREC,8.0,16
57500,,SUBMISSION,VELVETFRUIT_EXTRACT,XIREC,5245.0,4
57500,,SUBMISSION,VEV_5500,XIREC,8.0,8
57900,SUBMISSION,,VEV_4000,XIREC,1236.0,1
58300,,SUBMISSION,VEV_5500,XIREC,8.0,9
59500,,SUBMISSION,VEV_5500,XIREC,8.0,25
59600,,SUBMISSION,VEV_5500,XIREC,8.0,18
60000,,,HYDROGEL_PACK,XIREC,9988.0,4
61900,,SUBMISSION,VELVETFRUIT_EXTRACT,XIREC,5241.0,5
62200,SUBMISSION,,VEV_5400,XIREC,21.0,28
62300,,SUBMISSION,VEV_5400,XIREC,20.0,9
62400,SUBMISSION,,VEV_4000,XIREC,1233.0,2
62400,,SUBMISSION,VEV_5400,XIREC,20.0,25
62500,SUBMISSION,,VEV_5400,XIREC,21.0,30
62600,,SUBMISSION,VEV_5400,XIREC,20.0,17
62700,,SUBMISSION,VEV_5400,XIREC,20.0,19
62800,SUBMISSION,,VEV_5400,XIREC,21.0,18
62900,SUBMISSION,,VEV_5400,XIREC,21.0,20
63000,SUBMISSION,,VEV_5400,XIREC,21.0,27
63100,,SUBMISSION,VEV_5400,XIREC,20.0,26
63200,,SUBMISSION,VEV_5400,XIREC,20.0,25
63300,,SUBMISSION,VEV_5400,XIREC,20.0,27
63500,SUBMISSION,,VEV_5400,XIREC,21.0,19
63900,,,HYDROGEL_PACK,XIREC,9986.0,5
64200,SUBMISSION,,VEV_5400,XIREC,21.0,16
64300,SUBMISSION,,VEV_5400,XIREC,21.0,27
64400,SUBMISSION,,VELVETFRUIT_EXTRACT,XIREC,5237.0,9
64400,SUBMISSION,,VEV_5400,XIREC,20.0,22
64500,SUBMISSION,,VEV_5400,XIREC,20.0,17
64600,SUBMISSION,,VEV_5400,XIREC,20.0,24
64700,SUBMISSION,,VEV_5400,XIREC,20.0,16
64800,SUBMISSION,,VEV_5400,XIREC,20.0,18
64900,SUBMISSION,,VEV_5400,XIREC,20.0,21
65000,SUBMISSION,,VEV_5400,XIREC,20.0,26
65100,,SUBMISSION,VEV_5400,XIREC,19.0,5
65100,SUBMISSION,,VEV_5400,XIREC,20.0,24
65200,SUBMISSION,,VEV_5400,XIREC,20.0,20
65300,SUBMISSION,,VEV_5400,XIREC,20.0,28
65400,SUBMISSION,,VEV_5400,XIREC,20.0,19
65600,,,VELVETFRUIT_EXTRACT,XIREC,5238.0,8
66700,,SUBMISSION,VEV_5400,XIREC,20.0,19
66800,,SUBMISSION,VEV_5400,XIREC,20.0,7
66900,,SUBMISSION,VEV_5400,XIREC,20.0,29
67000,SUBMISSION,,VEV_5400,XIREC,21.0,15
67100,SUBMISSION,,VEV_5400,XIREC,21.0,18
67200,SUBMISSION,,VEV_5400,XIREC,21.0,16
67300,SUBMISSION,,VEV_5400,XIREC,20.0,6
67600,,,HYDROGEL_PACK,XIREC,9993.0,5
68400,SUBMISSION,,VEV_4000,XIREC,1232.0,5
68400,SUBMISSION,,VEV_4000,XIREC,1243.0,14
68400,SUBMISSION,,VEV_4000,XIREC,1246.0,11
68400,SUBMISSION,,VEV_5500,XIREC,7.0,5
68400,SUBMISSION,,VEV_5500,XIREC,8.0,17
68400,,,VEV_6000,XIREC,0.0,5
68400,,,VEV_6500,XIREC,0.0,5
68900,,SUBMISSION,VEV_5400,XIREC,20.0,25
69000,,SUBMISSION,VEV_5400,XIREC,20.0,27
69100,,SUBMISSION,VEV_5400,XIREC,20.0,20
69200,,SUBMISSION,VEV_5400,XIREC,20.0,20
69200,,,VELVETFRUIT_EXTRACT,XIREC,5239.0,8
69300,,SUBMISSION,VEV_5400,XIREC,20.0,17
69400,,SUBMISSION,VEV_5400,XIREC,20.0,25
69500,,,VEV_5300,XIREC,48.0,5
69500,,,VEV_5400,XIREC,20.0,5
69500,,,VEV_5500,XIREC,7.0,5
69500,,,VEV_6000,XIREC,0.0,5
69500,,,VEV_6500,XIREC,0.0,5
69900,,SUBMISSION,VEV_5400,XIREC,20.0,28
70100,,SUBMISSION,VEV_5400,XIREC,20.0,28
70200,,SUBMISSION,VEV_5400,XIREC,20.0,22
70300,,SUBMISSION,VEV_5400,XIREC,20.0,26
70400,,SUBMISSION,VEV_5400,XIREC,20.0,23
70500,,SUBMISSION,VEV_5400,XIREC,20.0,20
72900,,SUBMISSION,VEV_5500,XIREC,8.0,21
73000,,,HYDROGEL_PACK,XIREC,9980.0,3
75300,,SUBMISSION,VEV_4000,XIREC,1247.0,3
75500,,SUBMISSION,VELVETFRUIT_EXTRACT,XIREC,5242.0,6
75800,SUBMISSION,,VELVETFRUIT_EXTRACT,XIREC,5240.0,3
76300,,SUBMISSION,VELVETFRUIT_EXTRACT,XIREC,5246.0,8
77800,,,HYDROGEL_PACK,XIREC,9990.0,2
79000,SUBMISSION,,VEV_4000,XIREC,1239.0,2
79800,,SUBMISSION,VEV_4000,XIREC,1254.0,1
79800,,,VELVETFRUIT_EXTRACT,XIREC,5247.0,6
79900,,SUBMISSION,VEV_4000,XIREC,1255.0,2
81700,,SUBMISSION,VEV_4000,XIREC,1258.0,1
85200,SUBMISSION,,VEV_5500,XIREC,8.0,9
85200,SUBMISSION,,VEV_5500,XIREC,9.0,15
85300,,SUBMISSION,VELVETFRUIT_EXTRACT,XIREC,5244.0,6
85400,SUBMISSION,,VEV_5500,XIREC,8.0,26
85500,SUBMISSION,,VEV_5500,XIREC,8.0,27
85600,SUBMISSION,,VEV_5500,XIREC,8.0,25
85700,SUBMISSION,,VEV_5500,XIREC,8.0,24
85800,SUBMISSION,,VELVETFRUIT_EXTRACT,XIREC,5239.0,4
85800,SUBMISSION,,VEV_5500,XIREC,8.0,20
85900,SUBMISSION,,VEV_5500,XIREC,8.0,5
85900,SUBMISSION,,VEV_5500,XIREC,9.0,12
86000,SUBMISSION,,VEV_5500,XIREC,8.0,22
86100,SUBMISSION,,VEV_5500,XIREC,8.0,25
86300,,SUBMISSION,VELVETFRUIT_EXTRACT,XIREC,5243.0,7
86800,,SUBMISSION,VELVETFRUIT_EXTRACT,XIREC,5244.0,6
87200,SUBMISSION,,VEV_5500,XIREC,8.0,21
87400,SUBMISSION,,VEV_5400,XIREC,20.0,3
87400,SUBMISSION,,VEV_5500,XIREC,8.0,5
87400,SUBMISSION,,VEV_5500,XIREC,9.0,10
87400,,,VEV_5300,XIREC,47.0,3
87400,,,VEV_5500,XIREC,7.0,3
87400,,,VEV_6000,XIREC,0.0,3
87400,,,VEV_6500,XIREC,0.0,3
87500,SUBMISSION,,VEV_5500,XIREC,8.0,17
87600,SUBMISSION,,VEV_5500,XIREC,8.0,15
87700,SUBMISSION,,VEV_5400,XIREC,21.0,20
87800,SUBMISSION,,VELVETFRUIT_EXTRACT,XIREC,5238.0,21
87800,SUBMISSION,,VELVETFRUIT_EXTRACT,XIREC,5239.0,5
87800,SUBMISSION,,VEV_5400,XIREC,20.0,5
87800,SUBMISSION,,VEV_5400,XIREC,21.0,20
87900,SUBMISSION,,VEV_5400,XIREC,20.0,25
88000,,SUBMISSION,VEV_4000,XIREC,1241.0,1
88000,SUBMISSION,,VEV_5400,XIREC,21.0,26
88100,SUBMISSION,,VEV_5400,XIREC,21.0,22
88200,SUBMISSION,,VEV_5400,XIREC,21.0,18
88300,SUBMISSION,,VEV_5400,XIREC,21.0,20
88400,SUBMISSION,,VEV_5400,XIREC,21.0,22
88500,SUBMISSION,,VEV_5400,XIREC,21.0,29
88600,SUBMISSION,,VEV_5400,XIREC,21.0,28
88700,,SUBMISSION,VEV_5400,XIREC,20.0,23
88800,SUBMISSION,,VEV_5400,XIREC,21.0,21
88900,SUBMISSION,,VEV_5400,XIREC,20.0,4
88900,SUBMISSION,,VEV_5400,XIREC,21.0,26
88900,,,VEV_5500,XIREC,7.0,4
88900,,,VEV_6000,XIREC,0.0,4
88900,,,VEV_6500,XIREC,0.0,4
89000,SUBMISSION,,VEV_5400,XIREC,21.0,15
89300,,,VELVETFRUIT_EXTRACT,XIREC,5237.0,5
90000,,,HYDROGEL_PACK,XIREC,9950.0,6
92600,,,VELVETFRUIT_EXTRACT,XIREC,5232.0,5
93200,,,HYDROGEL_PACK,XIREC,9948.0,6
94600,,,HYDROGEL_PACK,XIREC,9931.0,3
94900,,,HYDROGEL_PACK,XIREC,9934.0,4
96800,,,HYDROGEL_PACK,XIREC,9940.0,2
98200,,SUBMISSION,VEV_4000,XIREC,1240.0,3
99100,,SUBMISSION,VEV_4000,XIREC,1245.0,1
100000,,SUBMISSION,VELVETFRUIT_EXTRACT,XIREC,5240.0,4
100900,SUBMISSION,,VELVETFRUIT_EXTRACT,XIREC,5237.0,4
101800,,SUBMISSION,VELVETFRUIT_EXTRACT,XIREC,5240.0,4
102000,SUBMISSION,,VELVETFRUIT_EXTRACT,XIREC,5236.0,4
102200,,,HYDROGEL_PACK,XIREC,9946.0,5
102600,,,VELVETFRUIT_EXTRACT,XIREC,5236.0,4
104800,,,VELVETFRUIT_EXTRACT,XIREC,5235.0,6
105100,,,HYDROGEL_PACK,XIREC,9943.0,4
105600,,,VELVETFRUIT_EXTRACT,XIREC,5235.0,12
106100,,,HYDROGEL_PACK,XIREC,9943.0,6
108100,,SUBMISSION,VEV_5500,XIREC,7.0,5
108100,SUBMISSION,,VEV_5500,XIREC,8.0,5
108800,,,HYDROGEL_PACK,XIREC,9949.0,2
109300,SUBMISSION,,VEV_4000,XIREC,1220.0,1
109500,,,HYDROGEL_PACK,XIREC,9926.0,2
109700,,,VEV_5300,XIREC,41.0,4
109700,,,VEV_5400,XIREC,17.0,4
109700,,,VEV_5500,XIREC,6.0,4
109700,,,VEV_6000,XIREC,0.0,4
109700,,,VEV_6500,XIREC,0.0,4
110200,,,VELVETFRUIT_EXTRACT,XIREC,5224.0,5
110600,,,VEV_5300,XIREC,41.0,3
110600,,,VEV_5400,XIREC,17.0,3
110600,,,VEV_5500,XIREC,6.0,3
110600,,,VEV_6000,XIREC,0.0,3
110600,,,VEV_6500,XIREC,0.0,3
112900,,,VELVETFRUIT_EXTRACT,XIREC,5224.0,5
116000,SUBMISSION,,VEV_4000,XIREC,1210.0,1
116300,,,HYDROGEL_PACK,XIREC,9929.0,5
117700,,,VELVETFRUIT_EXTRACT,XIREC,5223.0,8
120900,,,VELVETFRUIT_EXTRACT,XIREC,5219.0,5
121500,,,VEV_4000,XIREC,1233.0,2
122600,,SUBMISSION,VEV_4000,XIREC,1236.0,2
122700,,SUBMISSION,VEV_5400,XIREC,18.0,5
122700,SUBMISSION,,VEV_5400,XIREC,19.0,5
122800,,SUBMISSION,VEV_5500,XIREC,7.0,9
123200,,,VELVETFRUIT_EXTRACT,XIREC,5230.0,5
123600,SUBMISSION,,VEV_5500,XIREC,8.0,9
125000,,,HYDROGEL_PACK,XIREC,9972.0,4
125700,,,VEV_5300,XIREC,45.0,4
125700,,,VEV_5500,XIREC,7.0,4
125700,,,VEV_6000,XIREC,0.0,4
125700,,,VEV_6500,XIREC,0.0,4
127700,,SUBMISSION,VELVETFRUIT_EXTRACT,XIREC,5240.0,8
128400,,SUBMISSION,VEV_5400,XIREC,20.0,22
128500,,,HYDROGEL_PACK,XIREC,9955.0,5
128700,,SUBMISSION,VEV_5400,XIREC,20.0,10
128800,,SUBMISSION,VEV_5400,XIREC,20.0,22
128900,,SUBMISSION,VEV_5400,XIREC,20.0,20
128900,,SUBMISSION,VEV_5500,XIREC,8.0,20
129000,,SUBMISSION,VEV_5400,XIREC,20.0,21
129000,,SUBMISSION,VEV_5500,XIREC,8.0,21
129100,,SUBMISSION,VEV_5400,XIREC,20.0,22
129100,,SUBMISSION,VEV_5500,XIREC,8.0,6
129200,,SUBMISSION,VEV_5400,XIREC,20.0,26
129200,,SUBMISSION,VEV_5500,XIREC,8.0,6
130400,,SUBMISSION,VEV_4000,XIREC,1244.0,2
130400,SUBMISSION,,VEV_5400,XIREC,20.0,9
130400,SUBMISSION,,VEV_5400,XIREC,21.0,16
130600,SUBMISSION,,VEV_5400,XIREC,20.0,22
130800,SUBMISSION,,VEV_4000,XIREC,1232.0,1
130800,SUBMISSION,,VEV_5400,XIREC,20.0,27
131000,SUBMISSION,,VEV_5400,XIREC,20.0,22
131100,SUBMISSION,,VEV_5400,XIREC,20.0,22
131200,SUBMISSION,,VEV_5400,XIREC,20.0,20
131300,SUBMISSION,,VEV_5400,XIREC,20.0,5
132000,,SUBMISSION,VEV_5400,XIREC,20.0,9
132000,,,HYDROGEL_PACK,XIREC,9950.0,3
132100,,SUBMISSION,VEV_5400,XIREC,20.0,27
132100,,SUBMISSION,VEV_5500,XIREC,8.0,27
132200,,SUBMISSION,VEV_5500,XIREC,8.0,21
132300,,SUBMISSION,VEV_5500,XIREC,8.0,25
132400,,SUBMISSION,VEV_5500,XIREC,8.0,30
132500,,SUBMISSION,VEV_5500,XIREC,8.0,24
132600,,SUBMISSION,VEV_5500,XIREC,8.0,20
132700,,SUBMISSION,VEV_5500,XIREC,8.0,25
132800,,SUBMISSION,VEV_5500,XIREC,8.0,25
132900,,SUBMISSION,VEV_5400,XIREC,20.0,19
132900,,SUBMISSION,VEV_5500,XIREC,8.0,19
132900,,,HYDROGEL_PACK,XIREC,9956.0,2
133100,,SUBMISSION,VEV_5400,XIREC,20.0,26
133200,,SUBMISSION,VEV_5400,XIREC,20.0,8
133300,,SUBMISSION,VEV_5400,XIREC,20.0,25
133400,,SUBMISSION,VEV_5400,XIREC,20.0,20
133600,,SUBMISSION,VEV_5400,XIREC,20.0,5
133600,,,HYDROGEL_PACK,XIREC,9970.0,5
133700,,SUBMISSION,VEV_5400,XIREC,20.0,19
133800,,SUBMISSION,VEV_5400,XIREC,20.0,16
134400,SUBMISSION,,VEV_4000,XIREC,1235.0,2
134500,,SUBMISSION,VEV_5400,XIREC,20.0,20
134600,,SUBMISSION,VEV_5400,XIREC,20.0,19
134700,,SUBMISSION,VEV_5400,XIREC,20.0,15
134800,,SUBMISSION,VEV_5400,XIREC,20.0,27
134900,,SUBMISSION,VEV_5400,XIREC,20.0,30
135200,SUBMISSION,,VEV_5400,XIREC,20.0,26
135300,SUBMISSION,,VEV_5400,XIREC,20.0,27
135400,SUBMISSION,,VEV_5400,XIREC,20.0,16
135500,SUBMISSION,,VEV_5400,XIREC,20.0,21
135600,SUBMISSION,,VEV_5400,XIREC,20.0,20
135700,,SUBMISSION,VEV_5400,XIREC,19.0,10
135700,SUBMISSION,,VEV_5400,XIREC,20.0,25
135800,,SUBMISSION,VEV_5400,XIREC,19.0,6
135800,SUBMISSION,,VEV_5400,XIREC,20.0,22
135900,SUBMISSION,,VEV_5400,XIREC,20.0,25
136000,SUBMISSION,,VEV_5400,XIREC,20.0,19
136100,SUBMISSION,,VEV_5400,XIREC,20.0,26
136200,,SUBMISSION,VEV_5400,XIREC,19.0,10
136200,SUBMISSION,,VEV_5400,XIREC,20.0,20
136300,SUBMISSION,,VEV_5400,XIREC,20.0,20
136400,,SUBMISSION,VEV_5400,XIREC,19.0,7
136400,SUBMISSION,,VEV_5400,XIREC,20.0,25
136500,SUBMISSION,,VEV_5400,XIREC,20.0,25
136600,SUBMISSION,,VEV_5400,XIREC,20.0,1
136700,,SUBMISSION,VELVETFRUIT_EXTRACT,XIREC,5238.0,3
136800,,,HYDROGEL_PACK,XIREC,9955.0,5
137400,SUBMISSION,,VELVETFRUIT_EXTRACT,XIREC,5234.0,11
137500,SUBMISSION,,VEV_5500,XIREC,8.0,24
137600,SUBMISSION,,VEV_5500,XIREC,7.0,8
137600,SUBMISSION,,VEV_5500,XIREC,8.0,10
137700,SUBMISSION,,VEV_5500,XIREC,7.0,6
137700,SUBMISSION,,VEV_5500,XIREC,8.0,19
137800,SUBMISSION,,VEV_5500,XIREC,8.0,30
137900,SUBMISSION,,VEV_5500,XIREC,8.0,19
138000,,SUBMISSION,VEV_5500,XIREC,6.0,28
138000,SUBMISSION,,VEV_5500,XIREC,7.0,28
138100,,SUBMISSION,VEV_5500,XIREC,6.0,27
138100,SUBMISSION,,VEV_5500,XIREC,7.0,27
138200,,SUBMISSION,VEV_5500,XIREC,6.0,23
138200,SUBMISSION,,VEV_5500,XIREC,7.0,23
138300,,SUBMISSION,VEV_5500,XIREC,6.0,17
138300,SUBMISSION,,VEV_5500,XIREC,7.0,17
138400,SUBMISSION,,VEV_5500,XIREC,7.0,27
138500,SUBMISSION,,VEV_5500,XIREC,7.0,22
138600,SUBMISSION,,VEV_5500,XIREC,7.0,10
138600,SUBMISSION,,VEV_5500,XIREC,8.0,20
138700,SUBMISSION,,VEV_5500,XIREC,8.0,27
138800,SUBMISSION,,VEV_5500,XIREC,7.0,5
138800,SUBMISSION,,VEV_5500,XIREC,8.0,19
138900,SUBMISSION,,VEV_5500,XIREC,7.0,23
140500,,,VEV_4000,XIREC,1239.0,3
140800,,,VELVETFRUIT_EXTRACT,XIREC,5234.0,7
141700,,,HYDROGEL_PACK,XIREC,9939.0,2
141700,,,VELVETFRUIT_EXTRACT,XIREC,5234.0,6
142400,,,VELVETFRUIT_EXTRACT,XIREC,5231.0,5
143200,,SUBMISSION,VEV_5500,XIREC,7.0,8
143300,SUBMISSION,,VEV_5500,XIREC,8.0,8
143600,,,HYDROGEL_PACK,XIREC,9949.0,4
144100,,,VELVETFRUIT_EXTRACT,XIREC,5227.0,7
144500,,,HYDROGEL_PACK,XIREC,9966.0,3
145100,,,VELVETFRUIT_EXTRACT,XIREC,5228.0,5
148100,,,VELVETFRUIT_EXTRACT,XIREC,5223.0,3
148500,,SUBMISSION,VEV_4000,XIREC,1231.0,3
148700,,,VELVETFRUIT_EXTRACT,XIREC,5223.0,8
150500,SUBMISSION,,VEV_4000,XIREC,1224.0,2
151400,,SUBMISSION,VEV_5400,XIREC,18.0,5
151400,SUBMISSION,,VEV_5400,XIREC,19.0,5
152200,,SUBMISSION,VELVETFRUIT_EXTRACT,XIREC,5236.0,3
152400,SUBMISSION,,VELVETFRUIT_EXTRACT,XIREC,5232.0,3
153400,,,HYDROGEL_PACK,XIREC,9964.0,4
155200,,SUBMISSION,HYDROGEL_PACK,XIREC,9990.0,5
155600,,SUBMISSION,VEV_4000,XIREC,1247.0,2
156600,,SUBMISSION,VELVETFRUIT_EXTRACT,XIREC,5243.0,4
157000,,SUBMISSION,VEV_5400,XIREC,20.0,8
157300,SUBMISSION,,VEV_5400,XIREC,20.0,6
157300,SUBMISSION,,VEV_5400,XIREC,21.0,2
157400,,,VEV_5300,XIREC,47.0,2
157400,,,VEV_5500,XIREC,7.0,2
157400,,,VEV_6000,XIREC,0.0,2
157400,,,VEV_6500,XIREC,0.0,2
157500,,SUBMISSION,VEV_5400,XIREC,20.0,5
157600,,SUBMISSION,VEV_5400,XIREC,20.0,19
157700,,SUBMISSION,VEV_5400,XIREC,20.0,23
157700,,SUBMISSION,VEV_5500,XIREC,8.0,23
157800,,SUBMISSION,VEV_5500,XIREC,8.0,27
157900,,SUBMISSION,VEV_5500,XIREC,8.0,20
158000,,SUBMISSION,VEV_5500,XIREC,8.0,23
158100,,SUBMISSION,VEV_5500,XIREC,8.0,26
158100,,,HYDROGEL_PACK,XIREC,9974.0,5
158200,,SUBMISSION,VEV_5400,XIREC,20.0,22
158200,,SUBMISSION,VEV_5500,XIREC,8.0,22
158300,,SUBMISSION,VEV_5400,XIREC,20.0,25
158400,,SUBMISSION,VEV_5400,XIREC,20.0,19
158400,,SUBMISSION,VEV_5500,XIREC,8.0,19
158500,,SUBMISSION,VEV_5400,XIREC,20.0,18
158500,,SUBMISSION,VEV_5500,XIREC,8.0,18
158600,,SUBMISSION,VEV_5400,XIREC,20.0,28
158600,,SUBMISSION,VEV_5500,XIREC,8.0,28
158700,,SUBMISSION,VEV_5400,XIREC,20.0,27
158700,,SUBMISSION,VEV_5500,XIREC,8.0,27
158800,,SUBMISSION,VEV_5500,XIREC,8.0,21
158900,,SUBMISSION,VEV_5500,XIREC,8.0,28
159000,,SUBMISSION,VELVETFRUIT_EXTRACT,XIREC,5248.0,6
159300,SUBMISSION,,HYDROGEL_PACK,XIREC,9970.0,2
159600,,SUBMISSION,VEV_5300,XIREC,50.0,5
159600,,SUBMISSION,VEV_5400,XIREC,21.0,10
160800,,,VEV_5500,XIREC,8.0,4
160800,,,VEV_6000,XIREC,0.0,4
160800,,,VEV_6500,XIREC,0.0,4
162300,SUBMISSION,,HYDROGEL_PACK,XIREC,9970.0,3
162500,SUBMISSION,,VEV_4000,XIREC,1246.0,1
163200,,SUBMISSION,VEV_5400,XIREC,22.0,25
163300,,SUBMISSION,VEV_5400,XIREC,22.0,19
163300,,,HYDROGEL_PACK,XIREC,9977.0,3
163500,,SUBMISSION,VEV_5400,XIREC,22.0,8
164600,,,HYDROGEL_PACK,XIREC,9962.0,3
165600,,SUBMISSION,VEV_5400,XIREC,21.0,6
166000,SUBMISSION,,VEV_4000,XIREC,1243.0,2
167000,,SUBMISSION,VEV_5400,XIREC,21.0,5
167700,,SUBMISSION,VEV_5400,XIREC,22.0,6
169000,,,HYDROGEL_PACK,XIREC,9953.0,3
169200,,SUBMISSION,VEV_5400,XIREC,21.0,5
169400,,SUBMISSION,VELVETFRUIT_EXTRACT,XIREC,5252.0,6
169900,,,VEV_5400,XIREC,22.0,5
169900,,,VEV_6000,XIREC,0.0,5
169900,,,VEV_6500,XIREC,0.0,5
170700,,SUBMISSION,VELVETFRUIT_EXTRACT,XIREC,5249.0,24
171500,,SUBMISSION,HYDROGEL_PACK,XIREC,9981.0,5
172800,,SUBMISSION,VELVETFRUIT_EXTRACT,XIREC,5251.0,3
173000,SUBMISSION,,HYDROGEL_PACK,XIREC,9969.0,5
173200,,SUBMISSION,VELVETFRUIT_EXTRACT,XIREC,5252.0,5
173700,,,VEV_5500,XIREC,8.0,2
173700,,,VEV_6000,XIREC,0.0,2
173700,,,VEV_6500,XIREC,0.0,2
173900,,,VELVETFRUIT_EXTRACT,XIREC,5245.0,5
175300,,,HYDROGEL_PACK,XIREC,9969.0,6
175800,SUBMISSION,,VEV_5400,XIREC,20.0,17
175800,SUBMISSION,,VEV_5500,XIREC,8.0,7
175800,SUBMISSION,,VEV_5500,XIREC,9.0,10
176000,SUBMISSION,,VEV_5300,XIREC,47.0,3
176000,SUBMISSION,,VEV_5300,XIREC,49.0,2
176000,SUBMISSION,,VEV_5400,XIREC,20.0,22
176000,SUBMISSION,,VEV_5500,XIREC,8.0,22
176000,,,VEV_5400,XIREC,19.0,3
176000,,,VEV_5500,XIREC,7.0,3
176000,,,VEV_6000,XIREC,0.0,3
176000,,,VEV_6500,XIREC,0.0,3
176100,SUBMISSION,,VEV_5400,XIREC,20.0,18
176100,SUBMISSION,,VEV_5500,XIREC,8.0,18
176200,SUBMISSION,,VEV_5400,XIREC,20.0,23
176200,SUBMISSION,,VEV_5500,XIREC,8.0,23
176300,SUBMISSION,,VEV_5400,XIREC,20.0,17
176300,SUBMISSION,,VEV_5500,XIREC,8.0,17
176400,SUBMISSION,,VEV_5400,XIREC,20.0,24
176400,SUBMISSION,,VEV_5500,XIREC,8.0,24
176500,SUBMISSION,,VEV_5400,XIREC,20.0,20
176500,SUBMISSION,,VEV_5500,XIREC,8.0,20
176700,SUBMISSION,,VEV_5400,XIREC,20.0,28
176700,SUBMISSION,,VEV_5500,XIREC,8.0,28
176800,,SUBMISSION,VEV_5300,XIREC,48.0,5
177200,SUBMISSION,,VEV_5500,XIREC,8.0,2
177200,SUBMISSION,,VEV_5500,XIREC,9.0,22
177200,,,VEV_5400,XIREC,19.0,2
177200,,,VEV_6000,XIREC,0.0,2
177200,,,VEV_6500,XIREC,0.0,2
177300,,SUBMISSION,VEV_5500,XIREC,8.0,22
177500,SUBMISSION,,VEV_5400,XIREC,20.0,26
177500,SUBMISSION,,VEV_5500,XIREC,8.0,26
177600,SUBMISSION,,VEV_5300,XIREC,48.0,5
177600,SUBMISSION,,VEV_5400,XIREC,20.0,25
177600,SUBMISSION,,VEV_5500,XIREC,8.0,25
177700,SUBMISSION,,VEV_5400,XIREC,20.0,27
177700,SUBMISSION,,VEV_5500,XIREC,8.0,27
177800,SUBMISSION,,VEV_5400,XIREC,20.0,19
177800,SUBMISSION,,VEV_5500,XIREC,8.0,19
177900,SUBMISSION,,VEV_5400,XIREC,20.0,4
177900,SUBMISSION,,VEV_5500,XIREC,8.0,14
178100,,,HYDROGEL_PACK,XIREC,9958.0,2
178300,,SUBMISSION,VELVETFRUIT_EXTRACT,XIREC,5239.0,6
178800,SUBMISSION,,VELVETFRUIT_EXTRACT,XIREC,5238.0,5
179100,,SUBMISSION,VELVETFRUIT_EXTRACT,XIREC,5239.0,25
179500,SUBMISSION,,VELVETFRUIT_EXTRACT,XIREC,5237.0,3
181700,,,VEV_5300,XIREC,45.0,4
181700,,,VEV_5400,XIREC,18.0,4
181700,,,VEV_5500,XIREC,7.0,4
181700,,,VEV_6000,XIREC,0.0,4
181700,,,VEV_6500,XIREC,0.0,4
181900,,SUBMISSION,HYDROGEL_PACK,XIREC,9979.0,3
182400,,,HYDROGEL_PACK,XIREC,9977.0,5
183300,,,HYDROGEL_PACK,XIREC,9973.0,4
184400,SUBMISSION,,VELVETFRUIT_EXTRACT,XIREC,5237.0,12
184800,SUBMISSION,,HYDROGEL_PACK,XIREC,9966.0,3
184900,,,VEV_5300,XIREC,45.0,2
184900,,,VEV_5400,XIREC,18.0,2
184900,,,VEV_5500,XIREC,7.0,2
184900,,,VEV_6000,XIREC,0.0,2
184900,,,VEV_6500,XIREC,0.0,2
185800,,,HYDROGEL_PACK,XIREC,9961.0,6
186600,,,VEV_5300,XIREC,46.0,3
186600,,,VEV_5500,XIREC,7.0,3
186600,,,VEV_6000,XIREC,0.0,3
186600,,,VEV_6500,XIREC,0.0,3
188500,SUBMISSION,,VELVETFRUIT_EXTRACT,XIREC,5235.0,22
188500,SUBMISSION,,VELVETFRUIT_EXTRACT,XIREC,5236.0,37
190100,,,VEV_5300,XIREC,45.0,4
190100,,,VEV_5400,XIREC,18.0,4
190100,,,VEV_5500,XIREC,7.0,4
190100,,,VEV_6000,XIREC,0.0,4
190100,,,VEV_6500,XIREC,0.0,4
190500,SUBMISSION,,VEV_4000,XIREC,1228.0,2
190600,,,HYDROGEL_PACK,XIREC,9943.0,6
193000,,,VEV_5300,XIREC,43.0,2
193000,,,VEV_5400,XIREC,17.0,2
193000,,,VEV_5500,XIREC,6.0,2
193000,,,VEV_6000,XIREC,0.0,2
193000,,,VEV_6500,XIREC,0.0,2
195800,,,VELVETFRUIT_EXTRACT,XIREC,5234.0,8
196500,,,VELVETFRUIT_EXTRACT,XIREC,5227.0,7
196600,,,HYDROGEL_PACK,XIREC,9953.0,3
197000,,,HYDROGEL_PACK,XIREC,9967.0,6
198200,,,VEV_5300,XIREC,42.0,5
198200,,,VEV_5400,XIREC,16.0,5
198200,,,VEV_5500,XIREC,6.0,5
198200,,,VEV_6000,XIREC,0.0,5
198200,,,VEV_6500,XIREC,0.0,5
199300,,,VELVETFRUIT_EXTRACT,XIREC,5233.0,7
199700,,,VELVETFRUIT_EXTRACT,XIREC,5227.0,4
200500,,SUBMISSION,VEV_5500,XIREC,7.0,7
200600,,SUBMISSION,VEV_5500,XIREC,7.0,10
200700,SUBMISSION,,VEV_5500,XIREC,8.0,17
200700,,,VELVETFRUIT_EXTRACT,XIREC,5235.0,7
201200,,SUBMISSION,VEV_5500,XIREC,7.0,9
201300,SUBMISSION,,VEV_5500,XIREC,8.0,9
201600,,SUBMISSION,VEV_5500,XIREC,7.0,10
201900,,,VELVETFRUIT_EXTRACT,XIREC,5230.0,4
202000,SUBMISSION,,VEV_5500,XIREC,8.0,10
202500,,,VELVETFRUIT_EXTRACT,XIREC,5233.0,6
203000,,SUBMISSION,VEV_5400,XIREC,17.0,5
203000,SUBMISSION,,VEV_5400,XIREC,18.0,5
203600,,,VELVETFRUIT_EXTRACT,XIREC,5229.0,10
203900,,SUBMISSION,HYDROGEL_PACK,XIREC,9977.0,6
206200,,SUBMISSION,HYDROGEL_PACK,XIREC,9982.0,5
206700,SUBMISSION,,HYDROGEL_PACK,XIREC,9963.0,5
206800,,SUBMISSION,VEV_5400,XIREC,16.0,5
206800,SUBMISSION,,VEV_5400,XIREC,17.0,5
207200,SUBMISSION,,HYDROGEL_PACK,XIREC,9963.0,4
207600,,SUBMISSION,HYDROGEL_PACK,XIREC,9979.0,6
209000,,SUBMISSION,HYDROGEL_PACK,XIREC,9988.0,5
209400,,,VELVETFRUIT_EXTRACT,XIREC,5231.0,5
210300,,SUBMISSION,VEV_5500,XIREC,7.0,8
210400,,SUBMISSION,VEV_5500,XIREC,7.0,7
210700,,SUBMISSION,VELVETFRUIT_EXTRACT,XIREC,5237.0,6
210800,SUBMISSION,,VEV_5500,XIREC,8.0,15
211300,SUBMISSION,,VELVETFRUIT_EXTRACT,XIREC,5228.0,5
211300,SUBMISSION,,VELVETFRUIT_EXTRACT,XIREC,5231.0,1
212100,,SUBMISSION,VEV_4000,XIREC,1228.0,2
212900,,,VEV_5400,XIREC,15.0,2
212900,,,VEV_5500,XIREC,6.0,2
212900,,,VEV_6000,XIREC,0.0,2
212900,,,VEV_6500,XIREC,0.0,2
213000,SUBMISSION,,VEV_4000,XIREC,1213.0,1
213100,,,VELVETFRUIT_EXTRACT,XIREC,5224.0,6
213400,,SUBMISSION,VEV_5500,XIREC,6.0,5
213400,SUBMISSION,,VEV_5500,XIREC,7.0,5
213600,,,VELVETFRUIT_EXTRACT,XIREC,5221.0,13
215700,,SUBMISSION,VEV_4000,XIREC,1227.0,3
216000,,SUBMISSION,VEV_5400,XIREC,16.0,5
216000,SUBMISSION,,VEV_5400,XIREC,17.0,5
216000,,,VELVETFRUIT_EXTRACT,XIREC,5222.0,3
216100,,,VELVETFRUIT_EXTRACT,XIREC,5226.0,4
216600,,,VELVETFRUIT_EXTRACT,XIREC,5222.0,7
217200,,,VELVETFRUIT_EXTRACT,XIREC,5227.0,4
218800,,SUBMISSION,HYDROGEL_PACK,XIREC,9985.0,4
219000,,SUBMISSION,VEV_5400,XIREC,16.0,5
219000,SUBMISSION,,VEV_5400,XIREC,17.0,5
219600,SUBMISSION,,VEV_4000,XIREC,1220.0,2
220100,,,VEV_5200,XIREC,84.0,5
220100,,,VEV_5400,XIREC,16.0,5
220100,,,VEV_5500,XIREC,6.0,5
220100,,,VEV_6000,XIREC,0.0,5
220100,,,VEV_6500,XIREC,0.0,5
221500,,,HYDROGEL_PACK,XIREC,9986.0,3
222700,,SUBMISSION,HYDROGEL_PACK,XIREC,10001.0,6
222700,SUBMISSION,,VEV_4000,XIREC,1221.0,1
225600,,SUBMISSION,VEV_5400,XIREC,17.0,5
225600,SUBMISSION,,VEV_5400,XIREC,18.0,5
225900,,SUBMISSION,VELVETFRUIT_EXTRACT,XIREC,5234.0,5
226300,,SUBMISSION,VEV_5500,XIREC,7.0,5
226400,SUBMISSION,,VEV_5500,XIREC,8.0,5
227000,SUBMISSION,,VEV_4000,XIREC,1227.0,3
227300,SUBMISSION,,VELVETFRUIT_EXTRACT,XIREC,5231.0,5
227300,,,VELVETFRUIT_EXTRACT,XIREC,5231.0,13
227800,,SUBMISSION,VELVETFRUIT_EXTRACT,XIREC,5238.0,6
229400,,SUBMISSION,VEV_5500,XIREC,7.0,10
229700,,SUBMISSION,VELVETFRUIT_EXTRACT,XIREC,5236.0,7
229900,SUBMISSION,,VEV_5500,XIREC,8.0,10
230000,,SUBMISSION,VEV_5500,XIREC,7.0,4
230000,,,VEV_5400,XIREC,17.0,5
230000,,,VEV_5500,XIREC,7.0,5
230000,,,VEV_6000,XIREC,0.0,5
230000,,,VEV_6500,XIREC,0.0,5
231000,,SUBMISSION,VELVETFRUIT_EXTRACT,XIREC,5234.0,24
231000,,SUBMISSION,VELVETFRUIT_EXTRACT,XIREC,5234.0,6
231000,,,VELVETFRUIT_EXTRACT,XIREC,5235.0,2
231000,,,VEV_5400,XIREC,17.0,3
231000,,,VEV_5500,XIREC,7.0,3
231000,,,VEV_6000,XIREC,0.0,3
231000,,,VEV_6500,XIREC,0.0,3
231900,SUBMISSION,,VEV_4000,XIREC,1231.0,2
232700,,,VELVETFRUIT_EXTRACT,XIREC,5234.0,3
234200,,,HYDROGEL_PACK,XIREC,9976.0,6
235100,,,VEV_5300,XIREC,46.0,3
235100,,,VEV_5400,XIREC,18.0,3
235100,,,VEV_5500,XIREC,7.0,3
235100,,,VEV_6000,XIREC,0.0,3
235100,,,VEV_6500,XIREC,0.0,3
235200,,SUBMISSION,VEV_5300,XIREC,46.0,3
235300,SUBMISSION,,VEV_5300,XIREC,47.0,3
235900,SUBMISSION,,VELVETFRUIT_EXTRACT,XIREC,5232.0,8
236000,,SUBMISSION,VEV_5500,XIREC,7.0,5
236300,,SUBMISSION,VEV_5500,XIREC,7.0,6
236500,,SUBMISSION,VEV_5500,XIREC,7.0,6
236600,SUBMISSION,,VEV_5500,XIREC,8.0,21
237100,SUBMISSION,,VELVETFRUIT_EXTRACT,XIREC,5231.0,35
237800,,SUBMISSION,VEV_4000,XIREC,1235.0,3
238700,,SUBMISSION,VELVETFRUIT_EXTRACT,XIREC,5233.0,6
239200,SUBMISSION,,VELVETFRUIT_EXTRACT,XIREC,5230.0,5
240100,,SUBMISSION,VEV_5500,XIREC,7.0,7
240300,,SUBMISSION,VEV_5500,XIREC,7.0,7
240500,SUBMISSION,,VEV_5500,XIREC,8.0,14
240700,SUBMISSION,,HYDROGEL_PACK,XIREC,9964.0,4
241300,SUBMISSION,,VELVETFRUIT_EXTRACT,XIREC,5230.0,1
242100,,SUBMISSION,VELVETFRUIT_EXTRACT,XIREC,5236.0,3
243200,,SUBMISSION,VEV_4000,XIREC,1243.0,3
243300,,,HYDROGEL_PACK,XIREC,9977.0,2
244000,SUBMISSION,,VEV_4000,XIREC,1234.0,3
244500,,SUBMISSION,VEV_5500,XIREC,8.0,10
244600,,SUBMISSION,VEV_5400,XIREC,19.0,9
244600,,SUBMISSION,VEV_5500,XIREC,8.0,9
244700,SUBMISSION,,VEV_5400,XIREC,20.0,9
244800,,SUBMISSION,VEV_5500,XIREC,8.0,16
244900,,SUBMISSION,VEV_5500,XIREC,8.0,20
245000,,SUBMISSION,VEV_5500,XIREC,8.0,24
245100,,SUBMISSION,VEV_5500,XIREC,8.0,23
245200,,SUBMISSION,VEV_5500,XIREC,8.0,16
245300,,SUBMISSION,VEV_5500,XIREC,8.0,18
245600,,SUBMISSION,VEV_5500,XIREC,8.0,22
245700,,SUBMISSION,VEV_5500,XIREC,8.0,8
245900,,SUBMISSION,VEV_5500,XIREC,8.0,18
246000,SUBMISSION,,VEV_4000,XIREC,1239.0,3
246000,,SUBMISSION,VEV_5400,XIREC,19.0,9
246000,,SUBMISSION,VEV_5500,XIREC,8.0,24
246100,,SUBMISSION,VEV_5400,XIREC,19.0,5
246100,,SUBMISSION,VEV_5500,XIREC,8.0,20
246200,SUBMISSION,,VEV_5400,XIREC,20.0,14
246200,,SUBMISSION,VEV_5500,XIREC,8.0,23
246500,,SUBMISSION,VEV_5500,XIREC,8.0,18
247000,,SUBMISSION,VEV_5300,XIREC,48.0,2
247100,,,HYDROGEL_PACK,XIREC,9971.0,5
247200,SUBMISSION,,HYDROGEL_PACK,XIREC,9970.0,15
247200,SUBMISSION,,VEV_4000,XIREC,1237.0,3
247300,SUBMISSION,,HYDROGEL_PACK,XIREC,9970.0,4
247800,,,HYDROGEL_PACK,XIREC,9952.0,4
248500,,,VELVETFRUIT_EXTRACT,XIREC,5241.0,8
248700,,,HYDROGEL_PACK,XIREC,9966.0,3
249000,,SUBMISSION,VEV_5400,XIREC,19.0,5
249100,,SUBMISSION,VEV_5400,XIREC,19.0,7
250200,,,VELVETFRUIT_EXTRACT,XIREC,5244.0,7
250900,SUBMISSION,,VEV_5400,XIREC,20.0,12
251400,,SUBMISSION,VEV_5400,XIREC,19.0,6
251800,,SUBMISSION,VELVETFRUIT_EXTRACT,XIREC,5248.0,4
252600,,SUBMISSION,VEV_5200,XIREC,99.0,4
252600,,SUBMISSION,VEV_5400,XIREC,20.0,4
253100,SUBMISSION,,VEV_4000,XIREC,1241.0,2
255000,,SUBMISSION,VEV_5400,XIREC,19.0,10
255100,SUBMISSION,,VEV_5400,XIREC,20.0,20
256100,,SUBMISSION,VELVETFRUIT_EXTRACT,XIREC,5242.0,4
256100,,,HYDROGEL_PACK,XIREC,9969.0,5
256500,SUBMISSION,,VEV_5300,XIREC,46.0,2
256500,,,VEV_5500,XIREC,7.0,4
256500,,,VEV_6000,XIREC,0.0,4
256500,,,VEV_6500,XIREC,0.0,4
257100,,SUBMISSION,VELVETFRUIT_EXTRACT,XIREC,5244.0,7
257800,,,VEV_5500,XIREC,7.0,4
257800,,,VEV_6000,XIREC,0.0,4
257800,,,VEV_6500,XIREC,0.0,4
258900,SUBMISSION,,VEV_5200,XIREC,93.0,4
259300,SUBMISSION,,VELVETFRUIT_EXTRACT,XIREC,5234.0,15
260100,,SUBMISSION,HYDROGEL_PACK,XIREC,9998.0,2
260200,SUBMISSION,,VELVETFRUIT_EXTRACT,XIREC,5236.0,3
261500,,SUBMISSION,HYDROGEL_PACK,XIREC,10008.0,5
262300,SUBMISSION,,VEV_4000,XIREC,1237.0,3
263400,,,VEV_5300,XIREC,47.0,2
263400,,,VEV_5400,XIREC,18.0,2
263400,,,VEV_5500,XIREC,7.0,2
263400,,,VEV_6000,XIREC,0.0,2
263400,,,VEV_6500,XIREC,0.0,2
263700,,,HYDROGEL_PACK,XIREC,9989.0,3
263800,,SUBMISSION,VEV_5400,XIREC,19.0,8
265100,,SUBMISSION,VEV_5400,XIREC,19.0,8
265200,,SUBMISSION,VEV_5300,XIREC,48.0,5
265200,SUBMISSION,,VEV_5400,XIREC,20.0,16
265200,,,VELVETFRUIT_EXTRACT,XIREC,5241.0,8
265500,,,VELVETFRUIT_EXTRACT,XIREC,5241.0,6
265900,,,VELVETFRUIT_EXTRACT,XIREC,5242.0,8
266000,,,VELVETFRUIT_EXTRACT,XIREC,5241.0,8
266200,,SUBMISSION,VEV_5400,XIREC,19.0,8
266300,,SUBMISSION,VEV_5400,XIREC,19.0,6
266500,,SUBMISSION,VEV_4000,XIREC,1251.0,2
266700,SUBMISSION,,VEV_5400,XIREC,20.0,14
266800,,,HYDROGEL_PACK,XIREC,9993.0,6
267500,,,VELVETFRUIT_EXTRACT,XIREC,5238.0,8
270800,,SUBMISSION,VEV_5400,XIREC,19.0,8
270900,SUBMISSION,,VEV_5400,XIREC,20.0,8
270900,,,VELVETFRUIT_EXTRACT,XIREC,5242.0,8
271900,,SUBMISSION,VEV_4000,XIREC,1247.0,2
272400,,SUBMISSION,VEV_5400,XIREC,19.0,7
272500,SUBMISSION,,VEV_5400,XIREC,20.0,7
272600,,SUBMISSION,VEV_5400,XIREC,19.0,10
273500,,SUBMISSION,HYDROGEL_PACK,XIREC,9994.0,4
273500,SUBMISSION,,VEV_4000,XIREC,1240.0,3
273700,,SUBMISSION,VELVETFRUIT_EXTRACT,XIREC,5250.0,3
273900,,SUBMISSION,VEV_5400,XIREC,20.0,25
274100,,SUBMISSION,VEV_5400,XIREC,20.0,7
274200,,SUBMISSION,VEV_5400,XIREC,20.0,18
274300,,SUBMISSION,VEV_5400,XIREC,20.0,26
274400,,SUBMISSION,VEV_5400,XIREC,20.0,9
275700,,SUBMISSION,VEV_4000,XIREC,1253.0,3
276300,,SUBMISSION,VEV_5400,XIREC,20.0,25
276400,,SUBMISSION,VEV_5400,XIREC,20.0,26
276500,,SUBMISSION,VEV_5400,XIREC,20.0,28
276600,,SUBMISSION,VEV_5400,XIREC,20.0,23
276700,,SUBMISSION,VEV_5400,XIREC,20.0,22
276800,,SUBMISSION,VEV_5400,XIREC,20.0,27
276900,,SUBMISSION,VEV_5400,XIREC,20.0,21
277200,,SUBMISSION,VELVETFRUIT_EXTRACT,XIREC,5253.0,6
277200,,,VEV_5400,XIREC,20.0,3
277200,,,VEV_5500,XIREC,8.0,3
277200,,,VEV_6000,XIREC,0.0,3
277200,,,VEV_6500,XIREC,0.0,3
278200,,SUBMISSION,HYDROGEL_PACK,XIREC,9996.0,5
278600,,,HYDROGEL_PACK,XIREC,9991.0,4
278700,SUBMISSION,,VEV_5400,XIREC,20.0,20
278800,,SUBMISSION,VEV_5400,XIREC,18.0,20
278800,SUBMISSION,,VEV_5400,XIREC,19.0,20
278900,SUBMISSION,,VEV_5400,XIREC,19.0,21
279000,SUBMISSION,,VEV_5400,XIREC,19.0,28
279100,SUBMISSION,,VEV_5400,XIREC,19.0,22
279200,SUBMISSION,,VEV_5400,XIREC,19.0,16
279300,SUBMISSION,,VEV_5300,XIREC,47.0,5
279300,SUBMISSION,,VEV_5400,XIREC,19.0,25
279400,SUBMISSION,,VEV_5400,XIREC,19.0,25
279500,SUBMISSION,,VEV_5400,XIREC,19.0,19
279600,SUBMISSION,,VEV_5400,XIREC,19.0,19
279700,SUBMISSION,,VEV_5400,XIREC,19.0,27
279800,SUBMISSION,,VEV_5400,XIREC,19.0,23
279900,SUBMISSION,,VEV_5400,XIREC,19.0,21
280000,,SUBMISSION,HYDROGEL_PACK,XIREC,9990.0,3
280000,SUBMISSION,,VEV_5400,XIREC,19.0,1
280600,SUBMISSION,,VELVETFRUIT_EXTRACT,XIREC,5239.0,8
281300,,SUBMISSION,VELVETFRUIT_EXTRACT,XIREC,5241.0,8
281500,SUBMISSION,,HYDROGEL_PACK,XIREC,9974.0,5
281700,SUBMISSION,,VEV_4000,XIREC,1235.0,3
282600,,SUBMISSION,VELVETFRUIT_EXTRACT,XIREC,5242.0,7
283400,SUBMISSION,,VELVETFRUIT_EXTRACT,XIREC,5238.0,16
283800,,SUBMISSION,HYDROGEL_PACK,XIREC,9989.0,2
284700,,,HYDROGEL_PACK,XIREC,9979.0,2
286800,,SUBMISSION,VEV_4000,XIREC,1239.0,3
286800,,,VELVETFRUIT_EXTRACT,XIREC,5232.0,6
287600,,,HYDROGEL_PACK,XIREC,9980.0,6
287700,,SUBMISSION,HYDROGEL_PACK,XIREC,9983.0,3
289500,,SUBMISSION,VELVETFRUIT_EXTRACT,XIREC,5249.0,7
290600,,,HYDROGEL_PACK,XIREC,9981.0,2
290700,,,VEV_5500,XIREC,8.0,5
290700,,,VEV_6000,XIREC,0.0,5
290700,,,VEV_6500,XIREC,0.0,5
290800,,SUBMISSION,HYDROGEL_PACK,XIREC,9997.0,5
291200,SUBMISSION,,VELVETFRUIT_EXTRACT,XIREC,5238.0,7
292400,,SUBMISSION,VELVETFRUIT_EXTRACT,XIREC,5244.0,6
292800,SUBMISSION,,VEV_5500,XIREC,8.0,3
292800,,,VEV_5400,XIREC,19.0,3
292800,,,VEV_6000,XIREC,0.0,3
292800,,,VEV_6500,XIREC,0.0,3
293200,,,VELVETFRUIT_EXTRACT,XIREC,5242.0,7
294200,,SUBMISSION,VEV_5300,XIREC,48.0,5
294900,,SUBMISSION,HYDROGEL_PACK,XIREC,10005.0,6
296600,SUBMISSION,,VEV_4000,XIREC,1242.0,3
297300,,,VELVETFRUIT_EXTRACT,XIREC,5245.0,3
297500,,SUBMISSION,VEV_5400,XIREC,19.0,5
297600,,,VELVETFRUIT_EXTRACT,XIREC,5245.0,8
297800,,SUBMISSION,VELVETFRUIT_EXTRACT,XIREC,5250.0,5
298500,,SUBMISSION,VEV_5400,XIREC,20.0,2
298600,,SUBMISSION,VEV_5400,XIREC,20.0,26
298700,,,HYDROGEL_PACK,XIREC,10003.0,4
298900,,SUBMISSION,VEV_5400,XIREC,21.0,5
300400,,SUBMISSION,VEV_5400,XIREC,21.0,6
303600,,SUBMISSION,VEV_5400,XIREC,21.0,6
303900,,SUBMISSION,VEV_5400,XIREC,20.0,22
304000,,SUBMISSION,VEV_5400,XIREC,20.0,27
304100,SUBMISSION,,VEV_4000,XIREC,1247.0,1
304200,,SUBMISSION,VEV_5400,XIREC,20.0,22
304300,,SUBMISSION,VEV_5400,XIREC,20.0,23
304400,,SUBMISSION,VEV_5400,XIREC,20.0,26
304500,,SUBMISSION,VEV_5400,XIREC,20.0,22
304600,,SUBMISSION,VEV_5400,XIREC,20.0,20
304700,,SUBMISSION,VELVETFRUIT_EXTRACT,XIREC,5254.0,4
304700,,SUBMISSION,VEV_5400,XIREC,20.0,25
304800,,SUBMISSION,VEV_5400,XIREC,20.0,23
304900,,SUBMISSION,VEV_5400,XIREC,20.0,5
305000,,SUBMISSION,VEV_5400,XIREC,20.0,24
305100,,SUBMISSION,VELVETFRUIT_EXTRACT,XIREC,5250.0,17
305700,,,VELVETFRUIT_EXTRACT,XIREC,5252.0,8
305800,,SUBMISSION,HYDROGEL_PACK,XIREC,10019.0,2
310000,,,VELVETFRUIT_EXTRACT,XIREC,5253.0,3
310200,,,HYDROGEL_PACK,XIREC,10016.0,2
311500,,SUBMISSION,HYDROGEL_PACK,XIREC,10026.0,5
313000,SUBMISSION,,VEV_4000,XIREC,1251.0,2
313400,,SUBMISSION,HYDROGEL_PACK,XIREC,10022.0,5
314600,,SUBMISSION,VELVETFRUIT_EXTRACT,XIREC,5257.0,19
316700,SUBMISSION,,VEV_5400,XIREC,22.0,5
316700,,,VEV_5500,XIREC,9.0,5
316700,,,VEV_6000,XIREC,0.0,5
316700,,,VEV_6500,XIREC,0.0,5
317600,SUBMISSION,,VEV_5400,XIREC,22.0,2
317600,,,VEV_5500,XIREC,9.0,2
317600,,,VEV_6000,XIREC,0.0,2
317600,,,VEV_6500,XIREC,0.0,2
318700,,,HYDROGEL_PACK,XIREC,10014.0,6
320300,SUBMISSION,,VEV_4000,XIREC,1256.0,2
320700,,SUBMISSION,VEV_4000,XIREC,1267.0,3
320900,,SUBMISSION,HYDROGEL_PACK,XIREC,10033.0,4
321200,,SUBMISSION,VELVETFRUIT_EXTRACT,XIREC,5256.0,10
321200,,,HYDROGEL_PACK,XIREC,10009.0,4
322800,SUBMISSION,,VEV_4000,XIREC,1253.0,1
323400,,SUBMISSION,VELVETFRUIT_EXTRACT,XIREC,5257.0,18
323400,,SUBMISSION,VELVETFRUIT_EXTRACT,XIREC,5257.0,12
323500,SUBMISSION,,VEV_4000,XIREC,1250.0,3
323800,,SUBMISSION,HYDROGEL_PACK,XIREC,10021.0,13
323800,,SUBMISSION,HYDROGEL_PACK,XIREC,10018.0,15
323900,,SUBMISSION,HYDROGEL_PACK,XIREC,10022.0,10
323900,,SUBMISSION,HYDROGEL_PACK,XIREC,10019.0,26
323900,,SUBMISSION,VELVETFRUIT_EXTRACT,XIREC,5257.0,7
324000,,SUBMISSION,HYDROGEL_PACK,XIREC,10022.0,11
324000,,SUBMISSION,HYDROGEL_PACK,XIREC,10020.0,26
324100,,SUBMISSION,HYDROGEL_PACK,XIREC,10022.0,13
324100,,SUBMISSION,HYDROGEL_PACK,XIREC,10020.0,8
324200,,SUBMISSION,HYDROGEL_PACK,XIREC,10023.0,13
324200,,SUBMISSION,HYDROGEL_PACK,XIREC,10020.0,27
324300,,SUBMISSION,HYDROGEL_PACK,XIREC,10023.0,15
324300,,SUBMISSION,HYDROGEL_PACK,XIREC,10021.0,24
324400,,SUBMISSION,HYDROGEL_PACK,XIREC,10024.0,15
324400,,SUBMISSION,HYDROGEL_PACK,XIREC,10022.0,20
324500,,SUBMISSION,HYDROGEL_PACK,XIREC,10026.0,13
324500,,SUBMISSION,HYDROGEL_PACK,XIREC,10023.0,21
324600,,SUBMISSION,HYDROGEL_PACK,XIREC,10025.0,15
324600,,SUBMISSION,HYDROGEL_PACK,XIREC,10022.0,23
327500,,SUBMISSION,HYDROGEL_PACK,XIREC,10025.0,12
327500,,SUBMISSION,HYDROGEL_PACK,XIREC,10022.0,22
327600,,,VELVETFRUIT_EXTRACT,XIREC,5269.0,3
327800,,SUBMISSION,HYDROGEL_PACK,XIREC,10025.0,12
328800,SUBMISSION,,VEV_4000,XIREC,1259.0,3
329500,,SUBMISSION,VELVETFRUIT_EXTRACT,XIREC,5265.0,20
329500,,SUBMISSION,VELVETFRUIT_EXTRACT,XIREC,5265.0,10
329700,,,VELVETFRUIT_EXTRACT,XIREC,5265.0,3
330900,,,HYDROGEL_PACK,XIREC,10040.0,3
331400,,,HYDROGEL_PACK,XIREC,10025.0,2
332300,,,VEV_5300,XIREC,58.0,4
332300,,,VEV_5500,XIREC,10.0,4
332300,,,VEV_6000,XIREC,0.0,4
332300,,,VEV_6500,XIREC,0.0,4
332700,,,HYDROGEL_PACK,XIREC,10030.0,6
335000,,,HYDROGEL_PACK,XIREC,10047.0,5
335300,,,HYDROGEL_PACK,XIREC,10048.0,4
335400,,SUBMISSION,VELVETFRUIT_EXTRACT,XIREC,5265.0,8
335400,,,HYDROGEL_PACK,XIREC,10048.0,4
336800,,,HYDROGEL_PACK,XIREC,10034.0,5
338000,,SUBMISSION,VELVETFRUIT_EXTRACT,XIREC,5261.0,3
340000,,,HYDROGEL_PACK,XIREC,10028.0,6
345000,,,HYDROGEL_PACK,XIREC,10015.0,4
345100,SUBMISSION,,VEV_4000,XIREC,1245.0,2
345400,SUBMISSION,,VELVETFRUIT_EXTRACT,XIREC,5250.0,8
346300,,SUBMISSION,VELVETFRUIT_EXTRACT,XIREC,5261.0,8
346400,,,VELVETFRUIT_EXTRACT,XIREC,5258.0,3
347400,SUBMISSION,,VEV_4000,XIREC,1257.0,1
350700,,SUBMISSION,VELVETFRUIT_EXTRACT,XIREC,5275.0,6
351100,,,VELVETFRUIT_EXTRACT,XIREC,5271.0,7
351600,,SUBMISSION,VELVETFRUIT_EXTRACT,XIREC,5273.0,21
351600,,SUBMISSION,VELVETFRUIT_EXTRACT,XIREC,5272.0,43
351700,,SUBMISSION,VELVETFRUIT_EXTRACT,XIREC,5275.0,7
351700,,SUBMISSION,VELVETFRUIT_EXTRACT,XIREC,5273.0,56
351800,,SUBMISSION,VELVETFRUIT_EXTRACT,XIREC,5273.0,16
351800,SUBMISSION,,VEV_4000,XIREC,1268.0,1
352700,,SUBMISSION,VELVETFRUIT_EXTRACT,XIREC,5273.0,7
354000,,,VELVETFRUIT_EXTRACT,XIREC,5270.0,3
354400,,,VELVETFRUIT_EXTRACT,XIREC,5271.0,4
355900,,SUBMISSION,VELVETFRUIT_EXTRACT,XIREC,5273.0,2
356200,SUBMISSION,,VEV_4000,XIREC,1265.0,1
357800,,SUBMISSION,VELVETFRUIT_EXTRACT,XIREC,5274.0,23
357800,,SUBMISSION,VELVETFRUIT_EXTRACT,XIREC,5273.0,42
357900,,SUBMISSION,VELVETFRUIT_EXTRACT,XIREC,5275.0,38
358200,,,HYDROGEL_PACK,XIREC,9994.0,6
359500,,,VELVETFRUIT_EXTRACT,XIREC,5279.0,6
360000,,,VEV_6000,XIREC,0.0,4
360000,,,VEV_6500,XIREC,0.0,4
363700,,,HYDROGEL_PACK,XIREC,10022.0,5
365100,SUBMISSION,,VEV_4000,XIREC,1270.0,1
366300,,,VELVETFRUIT_EXTRACT,XIREC,5279.0,7
366900,,,HYDROGEL_PACK,XIREC,10045.0,5
367000,,,HYDROGEL_PACK,XIREC,10042.0,5
367900,,SUBMISSION,VEV_5300,XIREC,62.0,3
369300,SUBMISSION,,VEV_4000,XIREC,1267.0,1
369900,,,VELVETFRUIT_EXTRACT,XIREC,5274.0,8
370400,,,HYDROGEL_PACK,XIREC,10047.0,2
370600,,,HYDROGEL_PACK,XIREC,10031.0,4
372300,,,VELVETFRUIT_EXTRACT,XIREC,5279.0,9
373300,,SUBMISSION,VEV_5200,XIREC,117.0,2
373300,,,HYDROGEL_PACK,XIREC,10054.0,2
374900,,SUBMISSION,VEV_4000,XIREC,1289.0,1
374900,,,VELVETFRUIT_EXTRACT,XIREC,5287.0,3
376500,,,VELVETFRUIT_EXTRACT,XIREC,5287.0,3
376700,,,VELVETFRUIT_EXTRACT,XIREC,5286.0,8
378100,SUBMISSION,,VEV_4000,XIREC,1270.0,3
379500,,SUBMISSION,VEV_5200,XIREC,115.0,2
379500,,SUBMISSION,VEV_5300,XIREC,60.0,2
380100,,SUBMISSION,VEV_4000,XIREC,1274.0,1
380500,,,HYDROGEL_PACK,XIREC,10043.0,4
381200,,,VELVETFRUIT_EXTRACT,XIREC,5269.0,7
381400,,,HYDROGEL_PACK,XIREC,10035.0,4
383100,,,HYDROGEL_PACK,XIREC,10033.0,6
384900,,SUBMISSION,VEV_5300,XIREC,60.0,4
386500,,,VELVETFRUIT_EXTRACT,XIREC,5271.0,3
387500,,,VELVETFRUIT_EXTRACT,XIREC,5275.0,7
388000,,,VELVETFRUIT_EXTRACT,XIREC,5275.0,4
389600,,,VELVETFRUIT_EXTRACT,XIREC,5271.0,4
389800,,,HYDROGEL_PACK,XIREC,10018.0,4
390400,,,HYDROGEL_PACK,XIREC,10003.0,6
392600,,,VELVETFRUIT_EXTRACT,XIREC,5266.0,8
394200,,,VELVETFRUIT_EXTRACT,XIREC,5261.0,7
394300,,SUBMISSION,VEV_4000,XIREC,1266.0,2
395500,,,VELVETFRUIT_EXTRACT,XIREC,5261.0,3
396900,,,VELVETFRUIT_EXTRACT,XIREC,5263.0,10
397900,,,VELVETFRUIT_EXTRACT,XIREC,5260.0,6
399700,SUBMISSION,,VELVETFRUIT_EXTRACT,XIREC,5259.0,6
400900,,SUBMISSION,VEV_5200,XIREC,107.0,2
402000,,,HYDROGEL_PACK,XIREC,10016.0,4
402100,SUBMISSION,,VEV_5400,XIREC,21.0,3
402100,SUBMISSION,,VEV_5500,XIREC,9.0,3
402100,,,VEV_6000,XIREC,0.0,3
402100,,,VEV_6500,XIREC,0.0,3
403300,SUBMISSION,,VELVETFRUIT_EXTRACT,XIREC,5258.0,17
404300,,,VELVETFRUIT_EXTRACT,XIREC,5260.0,8
405600,,,HYDROGEL_PACK,XIREC,9999.0,5
405800,SUBMISSION,,VELVETFRUIT_EXTRACT,XIREC,5260.0,7
406600,SUBMISSION,,HYDROGEL_PACK,XIREC,9994.0,10
407400,,SUBMISSION,VEV_4000,XIREC,1274.0,1
407800,,SUBMISSION,VELVETFRUIT_EXTRACT,XIREC,5270.0,17
407800,,SUBMISSION,VELVETFRUIT_EXTRACT,XIREC,5270.0,9
409600,SUBMISSION,,HYDROGEL_PACK,XIREC,9993.0,10
409600,,,VELVETFRUIT_EXTRACT,XIREC,5269.0,6
409700,SUBMISSION,,HYDROGEL_PACK,XIREC,9991.0,11
409700,SUBMISSION,,HYDROGEL_PACK,XIREC,9993.0,25
409800,SUBMISSION,,HYDROGEL_PACK,XIREC,9992.0,12
409900,SUBMISSION,,HYDROGEL_PACK,XIREC,9993.0,10
410000,SUBMISSION,,HYDROGEL_PACK,XIREC,9992.0,13
410100,SUBMISSION,,HYDROGEL_PACK,XIREC,9992.0,13
410300,SUBMISSION,,HYDROGEL_PACK,XIREC,9990.0,15
410300,SUBMISSION,,HYDROGEL_PACK,XIREC,9993.0,21
410400,SUBMISSION,,HYDROGEL_PACK,XIREC,9991.0,15
410500,SUBMISSION,,HYDROGEL_PACK,XIREC,9990.0,14
410500,SUBMISSION,,HYDROGEL_PACK,XIREC,9993.0,25
410500,,,HYDROGEL_PACK,XIREC,9990.0,3
410600,SUBMISSION,,HYDROGEL_PACK,XIREC,9989.0,11
410600,SUBMISSION,,HYDROGEL_PACK,XIREC,9991.0,25
410700,SUBMISSION,,HYDROGEL_PACK,XIREC,9986.0,11
410700,SUBMISSION,,HYDROGEL_PACK,XIREC,9988.0,26
410800,SUBMISSION,,HYDROGEL_PACK,XIREC,9983.0,15
410800,SUBMISSION,,HYDROGEL_PACK,XIREC,9986.0,21
410900,SUBMISSION,,HYDROGEL_PACK,XIREC,9986.0,13
410900,SUBMISSION,,HYDROGEL_PACK,XIREC,9988.0,28
411000,SUBMISSION,,HYDROGEL_PACK,XIREC,9987.0,10
411000,SUBMISSION,,HYDROGEL_PACK,XIREC,9990.0,29
411100,SUBMISSION,,HYDROGEL_PACK,XIREC,9988.0,11
411100,SUBMISSION,,HYDROGEL_PACK,XIREC,9991.0,6
411400,,SUBMISSION,VEV_4000,XIREC,1275.0,1
414600,,,HYDROGEL_PACK,XIREC,9993.0,2
414800,,SUBMISSION,VELVETFRUIT_EXTRACT,XIREC,5265.0,4
414800,,,VELVETFRUIT_EXTRACT,XIREC,5266.0,1
416400,,,HYDROGEL_PACK,XIREC,9964.0,5
417000,,,HYDROGEL_PACK,XIREC,9978.0,6
417000,,,VELVETFRUIT_EXTRACT,XIREC,5264.0,9
417100,,,HYDROGEL_PACK,XIREC,9977.0,2
417500,,SUBMISSION,VEV_4000,XIREC,1267.0,2
419500,SUBMISSION,,VELVETFRUIT_EXTRACT,XIREC,5262.0,5
420400,SUBMISSION,,VEV_5400,XIREC,21.0,3
420400,,,VEV_5500,XIREC,9.0,3
420400,,,VEV_6000,XIREC,0.0,3
420400,,,VEV_6500,XIREC,0.0,3
421200,,SUBMISSION,VELVETFRUIT_EXTRACT,XIREC,5269.0,5
422900,,,HYDROGEL_PACK,XIREC,9977.0,4
423100,,,VELVETFRUIT_EXTRACT,XIREC,5264.0,6
425600,,,HYDROGEL_PACK,XIREC,9994.0,2
427200,SUBMISSION,,VELVETFRUIT_EXTRACT,XIREC,5260.0,19
427200,SUBMISSION,,VELVETFRUIT_EXTRACT,XIREC,5261.0,30
427200,,SUBMISSION,VEV_5500,XIREC,8.0,30
427300,SUBMISSION,,VELVETFRUIT_EXTRACT,XIREC,5260.0,64
427400,SUBMISSION,,VELVETFRUIT_EXTRACT,XIREC,5259.0,25
427400,SUBMISSION,,VELVETFRUIT_EXTRACT,XIREC,5260.0,45
427500,SUBMISSION,,VELVETFRUIT_EXTRACT,XIREC,5259.0,24
427500,SUBMISSION,,VELVETFRUIT_EXTRACT,XIREC,5260.0,45
427600,SUBMISSION,,VELVETFRUIT_EXTRACT,XIREC,5260.0,23
427600,SUBMISSION,,VELVETFRUIT_EXTRACT,XIREC,5261.0,42
427700,SUBMISSION,,VELVETFRUIT_EXTRACT,XIREC,5261.0,51
427800,SUBMISSION,,VELVETFRUIT_EXTRACT,XIREC,5261.0,25
427900,SUBMISSION,,VELVETFRUIT_EXTRACT,XIREC,5261.0,7
428200,,,VELVETFRUIT_EXTRACT,XIREC,5256.0,8
428300,,SUBMISSION,HYDROGEL_PACK,XIREC,10000.0,5
428600,SUBMISSION,,VEV_5400,XIREC,21.0,26
428700,SUBMISSION,,VEV_5400,XIREC,21.0,15
428800,SUBMISSION,,VEV_5400,XIREC,21.0,16
428900,SUBMISSION,,VEV_5400,XIREC,21.0,21
429000,SUBMISSION,,VEV_5400,XIREC,21.0,21
429100,SUBMISSION,,HYDROGEL_PACK,XIREC,9980.0,3
429100,SUBMISSION,,VEV_5400,XIREC,20.0,18
429200,SUBMISSION,,VEV_5400,XIREC,20.0,25
429200,SUBMISSION,,VEV_5500,XIREC,9.0,25
429300,SUBMISSION,,VEV_5400,XIREC,20.0,23
429300,SUBMISSION,,VEV_5500,XIREC,9.0,23
429400,SUBMISSION,,VEV_5400,XIREC,20.0,21
429400,SUBMISSION,,VEV_5500,XIREC,9.0,21
429500,SUBMISSION,,VEV_5400,XIREC,20.0,25
429500,SUBMISSION,,VEV_5500,XIREC,9.0,25
429600,SUBMISSION,,VEV_5400,XIREC,20.0,17
429600,SUBMISSION,,VEV_5500,XIREC,9.0,17
429700,SUBMISSION,,VEV_5400,XIREC,20.0,22
429700,SUBMISSION,,VEV_5500,XIREC,9.0,22
429700,,,VELVETFRUIT_EXTRACT,XIREC,5249.0,8
429800,SUBMISSION,,VEV_5400,XIREC,20.0,17
429800,SUBMISSION,,VEV_5500,XIREC,8.0,5
429800,SUBMISSION,,VEV_5500,XIREC,9.0,12
429900,SUBMISSION,,VEV_5400,XIREC,20.0,9
429900,SUBMISSION,,VEV_5500,XIREC,9.0,24
430000,SUBMISSION,,VEV_5500,XIREC,9.0,24
430100,SUBMISSION,,VEV_5500,XIREC,9.0,22
430200,SUBMISSION,,VEV_5500,XIREC,9.0,21
430300,SUBMISSION,,VEV_5500,XIREC,9.0,19
430400,SUBMISSION,,VEV_5500,XIREC,9.0,22
430500,SUBMISSION,,VEV_5500,XIREC,9.0,11
430800,,,VELVETFRUIT_EXTRACT,XIREC,5252.0,4
431500,SUBMISSION,,HYDROGEL_PACK,XIREC,9989.0,2
431800,,SUBMISSION,VEV_4000,XIREC,1254.0,1
431900,SUBMISSION,,VEV_5300,XIREC,50.0,14
432000,SUBMISSION,,VEV_5200,XIREC,99.0,6
432000,,,VELVETFRUIT_EXTRACT,XIREC,5249.0,8
433100,,,VELVETFRUIT_EXTRACT,XIREC,5246.0,9
433500,,,VELVETFRUIT_EXTRACT,XIREC,5248.0,3
435200,,,HYDROGEL_PACK,XIREC,9978.0,6
436500,,,HYDROGEL_PACK,XIREC,9985.0,3
436600,,,VELVETFRUIT_EXTRACT,XIREC,5249.0,8
437100,,,VELVETFRUIT_EXTRACT,XIREC,5245.0,5
440100,,,VELVETFRUIT_EXTRACT,XIREC,5248.0,4
442300,,,VELVETFRUIT_EXTRACT,XIREC,5244.0,7
443900,,,HYDROGEL_PACK,XIREC,9966.0,5
446300,,,HYDROGEL_PACK,XIREC,9960.0,3
446500,SUBMISSION,,VEV_4000,XIREC,1243.0,1
447400,,,HYDROGEL_PACK,XIREC,9944.0,5
447500,,SUBMISSION,VEV_4000,XIREC,1255.0,3
447800,SUBMISSION,,VEV_4000,XIREC,1243.0,3
447800,,,VEV_5300,XIREC,49.0,5
447800,,,VEV_5400,XIREC,18.0,5
447800,,,VEV_5500,XIREC,7.0,5
447800,,,VEV_6000,XIREC,0.0,5
447800,,,VEV_6500,XIREC,0.0,5
448000,,,HYDROGEL_PACK,XIREC,9951.0,4
448100,SUBMISSION,,VEV_4000,XIREC,1243.0,2
448400,,,VELVETFRUIT_EXTRACT,XIREC,5253.0,7
449700,,,VEV_5400,XIREC,17.0,5
449700,,,VEV_5500,XIREC,7.0,5
449700,,,VEV_6000,XIREC,0.0,5
449700,,,VEV_6500,XIREC,0.0,5
450100,,,VELVETFRUIT_EXTRACT,XIREC,5242.0,5
450300,,,VELVETFRUIT_EXTRACT,XIREC,5246.0,7
450400,SUBMISSION,,VEV_4000,XIREC,1238.0,3
450500,,,VELVETFRUIT_EXTRACT,XIREC,5243.0,6
452500,,,VELVETFRUIT_EXTRACT,XIREC,5240.0,8
453100,,,VEV_5300,XIREC,45.0,3
453100,,,VEV_5400,XIREC,16.0,3
453100,,,VEV_5500,XIREC,6.0,3
453100,,,VEV_6000,XIREC,0.0,3
453100,,,VEV_6500,XIREC,0.0,3
453900,,,VELVETFRUIT_EXTRACT,XIREC,5237.0,10
454500,SUBMISSION,,VEV_4000,XIREC,1235.0,2
454500,,,VELVETFRUIT_EXTRACT,XIREC,5240.0,8
455100,,,HYDROGEL_PACK,XIREC,9962.0,5
455600,,,VELVETFRUIT_EXTRACT,XIREC,5241.0,4
456500,,SUBMISSION,VEV_4000,XIREC,1245.0,3
456600,,,VELVETFRUIT_EXTRACT,XIREC,5243.0,8
458100,,,VELVETFRUIT_EXTRACT,XIREC,5237.0,8
459200,SUBMISSION,,VEV_4000,XIREC,1232.0,3
460000,,,HYDROGEL_PACK,XIREC,9979.0,6
460100,,,HYDROGEL_PACK,XIREC,9981.0,3
462100,,SUBMISSION,VEV_5500,XIREC,6.0,5
462100,SUBMISSION,,VEV_5500,XIREC,7.0,5
462900,,,HYDROGEL_PACK,XIREC,9977.0,5
463000,,,HYDROGEL_PACK,XIREC,9974.0,3
463300,,,VELVETFRUIT_EXTRACT,XIREC,5227.0,8
463700,,,VELVETFRUIT_EXTRACT,XIREC,5234.0,3
467600,,,HYDROGEL_PACK,XIREC,9966.0,3
469900,,,VELVETFRUIT_EXTRACT,XIREC,5233.0,3
470500,,,VELVETFRUIT_EXTRACT,XIREC,5232.0,5
471100,,,VELVETFRUIT_EXTRACT,XIREC,5231.0,6
471700,,,HYDROGEL_PACK,XIREC,9980.0,3
472600,,,VELVETFRUIT_EXTRACT,XIREC,5233.0,7
472700,,,VELVETFRUIT_EXTRACT,XIREC,5234.0,6
473100,,,HYDROGEL_PACK,XIREC,9970.0,3
474000,,,VELVETFRUIT_EXTRACT,XIREC,5238.0,7
474600,,,VELVETFRUIT_EXTRACT,XIREC,5232.0,9
474900,,,HYDROGEL_PACK,XIREC,9964.0,5
476200,,,HYDROGEL_PACK,XIREC,9957.0,4
476800,,,VELVETFRUIT_EXTRACT,XIREC,5240.0,8
477700,,,HYDROGEL_PACK,XIREC,9958.0,5
478000,,SUBMISSION,VEV_5200,XIREC,90.0,5
478000,SUBMISSION,,VEV_5200,XIREC,91.0,5
478700,,,VELVETFRUIT_EXTRACT,XIREC,5234.0,3
479200,,,VEV_5400,XIREC,15.0,2
479200,,,VEV_5500,XIREC,6.0,2
479200,,,VEV_6000,XIREC,0.0,2
479200,,,VEV_6500,XIREC,0.0,2
480800,,SUBMISSION,VEV_5400,XIREC,17.0,5
480800,SUBMISSION,,VEV_5400,XIREC,18.0,5
481600,,,HYDROGEL_PACK,XIREC,9956.0,3
482700,,,VELVETFRUIT_EXTRACT,XIREC,5251.0,7
482800,,SUBMISSION,VEV_5500,XIREC,8.0,23
482900,,SUBMISSION,VEV_5500,XIREC,8.0,18
483000,,SUBMISSION,VEV_5500,XIREC,8.0,20
483100,SUBMISSION,,VEV_5500,XIREC,9.0,17
483100,,,VELVETFRUIT_EXTRACT,XIREC,5247.0,3
483200,SUBMISSION,,VEV_5500,XIREC,9.0,17
483300,SUBMISSION,,VEV_5500,XIREC,9.0,23
483400,SUBMISSION,,VEV_5500,XIREC,9.0,4
486200,,,VEV_5400,XIREC,17.0,4
486200,,,VEV_5500,XIREC,7.0,4
486200,,,VEV_6000,XIREC,0.0,4
486200,,,VEV_6500,XIREC,0.0,4
486600,,SUBMISSION,VEV_5400,XIREC,17.0,5
486600,SUBMISSION,,VEV_5400,XIREC,18.0,5
487500,,,HYDROGEL_PACK,XIREC,9959.0,4
488600,,,VELVETFRUIT_EXTRACT,XIREC,5244.0,5
489700,,,HYDROGEL_PACK,XIREC,9956.0,6
489900,,,HYDROGEL_PACK,XIREC,9955.0,6
490300,,,VEV_5300,XIREC,45.0,2
490300,,,VEV_5400,XIREC,16.0,2
490300,,,VEV_5500,XIREC,7.0,2
490300,,,VEV_6000,XIREC,0.0,2
490300,,,VEV_6500,XIREC,0.0,2
490700,,SUBMISSION,VEV_5500,XIREC,7.0,5
490700,SUBMISSION,,VEV_5500,XIREC,8.0,5
491300,,,VELVETFRUIT_EXTRACT,XIREC,5234.0,4
491300,,,VELVETFRUIT_EXTRACT,XIREC,5234.0,3
491600,,,VELVETFRUIT_EXTRACT,XIREC,5238.0,3
493600,,,HYDROGEL_PACK,XIREC,9982.0,2
493600,,,VELVETFRUIT_EXTRACT,XIREC,5241.0,5
494100,,,VELVETFRUIT_EXTRACT,XIREC,5244.0,6
495200,,,VELVETFRUIT_EXTRACT,XIREC,5242.0,7
496300,,,HYDROGEL_PACK,XIREC,9973.0,4
497200,,,HYDROGEL_PACK,XIREC,9971.0,5
498200,,,HYDROGEL_PACK,XIREC,9963.0,5
498300,SUBMISSION,,VEV_4000,XIREC,1237.0,3
499300,,SUBMISSION,VEV_5200,XIREC,99.0,2
499300,,SUBMISSION,VEV_5400,XIREC,18.0,2
499300,SUBMISSION,,VEV_5400,XIREC,19.0,2
499300,,SUBMISSION,VEV_5500,XIREC,8.0,2
499400,,SUBMISSION,VEV_5500,XIREC,8.0,21
499400,,,VELVETFRUIT_EXTRACT,XIREC,5247.0,7
499500,SUBMISSION,,VEV_5500,XIREC,9.0,23
499600,,SUBMISSION,VEV_5500,XIREC,8.0,21
499600,,,HYDROGEL_PACK,XIREC,9979.0,6
499700,,SUBMISSION,VEV_5500,XIREC,8.0,8
499800,,SUBMISSION,VEV_5500,XIREC,8.0,25
499900,,SUBMISSION,VEV_5500,XIREC,8.0,24
500000,,SUBMISSION,VEV_5500,XIREC,8.0,22
500100,SUBMISSION,,VEV_5500,XIREC,9.0,27
500200,SUBMISSION,,VEV_5500,XIREC,9.0,19
500300,SUBMISSION,,VEV_5500,XIREC,8.0,20
500400,SUBMISSION,,VEV_5500,XIREC,8.0,18
500500,SUBMISSION,,VEV_5200,XIREC,98.0,2
500500,SUBMISSION,,VEV_5500,XIREC,8.0,16
501100,,,VELVETFRUIT_EXTRACT,XIREC,5246.0,6
501400,,SUBMISSION,HYDROGEL_PACK,XIREC,9985.0,5
501600,,,HYDROGEL_PACK,XIREC,9985.0,6
502000,,,HYDROGEL_PACK,XIREC,9983.0,3
502700,,,VELVETFRUIT_EXTRACT,XIREC,5243.0,6
503200,SUBMISSION,,VEV_4000,XIREC,1231.0,3
504200,SUBMISSION,,HYDROGEL_PACK,XIREC,9975.0,5
504400,SUBMISSION,,VEV_4000,XIREC,1231.0,3
504900,SUBMISSION,,VEV_4000,XIREC,1230.0,3
505100,,SUBMISSION,VEV_4000,XIREC,1244.0,3
505700,,,VEV_5300,XIREC,45.0,4
505700,,,VEV_5400,XIREC,16.0,4
505700,,,VEV_5500,XIREC,7.0,4
505700,,,VEV_6000,XIREC,0.0,4
505700,,,VEV_6500,XIREC,0.0,4
506200,SUBMISSION,,VEV_4000,XIREC,1236.0,1
506200,,SUBMISSION,VEV_5400,XIREC,17.0,5
506200,SUBMISSION,,VEV_5400,XIREC,18.0,5
507500,,,VELVETFRUIT_EXTRACT,XIREC,5231.0,6
510900,,,HYDROGEL_PACK,XIREC,9939.0,4
512300,,,VELVETFRUIT_EXTRACT,XIREC,5225.0,7
513300,,,VELVETFRUIT_EXTRACT,XIREC,5225.0,10
513900,,,VELVETFRUIT_EXTRACT,XIREC,5232.0,7
515500,,,VELVETFRUIT_EXTRACT,XIREC,5225.0,7
515600,,,HYDROGEL_PACK,XIREC,9931.0,5
515800,,,VELVETFRUIT_EXTRACT,XIREC,5228.0,4
516300,,,HYDROGEL_PACK,XIREC,9937.0,5
517700,SUBMISSION,,VEV_4000,XIREC,1226.0,2
517900,,,HYDROGEL_PACK,XIREC,9954.0,3
518000,SUBMISSION,,VEV_4000,XIREC,1229.0,2
518000,,,HYDROGEL_PACK,XIREC,9936.0,5
518000,,,VELVETFRUIT_EXTRACT,XIREC,5234.0,7
519300,,SUBMISSION,VEV_5400,XIREC,17.0,5
519300,SUBMISSION,,VEV_5400,XIREC,18.0,5
519600,,,VELVETFRUIT_EXTRACT,XIREC,5241.0,5
520200,,,VELVETFRUIT_EXTRACT,XIREC,5243.0,4
520900,,SUBMISSION,VEV_5500,XIREC,8.0,25
521000,,SUBMISSION,VEV_5500,XIREC,8.0,24
521000,,,VELVETFRUIT_EXTRACT,XIREC,5246.0,5
521100,,SUBMISSION,VEV_5500,XIREC,8.0,26
521200,,SUBMISSION,VEV_5500,XIREC,8.0,17
521300,,SUBMISSION,VEV_5500,XIREC,8.0,22
521400,,SUBMISSION,VEV_5500,XIREC,8.0,19
521400,,,HYDROGEL_PACK,XIREC,9965.0,6
521500,,SUBMISSION,VEV_5500,XIREC,8.0,20
521500,,,VELVETFRUIT_EXTRACT,XIREC,5248.0,4
521600,,SUBMISSION,VEV_5500,XIREC,8.0,29
521700,,SUBMISSION,VEV_5500,XIREC,8.0,24
521800,,SUBMISSION,VEV_5500,XIREC,8.0,21
521900,,SUBMISSION,VEV_5500,XIREC,8.0,28
522000,,SUBMISSION,VEV_5500,XIREC,8.0,24
522300,,,HYDROGEL_PACK,XIREC,9971.0,6
522400,,,VELVETFRUIT_EXTRACT,XIREC,5249.0,7
523200,,SUBMISSION,VELVETFRUIT_EXTRACT,XIREC,5254.0,8
523700,SUBMISSION,,VEV_4000,XIREC,1244.0,1
525000,,SUBMISSION,VELVETFRUIT_EXTRACT,XIREC,5253.0,19
525200,SUBMISSION,,VEV_4000,XIREC,1247.0,3
525700,,SUBMISSION,VELVETFRUIT_EXTRACT,XIREC,5256.0,8
526300,,SUBMISSION,VEV_4000,XIREC,1260.0,2
526600,SUBMISSION,,VEV_4000,XIREC,1248.0,2
526800,,SUBMISSION,HYDROGEL_PACK,XIREC,9989.0,2
527200,SUBMISSION,,HYDROGEL_PACK,XIREC,9973.0,2
527200,,,HYDROGEL_PACK,XIREC,9972.0,3
527500,,SUBMISSION,VEV_5400,XIREC,19.0,5
527500,SUBMISSION,,VEV_5400,XIREC,20.0,5
528700,SUBMISSION,,VEV_4000,XIREC,1252.0,2
528700,,SUBMISSION,VEV_5400,XIREC,20.0,10
529100,,SUBMISSION,VEV_5400,XIREC,20.0,26
529200,,SUBMISSION,VEV_5400,XIREC,20.0,5
529600,,SUBMISSION,VEV_5400,XIREC,20.0,5
530000,SUBMISSION,,VEV_5400,XIREC,20.0,10
530000,SUBMISSION,,VEV_5400,XIREC,21.0,15
530200,,SUBMISSION,VEV_5400,XIREC,20.0,8
530300,,SUBMISSION,VEV_5400,XIREC,20.0,24
530400,,SUBMISSION,VELVETFRUIT_EXTRACT,XIREC,5262.0,7
530400,,SUBMISSION,VEV_5400,XIREC,20.0,26
530500,,SUBMISSION,VEV_5400,XIREC,20.0,20
530600,,SUBMISSION,VEV_5400,XIREC,20.0,26
530700,,SUBMISSION,VEV_5400,XIREC,20.0,5
530900,SUBMISSION,,VEV_5400,XIREC,20.0,9
530900,SUBMISSION,,VEV_5400,XIREC,21.0,14
531100,SUBMISSION,,VEV_5400,XIREC,20.0,23
531200,SUBMISSION,,VEV_5400,XIREC,20.0,22
531300,,SUBMISSION,VELVETFRUIT_EXTRACT,XIREC,5254.0,10
531300,SUBMISSION,,VEV_5400,XIREC,20.0,26
531400,SUBMISSION,,VEV_5400,XIREC,20.0,17
531500,SUBMISSION,,VEV_5400,XIREC,20.0,19
532500,,SUBMISSION,VEV_4000,XIREC,1260.0,2
533900,,SUBMISSION,VEV_5400,XIREC,18.0,5
533900,SUBMISSION,,VEV_5400,XIREC,19.0,5
534000,SUBMISSION,,VEV_5500,XIREC,9.0,24
534100,SUBMISSION,,VEV_5500,XIREC,9.0,19
534200,,SUBMISSION,VEV_5500,XIREC,8.0,21
534300,,SUBMISSION,VEV_5500,XIREC,8.0,26
534700,,,VEV_5300,XIREC,51.0,5
534700,,,VEV_5500,XIREC,8.0,5
534700,,,VEV_6000,XIREC,0.0,5
534700,,,VEV_6500,XIREC,0.0,5
535000,,,VELVETFRUIT_EXTRACT,XIREC,5249.0,3
535900,,SUBMISSION,VELVETFRUIT_EXTRACT,XIREC,5252.0,7
536300,,SUBMISSION,VEV_5400,XIREC,18.0,5
536300,SUBMISSION,,VEV_5400,XIREC,19.0,5
537100,SUBMISSION,,VEV_5500,XIREC,9.0,17
537200,SUBMISSION,,VEV_5500,XIREC,9.0,27
537300,,SUBMISSION,VEV_5500,XIREC,8.0,5
537400,,SUBMISSION,VEV_5500,XIREC,8.0,7
537500,,SUBMISSION,VEV_5500,XIREC,8.0,28
537500,,,VELVETFRUIT_EXTRACT,XIREC,5247.0,8
537700,SUBMISSION,,VEV_5500,XIREC,9.0,25
537800,SUBMISSION,,VEV_5500,XIREC,8.0,19
537900,SUBMISSION,,VEV_5500,XIREC,8.0,17
538000,SUBMISSION,,VEV_5500,XIREC,8.0,25
538100,,SUBMISSION,VEV_4000,XIREC,1249.0,2
538100,SUBMISSION,,VEV_5500,XIREC,8.0,22
538200,SUBMISSION,,VEV_5500,XIREC,8.0,19
538300,SUBMISSION,,VEV_5500,XIREC,8.0,20
538400,SUBMISSION,,VEV_5500,XIREC,8.0,26
538500,SUBMISSION,,VEV_5500,XIREC,8.0,23
538600,SUBMISSION,,VELVETFRUIT_EXTRACT,XIREC,5244.0,19
538600,SUBMISSION,,VELVETFRUIT_EXTRACT,XIREC,5245.0,40
538600,SUBMISSION,,VEV_5500,XIREC,8.0,19
538700,SUBMISSION,,VEV_5500,XIREC,8.0,23
538800,SUBMISSION,,VEV_5500,XIREC,8.0,17
538900,SUBMISSION,,VEV_5500,XIREC,8.0,24
540100,,,VELVETFRUIT_EXTRACT,XIREC,5246.0,7
540300,,SUBMISSION,HYDROGEL_PACK,XIREC,9979.0,2
540700,,SUBMISSION,VEV_5400,XIREC,17.0,5
540700,SUBMISSION,,VEV_5400,XIREC,18.0,5
542600,,SUBMISSION,VELVETFRUIT_EXTRACT,XIREC,5248.0,7
543200,SUBMISSION,,VELVETFRUIT_EXTRACT,XIREC,5242.0,7
543200,,,VELVETFRUIT_EXTRACT,XIREC,5241.0,1
545700,SUBMISSION,,HYDROGEL_PACK,XIREC,9964.0,2
545700,,,HYDROGEL_PACK,XIREC,9963.0,3
546200,,,VELVETFRUIT_EXTRACT,XIREC,5243.0,5
546400,,SUBMISSION,VEV_4000,XIREC,1244.0,3
547100,,,VELVETFRUIT_EXTRACT,XIREC,5240.0,12
547400,,,VELVETFRUIT_EXTRACT,XIREC,5238.0,3
548800,,SUBMISSION,VEV_4000,XIREC,1246.0,2
548900,,,VELVETFRUIT_EXTRACT,XIREC,5241.0,3
550400,,,VELVETFRUIT_EXTRACT,XIREC,5243.0,9
551200,,,VELVETFRUIT_EXTRACT,XIREC,5244.0,4
552800,,SUBMISSION,VELVETFRUIT_EXTRACT,XIREC,5247.0,7
553800,SUBMISSION,,VELVETFRUIT_EXTRACT,XIREC,5242.0,7
553800,,,VELVETFRUIT_EXTRACT,XIREC,5242.0,15
554300,,,HYDROGEL_PACK,XIREC,9943.0,5
554300,,,VELVETFRUIT_EXTRACT,XIREC,5240.0,3
554500,,,VEV_5400,XIREC,16.0,4
554500,,,VEV_5500,XIREC,7.0,4
554500,,,VEV_6000,XIREC,0.0,4
554500,,,VEV_6500,XIREC,0.0,4
555000,,,HYDROGEL_PACK,XIREC,9938.0,2
557400,,,HYDROGEL_PACK,XIREC,9960.0,2
557900,,SUBMISSION,VEV_5500,XIREC,7.0,5
557900,SUBMISSION,,VEV_5500,XIREC,8.0,5
558300,,,HYDROGEL_PACK,XIREC,9971.0,3
559100,,,VELVETFRUIT_EXTRACT,XIREC,5235.0,7
559800,,,HYDROGEL_PACK,XIREC,9972.0,6
560800,,,VELVETFRUIT_EXTRACT,XIREC,5238.0,4
562900,,,HYDROGEL_PACK,XIREC,9960.0,5
563100,,SUBMISSION,VEV_5500,XIREC,7.0,5
563100,SUBMISSION,,VEV_5500,XIREC,8.0,5
563300,,SUBMISSION,VEV_4000,XIREC,1240.0,3
566400,,SUBMISSION,VELVETFRUIT_EXTRACT,XIREC,5245.0,6
566500,,,HYDROGEL_PACK,XIREC,9958.0,3
568200,,SUBMISSION,VEV_5500,XIREC,8.0,25
568200,,,VELVETFRUIT_EXTRACT,XIREC,5247.0,7
568300,,SUBMISSION,VEV_5500,XIREC,8.0,20
568400,,SUBMISSION,VEV_5500,XIREC,8.0,30
568400,,,HYDROGEL_PACK,XIREC,9949.0,4
568500,,SUBMISSION,VEV_5500,XIREC,8.0,21
568500,,,HYDROGEL_PACK,XIREC,9965.0,3
568600,,SUBMISSION,VEV_5500,XIREC,8.0,19
568700,,SUBMISSION,VEV_5500,XIREC,8.0,18
568800,,SUBMISSION,VEV_5500,XIREC,8.0,24
568800,,,VEV_5400,XIREC,18.0,3
568800,,,VEV_5500,XIREC,8.0,3
568800,,,VEV_6000,XIREC,0.0,3
568800,,,VEV_6500,XIREC,0.0,3
568900,,SUBMISSION,VEV_5500,XIREC,8.0,19
569000,,SUBMISSION,VELVETFRUIT_EXTRACT,XIREC,5253.0,8
569000,,SUBMISSION,VEV_5500,XIREC,8.0,28
569100,,SUBMISSION,VEV_5500,XIREC,8.0,20
569200,,SUBMISSION,VEV_5500,XIREC,8.0,18
569300,,SUBMISSION,VEV_5500,XIREC,8.0,23
569400,,SUBMISSION,VEV_5500,XIREC,8.0,26
570500,SUBMISSION,,VEV_5500,XIREC,9.0,23
570600,SUBMISSION,,VEV_5500,XIREC,9.0,20
570700,SUBMISSION,,VEV_5500,XIREC,9.0,24
570800,SUBMISSION,,VEV_5500,XIREC,9.0,22
570900,SUBMISSION,,VEV_5500,XIREC,9.0,19
571000,SUBMISSION,,VEV_5500,XIREC,9.0,24
571100,SUBMISSION,,VEV_5500,XIREC,9.0,27
571200,SUBMISSION,,VEV_5500,XIREC,8.0,28
571300,SUBMISSION,,VEV_5500,XIREC,8.0,27
571400,SUBMISSION,,VEV_5500,XIREC,8.0,28
571500,SUBMISSION,,VEV_5500,XIREC,8.0,21
571600,SUBMISSION,,VEV_5500,XIREC,8.0,27
571700,,SUBMISSION,VELVETFRUIT_EXTRACT,XIREC,5248.0,8
571700,SUBMISSION,,VEV_5500,XIREC,9.0,1
574300,,,HYDROGEL_PACK,XIREC,9951.0,4
574400,SUBMISSION,,VELVETFRUIT_EXTRACT,XIREC,5240.0,5
574500,SUBMISSION,,VELVETFRUIT_EXTRACT,XIREC,5241.0,8
574700,SUBMISSION,,VELVETFRUIT_EXTRACT,XIREC,5242.0,9
575000,,,VEV_5300,XIREC,46.0,5
575000,,,VEV_5500,XIREC,7.0,5
575000,,,VEV_6000,XIREC,0.0,5
575000,,,VEV_6500,XIREC,0.0,5
577000,,SUBMISSION,VEV_4000,XIREC,1244.0,3
577100,,SUBMISSION,VEV_4000,XIREC,1244.0,1
578600,,SUBMISSION,VEV_5300,XIREC,46.0,4
578600,SUBMISSION,,VEV_5300,XIREC,47.0,4
579000,,SUBMISSION,VELVETFRUIT_EXTRACT,XIREC,5244.0,5
579200,SUBMISSION,,VELVETFRUIT_EXTRACT,XIREC,5241.0,4
579300,,,HYDROGEL_PACK,XIREC,9969.0,2
579800,,SUBMISSION,VELVETFRUIT_EXTRACT,XIREC,5244.0,6
581000,SUBMISSION,,VELVETFRUIT_EXTRACT,XIREC,5242.0,7
581900,,,HYDROGEL_PACK,XIREC,9969.0,5
584300,,,VELVETFRUIT_EXTRACT,XIREC,5237.0,8
585000,,,VEV_5400,XIREC,16.0,4
585000,,,VEV_5500,XIREC,7.0,4
585000,,,VEV_6000,XIREC,0.0,4
585000,,,VEV_6500,XIREC,0.0,4
585100,,SUBMISSION,VELVETFRUIT_EXTRACT,XIREC,5245.0,6
585200,,,VEV_4000,XIREC,1254.0,2
585700,SUBMISSION,,VELVETFRUIT_EXTRACT,XIREC,5240.0,6
585800,,,VELVETFRUIT_EXTRACT,XIREC,5233.0,6
588900,,SUBMISSION,HYDROGEL_PACK,XIREC,9990.0,3
590500,,SUBMISSION,VEV_4000,XIREC,1245.0,2
591100,,,VEV_5300,XIREC,46.0,2
591100,,,VEV_5500,XIREC,7.0,2
591100,,,VEV_6000,XIREC,0.0,2
591100,,,VEV_6500,XIREC,0.0,2
591300,,,HYDROGEL_PACK,XIREC,9980.0,2
592300,,,HYDROGEL_PACK,XIREC,9982.0,4
592500,,SUBMISSION,VELVETFRUIT_EXTRACT,XIREC,5247.0,10
593200,,SUBMISSION,VELVETFRUIT_EXTRACT,XIREC,5248.0,3
593300,,,VEV_5400,XIREC,16.0,2
593300,,,VEV_5500,XIREC,7.0,2
593300,,,VEV_6000,XIREC,0.0,2
593300,,,VEV_6500,XIREC,0.0,2
594300,,SUBMISSION,VEV_4000,XIREC,1250.0,3
594800,,SUBMISSION,VEV_5500,XIREC,8.0,21
594900,SUBMISSION,,VEV_5500,XIREC,9.0,18
595000,SUBMISSION,,VEV_5500,XIREC,9.0,3
595100,,SUBMISSION,VEV_5500,XIREC,8.0,27
595200,,SUBMISSION,VEV_5500,XIREC,8.0,19
595300,,SUBMISSION,VEV_5500,XIREC,8.0,25
595400,,SUBMISSION,VEV_5500,XIREC,8.0,6
595500,SUBMISSION,,VEV_5500,XIREC,9.0,26
595600,,SUBMISSION,VEV_5500,XIREC,8.0,5
595700,,SUBMISSION,VEV_5500,XIREC,8.0,17
595800,,SUBMISSION,VEV_5500,XIREC,8.0,22
595900,,SUBMISSION,VEV_5500,XIREC,8.0,23
596000,SUBMISSION,,VEV_5500,XIREC,9.0,20
596100,SUBMISSION,,VEV_5500,XIREC,9.0,18
596100,,,HYDROGEL_PACK,XIREC,9977.0,4
596200,,SUBMISSION,VEV_5500,XIREC,8.0,9
596300,SUBMISSION,,VEV_5500,XIREC,9.0,26
596400,SUBMISSION,,VEV_5500,XIREC,8.0,5
596400,SUBMISSION,,VEV_5500,XIREC,9.0,13
596500,,SUBMISSION,HYDROGEL_PACK,XIREC,9995.0,6
596500,SUBMISSION,,VEV_5500,XIREC,8.0,24
596600,SUBMISSION,,VEV_5500,XIREC,8.0,19
596700,SUBMISSION,,VEV_5500,XIREC,9.0,2
598100,,,HYDROGEL_PACK,XIREC,9981.0,6
598900,,SUBMISSION,VEV_5400,XIREC,17.0,5
598900,SUBMISSION,,VEV_5400,XIREC,18.0,5
599000,,SUBMISSION,VELVETFRUIT_EXTRACT,XIREC,5251.0,3
599300,,SUBMISSION,VEV_5500,XIREC,8.0,2
599400,SUBMISSION,,VEV_5500,XIREC,9.0,2
599500,,SUBMISSION,HYDROGEL_PACK,XIREC,10002.0,2
599700,,,HYDROGEL_PACK,XIREC,9986.0,5
601600,,SUBMISSION,HYDROGEL_PACK,XIREC,9995.0,6
602200,SUBMISSION,,VELVETFRUIT_EXTRACT,XIREC,5242.0,16
603000,,,VEV_5300,XIREC,46.0,2
603000,,,VEV_5500,XIREC,7.0,2
603000,,,VEV_6000,XIREC,0.0,2
603000,,,VEV_6500,XIREC,0.0,2
603100,,SUBMISSION,VEV_4000,XIREC,1246.0,3
604600,,,VELVETFRUIT_EXTRACT,XIREC,5243.0,7
605600,,,VELVETFRUIT_EXTRACT,XIREC,5239.0,5
606800,,,VELVETFRUIT_EXTRACT,XIREC,5236.0,3
608000,,,VELVETFRUIT_EXTRACT,XIREC,5236.0,8
611300,,SUBMISSION,VEV_4000,XIREC,1244.0,1
613300,,,VEV_5400,XIREC,14.0,5
613300,,,VEV_5500,XIREC,6.0,5
613300,,,VEV_6000,XIREC,0.0,5
613300,,,VEV_6500,XIREC,0.0,5
616500,,SUBMISSION,HYDROGEL_PACK,XIREC,10015.0,6
618000,,,VELVETFRUIT_EXTRACT,XIREC,5228.0,6
619000,,,HYDROGEL_PACK,XIREC,9987.0,2
620400,,,VELVETFRUIT_EXTRACT,XIREC,5224.0,4
621900,,,VELVETFRUIT_EXTRACT,XIREC,5225.0,8
622000,,SUBMISSION,HYDROGEL_PACK,XIREC,10010.0,6
622100,SUBMISSION,,VEV_4000,XIREC,1216.0,2
622700,,,VELVETFRUIT_EXTRACT,XIREC,5220.0,7
623300,,,VELVETFRUIT_EXTRACT,XIREC,5218.0,3
623900,,SUBMISSION,VEV_4000,XIREC,1223.0,2
624800,,,VELVETFRUIT_EXTRACT,XIREC,5220.0,6
625700,,,HYDROGEL_PACK,XIREC,9985.0,2
626500,,,VEV_5300,XIREC,38.0,2
626500,,,VEV_5400,XIREC,12.0,2
626500,,,VEV_5500,XIREC,5.0,2
626500,,,VEV_6000,XIREC,0.0,2
626500,,,VEV_6500,XIREC,0.0,2
626900,,,HYDROGEL_PACK,XIREC,9980.0,2
627400,,SUBMISSION,HYDROGEL_PACK,XIREC,9988.0,5
629100,,,VELVETFRUIT_EXTRACT,XIREC,5220.0,4
629300,,SUBMISSION,HYDROGEL_PACK,XIREC,9996.0,4
629700,,,HYDROGEL_PACK,XIREC,9983.0,4
631100,,SUBMISSION,HYDROGEL_PACK,XIREC,10004.0,3
631900,,,VEV_5300,XIREC,38.0,4
631900,,,VEV_5400,XIREC,12.0,4
631900,,,VEV_5500,XIREC,5.0,4
631900,,,VEV_6000,XIREC,0.0,4
631900,,,VEV_6500,XIREC,0.0,4
632600,,SUBMISSION,VEV_5400,XIREC,12.0,5
632600,SUBMISSION,,VEV_5400,XIREC,13.0,5
633900,,SUBMISSION,VEV_5400,XIREC,13.0,3
633900,SUBMISSION,,VEV_5400,XIREC,14.0,3
634800,,SUBMISSION,HYDROGEL_PACK,XIREC,10011.0,2
635000,,,VELVETFRUIT_EXTRACT,XIREC,5228.0,5
636500,,,VELVETFRUIT_EXTRACT,XIREC,5225.0,3
636700,,SUBMISSION,HYDROGEL_PACK,XIREC,10014.0,3
637800,,,VELVETFRUIT_EXTRACT,XIREC,5232.0,4
638400,,,HYDROGEL_PACK,XIREC,9988.0,5
638500,,SUBMISSION,HYDROGEL_PACK,XIREC,10002.0,6
639800,,,VELVETFRUIT_EXTRACT,XIREC,5233.0,5
639900,SUBMISSION,,HYDROGEL_PACK,XIREC,9979.0,2
640100,,SUBMISSION,HYDROGEL_PACK,XIREC,9997.0,4
640300,,,VEV_5300,XIREC,42.0,5
640300,,,VEV_5500,XIREC,6.0,5
640300,,,VEV_6000,XIREC,0.0,5
640300,,,VEV_6500,XIREC,0.0,5
640800,,,HYDROGEL_PACK,XIREC,9983.0,5
641600,,,VELVETFRUIT_EXTRACT,XIREC,5229.0,8
641800,,,VELVETFRUIT_EXTRACT,XIREC,5233.0,6
642400,,,VELVETFRUIT_EXTRACT,XIREC,5227.0,8
642700,,,VELVETFRUIT_EXTRACT,XIREC,5229.0,13
643900,,SUBMISSION,HYDROGEL_PACK,XIREC,10009.0,6
644300,SUBMISSION,,VEV_4000,XIREC,1220.0,2
644700,,,VELVETFRUIT_EXTRACT,XIREC,5233.0,4
645000,,SUBMISSION,VEV_4000,XIREC,1234.0,1
645200,,,VELVETFRUIT_EXTRACT,XIREC,5224.0,7
645400,,,HYDROGEL_PACK,XIREC,10009.0,4
645500,,SUBMISSION,HYDROGEL_PACK,XIREC,10023.0,2
645800,SUBMISSION,,VEV_4000,XIREC,1221.0,1
646500,,SUBMISSION,HYDROGEL_PACK,XIREC,10028.0,6
646800,,,VELVETFRUIT_EXTRACT,XIREC,5233.0,5
648100,,,VELVETFRUIT_EXTRACT,XIREC,5228.0,3
649600,,,HYDROGEL_PACK,XIREC,10013.0,2
650900,,,VELVETFRUIT_EXTRACT,XIREC,5227.0,4
652300,,,HYDROGEL_PACK,XIREC,10006.0,3
653500,,,HYDROGEL_PACK,XIREC,10012.0,6
655000,,,VELVETFRUIT_EXTRACT,XIREC,5231.0,5
655800,,,VEV_5200,XIREC,88.0,5
655800,,,VEV_5500,XIREC,6.0,5
655800,,,VEV_6000,XIREC,0.0,5
655800,,,VEV_6500,XIREC,0.0,5
655900,,,VEV_5300,XIREC,42.0,3
655900,,,VEV_5500,XIREC,6.0,3
655900,,,VEV_6000,XIREC,0.0,3
655900,,,VEV_6500,XIREC,0.0,3
657100,SUBMISSION,,VEV_4000,XIREC,1228.0,1
658800,,SUBMISSION,VEV_4000,XIREC,1242.0,2
659300,,SUBMISSION,VEV_5500,XIREC,7.0,5
659300,SUBMISSION,,VEV_5500,XIREC,8.0,5
661800,,SUBMISSION,HYDROGEL_PACK,XIREC,10021.0,4
662400,,,HYDROGEL_PACK,XIREC,10004.0,5
662500,,SUBMISSION,VEV_4000,XIREC,1250.0,1
662800,,SUBMISSION,VEV_5500,XIREC,8.0,7
662900,SUBMISSION,,VEV_5500,XIREC,8.0,7
663100,,,HYDROGEL_PACK,XIREC,9998.0,5
663200,SUBMISSION,,VEV_4000,XIREC,1234.0,1
663300,,SUBMISSION,VELVETFRUIT_EXTRACT,XIREC,5244.0,3
663600,,,VELVETFRUIT_EXTRACT,XIREC,5242.0,5
664000,,SUBMISSION,VEV_4000,XIREC,1245.0,2
664100,,SUBMISSION,VEV_4000,XIREC,1247.0,2
665500,,SUBMISSION,VEV_4000,XIREC,1247.0,2
668000,,,HYDROGEL_PACK,XIREC,9999.0,6
668300,,SUBMISSION,VELVETFRUIT_EXTRACT,XIREC,5244.0,4
669000,,,VELVETFRUIT_EXTRACT,XIREC,5238.0,6
670800,,,HYDROGEL_PACK,XIREC,9993.0,5
672800,,SUBMISSION,VELVETFRUIT_EXTRACT,XIREC,5242.0,4
675000,SUBMISSION,,VELVETFRUIT_EXTRACT,XIREC,5233.0,7
675300,SUBMISSION,,VELVETFRUIT_EXTRACT,XIREC,5235.0,4
676600,,,VELVETFRUIT_EXTRACT,XIREC,5237.0,6
678200,,,VELVETFRUIT_EXTRACT,XIREC,5236.0,11
679600,,SUBMISSION,HYDROGEL_PACK,XIREC,9994.0,6
679600,,SUBMISSION,VELVETFRUIT_EXTRACT,XIREC,5243.0,4
680000,,SUBMISSION,VELVETFRUIT_EXTRACT,XIREC,5239.0,9
680300,,SUBMISSION,VELVETFRUIT_EXTRACT,XIREC,5242.0,7
681600,,SUBMISSION,VEV_4000,XIREC,1243.0,3
681700,SUBMISSION,,HYDROGEL_PACK,XIREC,9981.0,14
681800,SUBMISSION,,HYDROGEL_PACK,XIREC,9977.0,12
681800,SUBMISSION,,HYDROGEL_PACK,XIREC,9980.0,26
681900,SUBMISSION,,HYDROGEL_PACK,XIREC,9977.0,14
681900,SUBMISSION,,HYDROGEL_PACK,XIREC,9980.0,12
682000,SUBMISSION,,VELVETFRUIT_EXTRACT,XIREC,5237.0,4
682100,,,HYDROGEL_PACK,XIREC,9982.0,5
682200,,,HYDROGEL_PACK,XIREC,9967.0,6
683300,SUBMISSION,,VELVETFRUIT_EXTRACT,XIREC,5235.0,3
683500,,,HYDROGEL_PACK,XIREC,9973.0,4
685200,,SUBMISSION,VEV_5400,XIREC,16.0,5
685200,SUBMISSION,,VEV_5400,XIREC,17.0,5
685500,,SUBMISSION,VELVETFRUIT_EXTRACT,XIREC,5243.0,5
685800,,SUBMISSION,VEV_4000,XIREC,1248.0,1
686000,,,HYDROGEL_PACK,XIREC,9990.0,4
687700,,SUBMISSION,VELVETFRUIT_EXTRACT,XIREC,5243.0,25
687700,,SUBMISSION,VELVETFRUIT_EXTRACT,XIREC,5243.0,5
687700,,,VELVETFRUIT_EXTRACT,XIREC,5244.0,4
688200,,,VELVETFRUIT_EXTRACT,XIREC,5243.0,5
689200,SUBMISSION,,VEV_4000,XIREC,1235.0,3
690500,,SUBMISSION,VEV_5500,XIREC,8.0,5
690600,,SUBMISSION,HYDROGEL_PACK,XIREC,9999.0,3
690600,,SUBMISSION,VELVETFRUIT_EXTRACT,XIREC,5247.0,18
690600,,SUBMISSION,VELVETFRUIT_EXTRACT,XIREC,5247.0,12
690600,,,VELVETFRUIT_EXTRACT,XIREC,5248.0,1
690700,SUBMISSION,,VEV_5500,XIREC,8.0,5
691300,SUBMISSION,,HYDROGEL_PACK,XIREC,9983.0,3
691300,,,HYDROGEL_PACK,XIREC,9982.0,3
692200,SUBMISSION,,VEV_4000,XIREC,1240.0,2
693100,,SUBMISSION,VEV_5300,XIREC,48.0,2
693200,SUBMISSION,,VEV_5300,XIREC,48.0,2
693200,,,VEV_5400,XIREC,16.0,2
693200,,,VEV_5500,XIREC,7.0,2
693200,,,VEV_6000,XIREC,0.0,2
693200,,,VEV_6500,XIREC,0.0,2
693500,,SUBMISSION,VELVETFRUIT_EXTRACT,XIREC,5248.0,6
693800,,SUBMISSION,HYDROGEL_PACK,XIREC,10004.0,6
693900,,SUBMISSION,VELVETFRUIT_EXTRACT,XIREC,5250.0,3
695000,,,VEV_5400,XIREC,16.0,2
695000,,,VEV_5500,XIREC,7.0,2
695000,,,VEV_6000,XIREC,0.0,2
695000,,,VEV_6500,XIREC,0.0,2
696200,,SUBMISSION,VELVETFRUIT_EXTRACT,XIREC,5250.0,5
696300,,SUBMISSION,VELVETFRUIT_EXTRACT,XIREC,5250.0,6
696800,,SUBMISSION,VELVETFRUIT_EXTRACT,XIREC,5250.0,5
698000,,SUBMISSION,VEV_5500,XIREC,8.0,6
698300,,SUBMISSION,VEV_5500,XIREC,8.0,29
698400,,SUBMISSION,VEV_5500,XIREC,8.0,7
698500,,SUBMISSION,VEV_5500,XIREC,8.0,27
698800,,SUBMISSION,VEV_5500,XIREC,8.0,22
698900,,SUBMISSION,VEV_5500,XIREC,8.0,29
699000,,SUBMISSION,VEV_5500,XIREC,8.0,27
699100,,SUBMISSION,VEV_5500,XIREC,8.0,6
699400,,SUBMISSION,VEV_5500,XIREC,8.0,20
699400,,,HYDROGEL_PACK,XIREC,10008.0,3
699500,,SUBMISSION,VEV_5500,XIREC,8.0,25
699600,,SUBMISSION,VEV_5500,XIREC,8.0,23
699800,SUBMISSION,,VEV_5500,XIREC,8.0,9
699800,SUBMISSION,,VEV_5500,XIREC,9.0,15
699900,SUBMISSION,,VEV_5500,XIREC,8.0,25
700700,,SUBMISSION,HYDROGEL_PACK,XIREC,10021.0,10
700700,,SUBMISSION,HYDROGEL_PACK,XIREC,10018.0,23
700700,,SUBMISSION,VEV_5500,XIREC,8.0,23
700800,,SUBMISSION,VEV_5500,XIREC,8.0,24
700900,,SUBMISSION,HYDROGEL_PACK,XIREC,10028.0,7
700900,,SUBMISSION,HYDROGEL_PACK,XIREC,10020.0,10
700900,,SUBMISSION,HYDROGEL_PACK,XIREC,10018.0,30
700900,,SUBMISSION,VEV_5500,XIREC,8.0,27
701000,,SUBMISSION,HYDROGEL_PACK,XIREC,10022.0,10
701000,,SUBMISSION,HYDROGEL_PACK,XIREC,10019.0,27
701000,,SUBMISSION,VEV_5500,XIREC,8.0,19
701100,,SUBMISSION,VEV_5500,XIREC,8.0,26
702400,,SUBMISSION,HYDROGEL_PACK,XIREC,10029.0,6
702400,,SUBMISSION,HYDROGEL_PACK,XIREC,10022.0,13
702400,,SUBMISSION,HYDROGEL_PACK,XIREC,10019.0,22
702600,,SUBMISSION,HYDROGEL_PACK,XIREC,10023.0,12
702600,,SUBMISSION,HYDROGEL_PACK,XIREC,10020.0,21
702600,,SUBMISSION,VEV_5400,XIREC,18.0,5
702600,SUBMISSION,,VEV_5400,XIREC,19.0,5
703000,,SUBMISSION,HYDROGEL_PACK,XIREC,10023.0,11
703000,,SUBMISSION,HYDROGEL_PACK,XIREC,10020.0,16
704600,,SUBMISSION,HYDROGEL_PACK,XIREC,10024.0,11
704600,,SUBMISSION,HYDROGEL_PACK,XIREC,10021.0,28
704800,,SUBMISSION,HYDROGEL_PACK,XIREC,10026.0,12
704800,,SUBMISSION,HYDROGEL_PACK,XIREC,10024.0,24
704900,,SUBMISSION,HYDROGEL_PACK,XIREC,10024.0,10
704900,,SUBMISSION,HYDROGEL_PACK,XIREC,10021.0,9
705100,,SUBMISSION,HYDROGEL_PACK,XIREC,10025.0,13
705100,,SUBMISSION,HYDROGEL_PACK,XIREC,10023.0,29
705200,,SUBMISSION,HYDROGEL_PACK,XIREC,10030.0,11
705200,,SUBMISSION,HYDROGEL_PACK,XIREC,10028.0,27
705300,,SUBMISSION,HYDROGEL_PACK,XIREC,10029.0,2
707400,,,HYDROGEL_PACK,XIREC,10024.0,4
707600,,SUBMISSION,VELVETFRUIT_EXTRACT,XIREC,5252.0,6
708700,,SUBMISSION,VELVETFRUIT_EXTRACT,XIREC,5257.0,3
710200,,SUBMISSION,VEV_5300,XIREC,49.0,3
710400,,SUBMISSION,VELVETFRUIT_EXTRACT,XIREC,5251.0,3
711100,SUBMISSION,,VEV_5300,XIREC,49.0,3
711200,SUBMISSION,,VEV_5500,XIREC,8.0,20
711300,SUBMISSION,,VEV_5500,XIREC,8.0,20
711400,SUBMISSION,,VEV_5500,XIREC,8.0,22
711500,SUBMISSION,,VEV_5500,XIREC,8.0,26
711600,SUBMISSION,,VEV_5500,XIREC,8.0,20
711600,,,VEV_5300,XIREC,47.0,2
711600,,,VEV_5400,XIREC,16.0,2
711600,,,VEV_5500,XIREC,7.0,2
711600,,,VEV_6000,XIREC,0.0,2
711600,,,VEV_6500,XIREC,0.0,2
711700,SUBMISSION,,VEV_5500,XIREC,8.0,22
711800,SUBMISSION,,VEV_5500,XIREC,8.0,18
711900,,SUBMISSION,VELVETFRUIT_EXTRACT,XIREC,5250.0,3
712300,SUBMISSION,,VEV_5500,XIREC,8.0,20
712400,SUBMISSION,,VEV_5500,XIREC,8.0,26
712500,SUBMISSION,,VEV_5500,XIREC,8.0,16
712600,SUBMISSION,,VEV_5500,XIREC,8.0,27
712700,SUBMISSION,,VEV_5500,XIREC,8.0,27
712800,SUBMISSION,,VEV_5500,XIREC,8.0,17
712800,,,HYDROGEL_PACK,XIREC,10018.0,5
712900,,SUBMISSION,VELVETFRUIT_EXTRACT,XIREC,5249.0,6
712900,SUBMISSION,,VEV_5500,XIREC,8.0,10
713700,,SUBMISSION,VEV_4000,XIREC,1250.0,1
713800,,SUBMISSION,VEV_4000,XIREC,1251.0,2
714300,,SUBMISSION,VEV_5500,XIREC,8.0,23
714400,,SUBMISSION,VEV_5500,XIREC,8.0,19
714500,,SUBMISSION,VEV_5500,XIREC,8.0,24
714600,,SUBMISSION,VEV_5500,XIREC,8.0,23
714700,,SUBMISSION,VEV_5500,XIREC,8.0,21
714800,,SUBMISSION,VEV_5500,XIREC,8.0,22
714900,,SUBMISSION,VEV_5500,XIREC,8.0,22
714900,,,HYDROGEL_PACK,XIREC,10007.0,2
715000,,SUBMISSION,VEV_5400,XIREC,17.0,5
715000,SUBMISSION,,VEV_5400,XIREC,18.0,5
715000,,SUBMISSION,VEV_5500,XIREC,8.0,15
715000,,,HYDROGEL_PACK,XIREC,10005.0,2
715000,,,VEV_5400,XIREC,17.0,3
715000,,,VEV_5500,XIREC,8.0,3
715000,,,VEV_6000,XIREC,0.0,3
715000,,,VEV_6500,XIREC,0.0,3
715100,,SUBMISSION,VEV_5500,XIREC,8.0,23
715200,,SUBMISSION,VEV_5500,XIREC,8.0,19
715300,,SUBMISSION,VEV_5500,XIREC,8.0,30
715400,,SUBMISSION,VEV_5500,XIREC,8.0,29
715500,,,VELVETFRUIT_EXTRACT,XIREC,5249.0,4
715600,,,VELVETFRUIT_EXTRACT,XIREC,5249.0,5
719300,,,VELVETFRUIT_EXTRACT,XIREC,5250.0,7
719900,,,VELVETFRUIT_EXTRACT,XIREC,5250.0,5
721300,,,HYDROGEL_PACK,XIREC,10005.0,5
721400,,,HYDROGEL_PACK,XIREC,10003.0,5
721500,,SUBMISSION,VEV_5400,XIREC,17.0,5
721500,SUBMISSION,,VEV_5400,XIREC,18.0,5
722600,,,HYDROGEL_PACK,XIREC,10001.0,4
722600,,,VEV_5500,XIREC,8.0,3
722600,,,VEV_6000,XIREC,0.0,3
722600,,,VEV_6500,XIREC,0.0,3
723800,,SUBMISSION,VEV_5400,XIREC,20.0,15
724000,,SUBMISSION,VEV_5400,XIREC,20.0,27
724200,,SUBMISSION,VEV_5200,XIREC,110.0,5
724300,,SUBMISSION,VEV_5400,XIREC,20.0,25
724400,,SUBMISSION,VEV_5400,XIREC,20.0,22
725000,,,VELVETFRUIT_EXTRACT,XIREC,5266.0,4
725200,,SUBMISSION,VEV_5400,XIREC,20.0,20
725300,,SUBMISSION,VEV_5400,XIREC,20.0,23
725500,,SUBMISSION,VEV_5400,XIREC,20.0,24
725600,,SUBMISSION,VEV_5400,XIREC,20.0,21
725700,,SUBMISSION,VEV_5400,XIREC,20.0,29
725800,,SUBMISSION,VEV_5400,XIREC,20.0,21
726200,,SUBMISSION,VEV_5400,XIREC,21.0,5
727400,,SUBMISSION,VELVETFRUIT_EXTRACT,XIREC,5269.0,6
728700,,SUBMISSION,VEV_5400,XIREC,20.0,22
728800,,SUBMISSION,VEV_5400,XIREC,20.0,18
729100,SUBMISSION,,VEV_5400,XIREC,20.0,3
729100,,,VEV_5500,XIREC,9.0,3
729100,,,VEV_6000,XIREC,0.0,3
729100,,,VEV_6500,XIREC,0.0,3
731500,,SUBMISSION,VELVETFRUIT_EXTRACT,XIREC,5274.0,7
732700,,,VELVETFRUIT_EXTRACT,XIREC,5268.0,8
735100,,,HYDROGEL_PACK,XIREC,10039.0,5
735800,,,VELVETFRUIT_EXTRACT,XIREC,5269.0,3
735900,SUBMISSION,,VEV_4000,XIREC,1263.0,2
736700,SUBMISSION,,VEV_5400,XIREC,20.0,2
736700,,,VEV_5500,XIREC,9.0,2
736700,,,VEV_6000,XIREC,0.0,2
736700,,,VEV_6500,XIREC,0.0,2
736800,,,VEV_5500,XIREC,9.0,2
736800,,,VEV_6000,XIREC,0.0,2
736800,,,VEV_6500,XIREC,0.0,2
738300,,,HYDROGEL_PACK,XIREC,10037.0,5
738400,,,HYDROGEL_PACK,XIREC,10054.0,2
739100,,SUBMISSION,VEV_4000,XIREC,1274.0,3
740800,,,HYDROGEL_PACK,XIREC,10058.0,3
741100,,SUBMISSION,VELVETFRUIT_EXTRACT,XIREC,5268.0,9
741300,,,HYDROGEL_PACK,XIREC,10057.0,2
744700,,SUBMISSION,VELVETFRUIT_EXTRACT,XIREC,5271.0,6
746600,,,VELVETFRUIT_EXTRACT,XIREC,5269.0,7
746800,,SUBMISSION,VELVETFRUIT_EXTRACT,XIREC,5274.0,4
747800,,SUBMISSION,VELVETFRUIT_EXTRACT,XIREC,5272.0,1
748000,,SUBMISSION,VELVETFRUIT_EXTRACT,XIREC,5272.0,59
748000,,SUBMISSION,VELVETFRUIT_EXTRACT,XIREC,5277.0,7
748000,,SUBMISSION,VEV_4000,XIREC,1279.0,1
748100,,SUBMISSION,VELVETFRUIT_EXTRACT,XIREC,5274.0,60
748200,,SUBMISSION,VELVETFRUIT_EXTRACT,XIREC,5275.0,8
748200,,SUBMISSION,VELVETFRUIT_EXTRACT,XIREC,5273.0,18
748200,,SUBMISSION,VELVETFRUIT_EXTRACT,XIREC,5272.0,47
748400,,SUBMISSION,VELVETFRUIT_EXTRACT,XIREC,5275.0,8
748400,,SUBMISSION,VELVETFRUIT_EXTRACT,XIREC,5273.0,19
748400,,SUBMISSION,VELVETFRUIT_EXTRACT,XIREC,5272.0,17
748800,,,HYDROGEL_PACK,XIREC,10038.0,6
750300,,,HYDROGEL_PACK,XIREC,10029.0,4
750300,,,VELVETFRUIT_EXTRACT,XIREC,5279.0,6
754800,,,HYDROGEL_PACK,XIREC,10049.0,3
755900,,,HYDROGEL_PACK,XIREC,10047.0,2
756100,,,VELVETFRUIT_EXTRACT,XIREC,5270.0,14
757300,,,VEV_6000,XIREC,0.0,5
757300,,,VEV_6500,XIREC,0.0,5
758600,,,VELVETFRUIT_EXTRACT,XIREC,5275.0,3
758800,,,VELVETFRUIT_EXTRACT,XIREC,5273.0,6
760300,,,HYDROGEL_PACK,XIREC,10025.0,6
761400,SUBMISSION,,VEV_5400,XIREC,19.0,23
761500,SUBMISSION,,VEV_5400,XIREC,19.0,28
761600,SUBMISSION,,VEV_4000,XIREC,1248.0,3
761600,SUBMISSION,,VEV_5400,XIREC,19.0,22
761600,,,VELVETFRUIT_EXTRACT,XIREC,5259.0,4
762000,,SUBMISSION,VEV_4000,XIREC,1261.0,2
762000,SUBMISSION,,VEV_5400,XIREC,19.0,20
762200,SUBMISSION,,VEV_5400,XIREC,19.0,28
762200,,,HYDROGEL_PACK,XIREC,10003.0,3
762300,SUBMISSION,,VEV_5400,XIREC,19.0,17
762400,SUBMISSION,,VEV_5400,XIREC,19.0,19
762500,,SUBMISSION,VEV_4000,XIREC,1260.0,2
762500,SUBMISSION,,VEV_5400,XIREC,19.0,23
762700,SUBMISSION,,VEV_5400,XIREC,19.0,9
762700,SUBMISSION,,VEV_5400,XIREC,20.0,19
762800,SUBMISSION,,VEV_5400,XIREC,19.0,21
762800,,,HYDROGEL_PACK,XIREC,10002.0,5
762900,SUBMISSION,,VEV_5400,XIREC,19.0,27
763000,SUBMISSION,,VEV_5400,XIREC,19.0,11
763000,,,HYDROGEL_PACK,XIREC,10018.0,4
764200,SUBMISSION,,HYDROGEL_PACK,XIREC,9996.0,4
764300,,,VELVETFRUIT_EXTRACT,XIREC,5258.0,7
764400,SUBMISSION,,HYDROGEL_PACK,XIREC,9995.0,5
765200,,SUBMISSION,VEV_4000,XIREC,1265.0,3
769300,,,VEV_5400,XIREC,18.0,5
769300,,,VEV_5500,XIREC,9.0,5
769300,,,VEV_6000,XIREC,0.0,5
769300,,,VEV_6500,XIREC,0.0,5
769500,,SUBMISSION,HYDROGEL_PACK,XIREC,10021.0,3
770000,,,VELVETFRUIT_EXTRACT,XIREC,5265.0,3
770300,,SUBMISSION,VEV_5400,XIREC,20.0,10
771400,,SUBMISSION,VEV_5400,XIREC,20.0,19
772000,,SUBMISSION,VEV_5200,XIREC,105.0,2
772300,,,VELVETFRUIT_EXTRACT,XIREC,5259.0,10
773400,,,HYDROGEL_PACK,XIREC,10005.0,6
774500,,,VELVETFRUIT_EXTRACT,XIREC,5264.0,8
774800,,SUBMISSION,VEV_5400,XIREC,19.0,9
775200,,SUBMISSION,VEV_5400,XIREC,19.0,6
775200,,,VELVETFRUIT_EXTRACT,XIREC,5257.0,3
775500,,SUBMISSION,VEV_5400,XIREC,19.0,7
776300,,SUBMISSION,VEV_5400,XIREC,18.0,18
776300,SUBMISSION,,VEV_5400,XIREC,19.0,18
776400,,SUBMISSION,VEV_5400,XIREC,18.0,29
776400,SUBMISSION,,VEV_5400,XIREC,19.0,29
776500,,SUBMISSION,VEV_5400,XIREC,18.0,25
776500,SUBMISSION,,VEV_5400,XIREC,19.0,25
776600,SUBMISSION,,VEV_5400,XIREC,19.0,21
776700,SUBMISSION,,VEV_5400,XIREC,18.0,21
776800,SUBMISSION,,VEV_5400,XIREC,19.0,9
776900,SUBMISSION,,HYDROGEL_PACK,XIREC,10000.0,4
777400,,,VELVETFRUIT_EXTRACT,XIREC,5255.0,4
778400,SUBMISSION,,HYDROGEL_PACK,XIREC,10000.0,6
778700,,SUBMISSION,HYDROGEL_PACK,XIREC,10010.0,4
779000,,SUBMISSION,HYDROGEL_PACK,XIREC,10009.0,4
779400,SUBMISSION,,VELVETFRUIT_EXTRACT,XIREC,5251.0,17
779400,SUBMISSION,,VELVETFRUIT_EXTRACT,XIREC,5252.0,45
779400,SUBMISSION,,VEV_5200,XIREC,98.0,7
779500,SUBMISSION,,VELVETFRUIT_EXTRACT,XIREC,5252.0,62
779600,SUBMISSION,,VEV_5500,XIREC,8.0,4
779600,,,VEV_5400,XIREC,17.0,4
779600,,,VEV_6000,XIREC,0.0,4
779600,,,VEV_6500,XIREC,0.0,4
779700,SUBMISSION,,VELVETFRUIT_EXTRACT,XIREC,5252.0,65
780100,,SUBMISSION,HYDROGEL_PACK,XIREC,10019.0,4
780200,SUBMISSION,,VELVETFRUIT_EXTRACT,XIREC,5252.0,21
780300,SUBMISSION,,VELVETFRUIT_EXTRACT,XIREC,5251.0,61
780400,SUBMISSION,,VELVETFRUIT_EXTRACT,XIREC,5251.0,24
780400,SUBMISSION,,VELVETFRUIT_EXTRACT,XIREC,5252.0,32
780500,SUBMISSION,,VELVETFRUIT_EXTRACT,XIREC,5252.0,71
780600,SUBMISSION,,VELVETFRUIT_EXTRACT,XIREC,5250.0,2
780900,,SUBMISSION,VEV_4000,XIREC,1252.0,2
781500,,,VELVETFRUIT_EXTRACT,XIREC,5247.0,7
782400,,SUBMISSION,VEV_5300,XIREC,49.0,3
782600,SUBMISSION,,VEV_5300,XIREC,50.0,3
782900,SUBMISSION,,VEV_5500,XIREC,9.0,22
783200,SUBMISSION,,VEV_5500,XIREC,9.0,21
783300,SUBMISSION,,VEV_5500,XIREC,9.0,24
783400,SUBMISSION,,VEV_5500,XIREC,9.0,28
783500,SUBMISSION,,HYDROGEL_PACK,XIREC,9995.0,10
783500,SUBMISSION,,VEV_5500,XIREC,9.0,18
783500,,,VELVETFRUIT_EXTRACT,XIREC,5249.0,7
783600,SUBMISSION,,HYDROGEL_PACK,XIREC,9992.0,11
783600,SUBMISSION,,HYDROGEL_PACK,XIREC,9995.0,27
783600,SUBMISSION,,VEV_5500,XIREC,9.0,21
783700,SUBMISSION,,HYDROGEL_PACK,XIREC,9993.0,11
783700,SUBMISSION,,HYDROGEL_PACK,XIREC,9995.0,27
783700,SUBMISSION,,VEV_5500,XIREC,9.0,20
783800,SUBMISSION,,VEV_5500,XIREC,9.0,22
783900,SUBMISSION,,VEV_5500,XIREC,8.0,21
784000,SUBMISSION,,VEV_5500,XIREC,8.0,20
784100,SUBMISSION,,VEV_5500,XIREC,9.0,27
784400,SUBMISSION,,VEV_5500,XIREC,9.0,21
784500,SUBMISSION,,VEV_5500,XIREC,9.0,1
784600,,,VELVETFRUIT_EXTRACT,XIREC,5244.0,8
785300,SUBMISSION,,HYDROGEL_PACK,XIREC,9986.0,6
785800,SUBMISSION,,HYDROGEL_PACK,XIREC,9991.0,10
786200,SUBMISSION,,HYDROGEL_PACK,XIREC,9994.0,11
786200,SUBMISSION,,HYDROGEL_PACK,XIREC,9996.0,25
786300,SUBMISSION,,HYDROGEL_PACK,XIREC,9994.0,14
786400,SUBMISSION,,HYDROGEL_PACK,XIREC,9996.0,12
786600,SUBMISSION,,HYDROGEL_PACK,XIREC,9996.0,11
786700,SUBMISSION,,HYDROGEL_PACK,XIREC,9994.0,14
786700,SUBMISSION,,HYDROGEL_PACK,XIREC,9996.0,29
786800,SUBMISSION,,HYDROGEL_PACK,XIREC,9995.0,11
786900,SUBMISSION,,HYDROGEL_PACK,XIREC,9995.0,11
787300,SUBMISSION,,VEV_4000,XIREC,1240.0,3
791300,,,VEV_5400,XIREC,15.0,3
791300,,,VEV_5500,XIREC,7.0,3
791300,,,VEV_6000,XIREC,0.0,3
791300,,,VEV_6500,XIREC,0.0,3
792300,,,VELVETFRUIT_EXTRACT,XIREC,5239.0,5
793000,,,VELVETFRUIT_EXTRACT,XIREC,5247.0,6
793400,,SUBMISSION,VEV_5400,XIREC,16.0,2
793400,SUBMISSION,,VEV_5400,XIREC,17.0,2
793800,,SUBMISSION,HYDROGEL_PACK,XIREC,10012.0,4
793900,,,VELVETFRUIT_EXTRACT,XIREC,5241.0,6
794900,SUBMISSION,,HYDROGEL_PACK,XIREC,9992.0,4
795700,SUBMISSION,,HYDROGEL_PACK,XIREC,9983.0,4
796800,,,VELVETFRUIT_EXTRACT,XIREC,5242.0,7
797900,,,VELVETFRUIT_EXTRACT,XIREC,5241.0,5
798400,,,VELVETFRUIT_EXTRACT,XIREC,5246.0,5
799200,,SUBMISSION,HYDROGEL_PACK,XIREC,10004.0,6
799400,,SUBMISSION,VEV_5500,XIREC,8.0,7
799500,,SUBMISSION,VEV_5500,XIREC,8.0,23
799600,,SUBMISSION,VEV_5500,XIREC,8.0,7
799700,,SUBMISSION,VEV_5500,XIREC,8.0,17
799800,,SUBMISSION,VEV_5500,XIREC,8.0,21
799800,,,VELVETFRUIT_EXTRACT,XIREC,5245.0,6
799900,SUBMISSION,,VEV_5500,XIREC,9.0,24
800000,,SUBMISSION,VEV_5500,XIREC,8.0,20
800100,,SUBMISSION,VEV_5500,XIREC,8.0,6
800200,,SUBMISSION,VEV_5500,XIREC,8.0,22
800300,,SUBMISSION,VEV_5500,XIREC,8.0,26
800400,,SUBMISSION,VEV_5500,XIREC,8.0,18
800500,,SUBMISSION,VEV_5500,XIREC,8.0,23
800600,,SUBMISSION,VEV_5500,XIREC,8.0,25
800600,,,VELVETFRUIT_EXTRACT,XIREC,5247.0,4
800700,,SUBMISSION,VEV_5500,XIREC,8.0,20
800800,,SUBMISSION,VEV_5500,XIREC,8.0,27
800900,,SUBMISSION,VEV_5500,XIREC,8.0,24
801000,,SUBMISSION,VEV_5500,XIREC,8.0,22
802300,SUBMISSION,,HYDROGEL_PACK,XIREC,9985.0,2
802300,,SUBMISSION,VEV_4000,XIREC,1255.0,2
802400,,,HYDROGEL_PACK,XIREC,9997.0,6
803100,SUBMISSION,,VEV_5500,XIREC,9.0,26
803200,SUBMISSION,,VEV_5500,XIREC,9.0,23
803300,SUBMISSION,,VEV_5500,XIREC,9.0,23
803400,SUBMISSION,,VEV_5500,XIREC,9.0,21
803500,SUBMISSION,,VEV_5500,XIREC,9.0,19
803600,,SUBMISSION,VEV_5500,XIREC,8.0,15
803700,,SUBMISSION,VEV_5500,XIREC,8.0,19
803800,,SUBMISSION,VEV_5500,XIREC,8.0,26
803900,,SUBMISSION,VEV_5500,XIREC,8.0,24
804000,,SUBMISSION,VEV_5500,XIREC,8.0,18
804800,SUBMISSION,,HYDROGEL_PACK,XIREC,9981.0,4
805000,,,HYDROGEL_PACK,XIREC,9998.0,5
805300,SUBMISSION,,HYDROGEL_PACK,XIREC,9994.0,14
805400,SUBMISSION,,HYDROGEL_PACK,XIREC,9993.0,14
805500,SUBMISSION,,HYDROGEL_PACK,XIREC,9993.0,13
805600,SUBMISSION,,HYDROGEL_PACK,XIREC,9994.0,10
805700,,SUBMISSION,VEV_5400,XIREC,17.0,5
805700,SUBMISSION,,VEV_5400,XIREC,18.0,5
805900,SUBMISSION,,HYDROGEL_PACK,XIREC,9993.0,15
805900,SUBMISSION,,HYDROGEL_PACK,XIREC,9978.0,3
806000,SUBMISSION,,HYDROGEL_PACK,XIREC,9993.0,13
806000,,,HYDROGEL_PACK,XIREC,9993.0,5
806100,SUBMISSION,,HYDROGEL_PACK,XIREC,9992.0,14
806100,SUBMISSION,,HYDROGEL_PACK,XIREC,9994.0,22
806200,SUBMISSION,,HYDROGEL_PACK,XIREC,9991.0,12
806200,SUBMISSION,,HYDROGEL_PACK,XIREC,9994.0,22
806200,,,HYDROGEL_PACK,XIREC,9975.0,4
806600,SUBMISSION,,VEV_5500,XIREC,9.0,17
806700,SUBMISSION,,VEV_5500,XIREC,9.0,17
806800,SUBMISSION,,VEV_5500,XIREC,9.0,22
806900,SUBMISSION,,VEV_5500,XIREC,9.0,20
807000,SUBMISSION,,VEV_5500,XIREC,9.0,19
807100,SUBMISSION,,VEV_5500,XIREC,8.0,18
807100,,,VELVETFRUIT_EXTRACT,XIREC,5244.0,8
807200,SUBMISSION,,VEV_5500,XIREC,8.0,30
807300,SUBMISSION,,VEV_5500,XIREC,9.0,29
807400,SUBMISSION,,VEV_5500,XIREC,9.0,27
807500,SUBMISSION,,VEV_5500,XIREC,8.0,27
807600,SUBMISSION,,VEV_5500,XIREC,8.0,21
807700,SUBMISSION,,VEV_5500,XIREC,8.0,23
807800,SUBMISSION,,VEV_5500,XIREC,8.0,4
808600,,,VEV_4000,XIREC,1252.0,1
809500,,,VELVETFRUIT_EXTRACT,XIREC,5242.0,5
810000,,,VEV_5300,XIREC,47.0,5
810000,,,VEV_5400,XIREC,15.0,5
810000,,,VEV_6000,XIREC,0.0,5
810000,,,VEV_6500,XIREC,0.0,5
810100,,SUBMISSION,VEV_5500,XIREC,8.0,26
810200,,SUBMISSION,VEV_5500,XIREC,8.0,28
810200,,,HYDROGEL_PACK,XIREC,9969.0,5
810300,,SUBMISSION,VEV_5500,XIREC,8.0,20
810400,,SUBMISSION,VEV_5500,XIREC,8.0,21
810500,,SUBMISSION,VEV_5500,XIREC,8.0,20
810600,,SUBMISSION,VEV_5500,XIREC,8.0,17
810600,,,VELVETFRUIT_EXTRACT,XIREC,5247.0,4
810700,,SUBMISSION,VEV_5500,XIREC,8.0,17
810800,,SUBMISSION,VEV_5400,XIREC,16.0,5
810800,SUBMISSION,,VEV_5400,XIREC,17.0,5
810800,,SUBMISSION,VEV_5500,XIREC,8.0,21
810900,,SUBMISSION,VEV_5500,XIREC,8.0,21
811000,,SUBMISSION,VEV_5400,XIREC,16.0,5
811000,SUBMISSION,,VEV_5400,XIREC,17.0,5
811000,,SUBMISSION,VEV_5500,XIREC,8.0,25
811100,,SUBMISSION,VEV_5500,XIREC,8.0,21
811200,,SUBMISSION,VEV_5500,XIREC,8.0,20
811300,,SUBMISSION,VEV_5500,XIREC,8.0,17
811900,SUBMISSION,,VEV_5500,XIREC,9.0,20
812000,SUBMISSION,,VEV_5500,XIREC,9.0,27
812100,SUBMISSION,,VEV_5500,XIREC,9.0,22
812200,,SUBMISSION,VEV_5500,XIREC,8.0,26
812300,,SUBMISSION,VEV_5500,XIREC,8.0,26
812400,,SUBMISSION,VEV_5500,XIREC,8.0,30
812700,,SUBMISSION,VELVETFRUIT_EXTRACT,XIREC,5250.0,7
815500,SUBMISSION,,VELVETFRUIT_EXTRACT,XIREC,5249.0,7
816300,,SUBMISSION,VEV_5400,XIREC,17.0,5
816300,SUBMISSION,,VEV_5400,XIREC,18.0,5
816900,,SUBMISSION,VELVETFRUIT_EXTRACT,XIREC,5254.0,5
818300,,SUBMISSION,VEV_5400,XIREC,17.0,5
818300,SUBMISSION,,VEV_5400,XIREC,18.0,5
818500,,SUBMISSION,VELVETFRUIT_EXTRACT,XIREC,5255.0,3
819000,,SUBMISSION,VEV_5400,XIREC,17.0,5
819000,SUBMISSION,,VEV_5400,XIREC,18.0,5
819500,SUBMISSION,,VELVETFRUIT_EXTRACT,XIREC,5250.0,8
819500,,,VELVETFRUIT_EXTRACT,XIREC,5250.0,14
819800,,SUBMISSION,VEV_4000,XIREC,1259.0,2
821700,,SUBMISSION,VELVETFRUIT_EXTRACT,XIREC,5255.0,8
822000,,,VELVETFRUIT_EXTRACT,XIREC,5253.0,8
822400,SUBMISSION,,VELVETFRUIT_EXTRACT,XIREC,5250.0,8
822700,,SUBMISSION,VELVETFRUIT_EXTRACT,XIREC,5254.0,10
824000,,,HYDROGEL_PACK,XIREC,9985.0,6
824300,SUBMISSION,,VEV_5500,XIREC,9.0,20
824400,SUBMISSION,,VEV_5500,XIREC,9.0,19
824500,SUBMISSION,,VELVETFRUIT_EXTRACT,XIREC,5247.0,10
824500,SUBMISSION,,VEV_5500,XIREC,9.0,23
824600,SUBMISSION,,VEV_5500,XIREC,8.0,10
824600,SUBMISSION,,VEV_5500,XIREC,9.0,15
824700,SUBMISSION,,VEV_5500,XIREC,9.0,19
824700,,,VELVETFRUIT_EXTRACT,XIREC,5249.0,8
824800,SUBMISSION,,VEV_5500,XIREC,9.0,24
824900,SUBMISSION,,VEV_5500,XIREC,8.0,10
824900,SUBMISSION,,VEV_5500,XIREC,9.0,17
825000,SUBMISSION,,VEV_5500,XIREC,8.0,19
825100,SUBMISSION,,VEV_5500,XIREC,8.0,25
825200,SUBMISSION,,VEV_5500,XIREC,9.0,20
825200,,,VELVETFRUIT_EXTRACT,XIREC,5244.0,3
825300,SUBMISSION,,VEV_5500,XIREC,9.0,22
825400,SUBMISSION,,VEV_5500,XIREC,8.0,20
825500,SUBMISSION,,VEV_5500,XIREC,9.0,18
825600,,SUBMISSION,VEV_5500,XIREC,8.0,26
825600,,,HYDROGEL_PACK,XIREC,9987.0,5
825700,,SUBMISSION,VEV_5500,XIREC,8.0,28
825800,SUBMISSION,,VEV_5500,XIREC,9.0,20
825900,SUBMISSION,,VEV_5500,XIREC,9.0,24
826000,SUBMISSION,,VEV_5500,XIREC,8.0,16
826300,,SUBMISSION,VEV_5500,XIREC,8.0,27
826400,,SUBMISSION,VEV_5500,XIREC,8.0,29
826500,,SUBMISSION,VEV_5500,XIREC,8.0,18
826600,,SUBMISSION,VEV_5500,XIREC,8.0,28
826700,,SUBMISSION,VEV_5500,XIREC,8.0,17
826800,,SUBMISSION,VEV_5500,XIREC,8.0,29
826900,,SUBMISSION,VEV_5500,XIREC,8.0,19
827000,,SUBMISSION,VELVETFRUIT_EXTRACT,XIREC,5256.0,8
827000,,SUBMISSION,VEV_5500,XIREC,8.0,29
827100,,SUBMISSION,VEV_5500,XIREC,8.0,18
827200,,SUBMISSION,VEV_5500,XIREC,8.0,23
827300,,SUBMISSION,VEV_5500,XIREC,8.0,24
827400,,SUBMISSION,VEV_5500,XIREC,8.0,30
829100,,SUBMISSION,VEV_5400,XIREC,19.0,5
829200,,SUBMISSION,VELVETFRUIT_EXTRACT,XIREC,5258.0,24
829300,,SUBMISSION,VEV_5400,XIREC,19.0,9
829700,,SUBMISSION,VEV_4000,XIREC,1266.0,2
830800,,SUBMISSION,VEV_4000,XIREC,1263.0,3
830900,,,VELVETFRUIT_EXTRACT,XIREC,5254.0,7
831400,,SUBMISSION,VELVETFRUIT_EXTRACT,XIREC,5257.0,8
831400,,SUBMISSION,VEV_5400,XIREC,18.0,18
831400,SUBMISSION,,VEV_5400,XIREC,19.0,18
831600,SUBMISSION,,VEV_5400,XIREC,19.0,14
831800,,SUBMISSION,VEV_4000,XIREC,1260.0,2
832100,,SUBMISSION,VEV_5400,XIREC,18.0,5
832100,SUBMISSION,,VEV_5400,XIREC,19.0,5
832500,,SUBMISSION,VELVETFRUIT_EXTRACT,XIREC,5254.0,15
832500,,SUBMISSION,VELVETFRUIT_EXTRACT,XIREC,5254.0,14
832700,,,HYDROGEL_PACK,XIREC,9995.0,2
832900,,,HYDROGEL_PACK,XIREC,9991.0,5
835500,SUBMISSION,,VEV_5500,XIREC,8.0,5
835500,,,VEV_5300,XIREC,50.0,5
835500,,,VEV_5400,XIREC,17.0,5
835500,,,VEV_6000,XIREC,0.0,5
835500,,,VEV_6500,XIREC,0.0,5
836300,,,VELVETFRUIT_EXTRACT,XIREC,5252.0,7
837100,,SUBMISSION,VEV_5400,XIREC,19.0,5
837400,,SUBMISSION,VEV_5300,XIREC,53.0,5
837400,,SUBMISSION,VEV_5400,XIREC,19.0,5
837600,SUBMISSION,,VEV_5400,XIREC,19.0,6
837600,SUBMISSION,,VEV_5400,XIREC,20.0,4
838200,,SUBMISSION,VELVETFRUIT_EXTRACT,XIREC,5258.0,6
838500,,SUBMISSION,VELVETFRUIT_EXTRACT,XIREC,5254.0,5
838800,,SUBMISSION,VELVETFRUIT_EXTRACT,XIREC,5258.0,5
839000,,SUBMISSION,VEV_5400,XIREC,18.0,5
839000,SUBMISSION,,VEV_5400,XIREC,19.0,5
840300,,SUBMISSION,VEV_5400,XIREC,19.0,7
840700,,SUBMISSION,VELVETFRUIT_EXTRACT,XIREC,5259.0,13
840800,,SUBMISSION,VEV_5400,XIREC,19.0,9
841400,,SUBMISSION,VEV_5400,XIREC,18.0,18
841400,SUBMISSION,,VEV_5400,XIREC,19.0,18
841500,,SUBMISSION,VEV_5400,XIREC,18.0,21
841500,SUBMISSION,,VEV_5400,XIREC,19.0,21
841500,,,HYDROGEL_PACK,XIREC,9983.0,2
841600,SUBMISSION,,VEV_4000,XIREC,1250.0,3
841600,,SUBMISSION,VEV_5400,XIREC,18.0,17
841600,SUBMISSION,,VEV_5400,XIREC,19.0,17
841900,,SUBMISSION,VELVETFRUIT_EXTRACT,XIREC,5258.0,3
842000,SUBMISSION,,VEV_5400,XIREC,19.0,16
842800,,SUBMISSION,VELVETFRUIT_EXTRACT,XIREC,5255.0,8
842900,SUBMISSION,,VEV_5500,XIREC,8.0,5
842900,,,VEV_5300,XIREC,50.0,5
842900,,,VEV_5400,XIREC,17.0,5
842900,,,VEV_6000,XIREC,0.0,5
842900,,,VEV_6500,XIREC,0.0,5
843000,,SUBMISSION,HYDROGEL_PACK,XIREC,10015.0,3
844000,,,VELVETFRUIT_EXTRACT,XIREC,5254.0,7
844600,,SUBMISSION,HYDROGEL_PACK,XIREC,10005.0,4
845100,,,VEV_5500,XIREC,8.0,5
845100,,,VEV_6000,XIREC,0.0,5
845100,,,VEV_6500,XIREC,0.0,5
846600,,SUBMISSION,VEV_5400,XIREC,19.0,5
847300,,SUBMISSION,VEV_5400,XIREC,19.0,6
847600,,SUBMISSION,VEV_5400,XIREC,19.0,7
847700,,SUBMISSION,VEV_5400,XIREC,19.0,7
847800,,SUBMISSION,VEV_5400,XIREC,19.0,3
847900,SUBMISSION,,VEV_4000,XIREC,1252.0,3
848500,,SUBMISSION,VEV_5400,XIREC,18.0,23
848500,SUBMISSION,,VEV_5400,XIREC,19.0,23
848600,,SUBMISSION,VEV_5400,XIREC,18.0,18
848600,SUBMISSION,,VEV_5400,XIREC,19.0,18
848700,,SUBMISSION,VEV_5400,XIREC,18.0,10
848700,SUBMISSION,,VEV_5400,XIREC,19.0,25
848800,SUBMISSION,,VEV_5400,XIREC,19.0,13
850400,,SUBMISSION,HYDROGEL_PACK,XIREC,10013.0,6
851700,SUBMISSION,,VELVETFRUIT_EXTRACT,XIREC,5253.0,4
851800,SUBMISSION,,VELVETFRUIT_EXTRACT,XIREC,5253.0,14
852400,,,HYDROGEL_PACK,XIREC,9998.0,2
852600,SUBMISSION,,VEV_4000,XIREC,1246.0,1
852800,SUBMISSION,,VELVETFRUIT_EXTRACT,XIREC,5252.0,7
853800,,SUBMISSION,VEV_4000,XIREC,1259.0,1
855900,,SUBMISSION,VELVETFRUIT_EXTRACT,XIREC,5255.0,24
856600,,,VELVETFRUIT_EXTRACT,XIREC,5257.0,10
859100,,,HYDROGEL_PACK,XIREC,10011.0,6
859100,,,VEV_5300,XIREC,49.0,2
859100,,,VEV_5400,XIREC,17.0,2
859100,,,VEV_5500,XIREC,8.0,2
859100,,,VEV_6000,XIREC,0.0,2
859100,,,VEV_6500,XIREC,0.0,2
859300,,SUBMISSION,VEV_5400,XIREC,18.0,4
859300,SUBMISSION,,VEV_5400,XIREC,19.0,4
859300,,,VEV_5300,XIREC,50.0,2
859300,,,VEV_5400,XIREC,18.0,2
859300,,,VEV_5500,XIREC,8.0,2
859300,,,VEV_6000,XIREC,0.0,2
859300,,,VEV_6500,XIREC,0.0,2
859700,,,HYDROGEL_PACK,XIREC,10006.0,4
860200,SUBMISSION,,VELVETFRUIT_EXTRACT,XIREC,5252.0,8
860500,,SUBMISSION,HYDROGEL_PACK,XIREC,10015.0,4
860700,SUBMISSION,,VELVETFRUIT_EXTRACT,XIREC,5252.0,10
861600,,SUBMISSION,VEV_5400,XIREC,18.0,5
861600,SUBMISSION,,VEV_5400,XIREC,19.0,5
861800,,SUBMISSION,VELVETFRUIT_EXTRACT,XIREC,5255.0,3
862100,,SUBMISSION,VEV_4000,XIREC,1255.0,3
862100,,,HYDROGEL_PACK,XIREC,9999.0,5
862200,SUBMISSION,,VELVETFRUIT_EXTRACT,XIREC,5252.0,25
862200,SUBMISSION,,VEV_5500,XIREC,9.0,23
862300,SUBMISSION,,VELVETFRUIT_EXTRACT,XIREC,5250.0,68
862300,SUBMISSION,,VEV_5300,XIREC,49.0,5
862300,SUBMISSION,,VEV_5500,XIREC,8.0,23
862400,SUBMISSION,,VEV_5500,XIREC,8.0,5
862400,SUBMISSION,,VEV_5500,XIREC,9.0,19
862500,SUBMISSION,,VEV_5500,XIREC,9.0,20
862500,,,VEV_5400,XIREC,17.0,2
862500,,,VEV_5500,XIREC,7.0,2
862500,,,VEV_6000,XIREC,0.0,2
862500,,,VEV_6500,XIREC,0.0,2
862600,,SUBMISSION,VEV_5500,XIREC,8.0,5
