timestamp;buyer;seller;symbol;currency;price;quantity
2800;SUBMISSION;;ASH_COATED_OSMIUM;SEASHELLS;9986;10
3000;SUBMISSION;;INTARIAN_PEPPER_ROOT;SEASHELLS;10999;8
4200;SUBMISSION;;INTARIAN_PEPPER_ROOT;SEASHELLS;10996;4
4800;SUBMISSION;;INTARIAN_PEPPER_ROOT;SEASHELLS;11001;7
5200;SUBMISSION;;ASH_COATED_OSMIUM;SEASHELLS;9987;9
5200;;SUBMISSION;ASH_COATED_OSMIUM;SEASHELLS;10003;6
6100;SUBMISSION;;ASH_COATED_OSMIUM;SEASHELLS;9992;8
6200;SUBMISSION;;ASH_COATED_OSMIUM;SEASHELLS;9996;4
6300;SUBMISSION;;INTARIAN_PEPPER_ROOT;SEASHELLS;11001;4
7500;;SUBMISSION;ASH_COATED_OSMIUM;SEASHELLS;10002;6
9000;;SUBMISSION;ASH_COATED_OSMIUM;SEASHELLS;10003;10
9500;SUBMISSION;;ASH_COATED_OSMIUM;SEASHELLS;9998;4
13000;;SUBMISSION;ASH_COATED_OSMIUM;SEASHELLS;10004;2
13200;SUBMISSION;;ASH_COATED_OSMIUM;SEASHELLS;9995;4
13700;;SUBMISSION;INTARIAN_PEPPER_ROOT;SEASHELLS;11011;5
14600;;SUBMISSION;ASH_COATED_OSMIUM;SEASHELLS;10006;5
14900;;SUBMISSION;ASH_COATED_OSMIUM;SEASHELLS;10006;5
16600;SUBMISSION;;ASH_COATED_OSMIUM;SEASHELLS;9993;2
17200;SUBMISSION;;ASH_COATED_OSMIUM;SEASHELLS;9995;5
17900;SUBMISSION;;INTARIAN_PEPPER_ROOT;SEASHELLS;11013;6
18700;SUBMISSION;;ASH_COATED_OSMIUM;SEASHELLS;9998;4
19300;;SUBMISSION;ASH_COATED_OSMIUM;SEASHELLS;10002;9
19300;;SUBMISSION;ASH_COATED_OSMIUM;SEASHELLS;10000;3
19700;SUBMISSION;;INTARIAN_PEPPER_ROOT;SEASHELLS;11012;7
20900;SUBMISSION;;ASH_COATED_OSMIUM;SEASHELLS;9993;2
21500;;SUBMISSION;ASH_COATED_OSMIUM;SEASHELLS;10007;6
22100;;SUBMISSION;ASH_COATED_OSMIUM;SEASHELLS;10001;10
23100;;SUBMISSION;ASH_COATED_OSMIUM;SEASHELLS;10009;5
24100;;SUBMISSION;INTARIAN_PEPPER_ROOT;SEASHELLS;11029;5
25300;;SUBMISSION;ASH_COATED_OSMIUM;SEASHELLS;10007;6
25800;;SUBMISSION;INTARIAN_PEPPER_ROOT;SEASHELLS;11029;3
25900;;SUBMISSION;ASH_COATED_OSMIUM;SEASHELLS;10008;6
26300;;SUBMISSION;ASH_COATED_OSMIUM;SEASHELLS;10007;9
26600;;SUBMISSION;INTARIAN_PEPPER_ROOT;SEASHELLS;11029;8
27800;;SUBMISSION;ASH_COATED_OSMIUM;SEASHELLS;10003;8
28200;;SUBMISSION;INTARIAN_PEPPER_ROOT;SEASHELLS;11033;6
29100;;SUBMISSION;INTARIAN_PEPPER_ROOT;SEASHELLS;11034;6
29700;SUBMISSION;;ASH_COATED_OSMIUM;SEASHELLS;10000;4
30200;;SUBMISSION;INTARIAN_PEPPER_ROOT;SEASHELLS;11033;3
34900;;SUBMISSION;INTARIAN_PEPPER_ROOT;SEASHELLS;11043;6
35000;;SUBMISSION;INTARIAN_PEPPER_ROOT;SEASHELLS;11038;8
35400;SUBMISSION;;INTARIAN_PEPPER_ROOT;SEASHELLS;11037;8
35900;SUBMISSION;;ASH_COATED_OSMIUM;SEASHELLS;9993;2
37100;;SUBMISSION;INTARIAN_PEPPER_ROOT;SEASHELLS;11040;6
38100;SUBMISSION;;INTARIAN_PEPPER_ROOT;SEASHELLS;11034;7
38500;SUBMISSION;;INTARIAN_PEPPER_ROOT;SEASHELLS;11033;4
38700;SUBMISSION;;INTARIAN_PEPPER_ROOT;SEASHELLS;11035;5
40000;SUBMISSION;;INTARIAN_PEPPER_ROOT;SEASHELLS;11036;5
40300;SUBMISSION;;INTARIAN_PEPPER_ROOT;SEASHELLS;11035;4
40400;;SUBMISSION;INTARIAN_PEPPER_ROOT;SEASHELLS;11045;3
41100;SUBMISSION;;ASH_COATED_OSMIUM;SEASHELLS;9999;7
41900;;SUBMISSION;INTARIAN_PEPPER_ROOT;SEASHELLS;11047;5
42700;;SUBMISSION;INTARIAN_PEPPER_ROOT;SEASHELLS;11048;6
43700;;SUBMISSION;INTARIAN_PEPPER_ROOT;SEASHELLS;11047;4
44700;;SUBMISSION;ASH_COATED_OSMIUM;SEASHELLS;10007;5
44800;SUBMISSION;;INTARIAN_PEPPER_ROOT;SEASHELLS;11040;4
46700;SUBMISSION;;ASH_COATED_OSMIUM;SEASHELLS;9993;6
47100;;SUBMISSION;ASH_COATED_OSMIUM;SEASHELLS;10001;7
47600;SUBMISSION;;ASH_COATED_OSMIUM;SEASHELLS;9994;4
48700;SUBMISSION;;INTARIAN_PEPPER_ROOT;SEASHELLS;11045;7
50300;;SUBMISSION;ASH_COATED_OSMIUM;SEASHELLS;10007;4
51200;;SUBMISSION;ASH_COATED_OSMIUM;SEASHELLS;10005;7
51700;;SUBMISSION;ASH_COATED_OSMIUM;SEASHELLS;10008;2
52700;SUBMISSION;;INTARIAN_PEPPER_ROOT;SEASHELLS;11049;6
52800;SUBMISSION;;ASH_COATED_OSMIUM;SEASHELLS;9991;5
52900;SUBMISSION;;INTARIAN_PEPPER_ROOT;SEASHELLS;11048;5
53400;SUBMISSION;;ASH_COATED_OSMIUM;SEASHELLS;9999;2
54200;;SUBMISSION;ASH_COATED_OSMIUM;SEASHELLS;10003;6
55400;SUBMISSION;;ASH_COATED_OSMIUM;SEASHELLS;9998;3
55900;SUBMISSION;;ASH_COATED_OSMIUM;SEASHELLS;9998;5
56500;;SUBMISSION;ASH_COATED_OSMIUM;SEASHELLS;10004;6
57700;SUBMISSION;;ASH_COATED_OSMIUM;SEASHELLS;9996;8
57700;SUBMISSION;;ASH_COATED_OSMIUM;SEASHELLS;10000;8
58000;;SUBMISSION;ASH_COATED_OSMIUM;SEASHELLS;10005;3
59900;SUBMISSION;;INTARIAN_PEPPER_ROOT;SEASHELLS;11056;8
60200;SUBMISSION;;ASH_COATED_OSMIUM;SEASHELLS;10000;4
62000;SUBMISSION;;ASH_COATED_OSMIUM;SEASHELLS;9990;3
62400;SUBMISSION;;ASH_COATED_OSMIUM;SEASHELLS;9992;2
63900;;SUBMISSION;INTARIAN_PEPPER_ROOT;SEASHELLS;11067;7
64200;SUBMISSION;;ASH_COATED_OSMIUM;SEASHELLS;9994;8
68100;SUBMISSION;;INTARIAN_PEPPER_ROOT;SEASHELLS;11064;5
69800;SUBMISSION;;ASH_COATED_OSMIUM;SEASHELLS;10000;4
69900;SUBMISSION;;ASH_COATED_OSMIUM;SEASHELLS;9992;8
71300;;SUBMISSION;ASH_COATED_OSMIUM;SEASHELLS;10006;6
72600;SUBMISSION;;ASH_COATED_OSMIUM;SEASHELLS;9997;7
73700;;SUBMISSION;ASH_COATED_OSMIUM;SEASHELLS;10002;10
73900;SUBMISSION;;INTARIAN_PEPPER_ROOT;SEASHELLS;11069;7
74000;SUBMISSION;;ASH_COATED_OSMIUM;SEASHELLS;9994;3
74200;SUBMISSION;;ASH_COATED_OSMIUM;SEASHELLS;9992;2
75700;;SUBMISSION;ASH_COATED_OSMIUM;SEASHELLS;10009;4
76600;;SUBMISSION;ASH_COATED_OSMIUM;SEASHELLS;10009;4
76800;;SUBMISSION;INTARIAN_PEPPER_ROOT;SEASHELLS;11082;6
76900;;SUBMISSION;ASH_COATED_OSMIUM;SEASHELLS;10009;4
77300;SUBMISSION;;ASH_COATED_OSMIUM;SEASHELLS;9994;5
78000;;SUBMISSION;ASH_COATED_OSMIUM;SEASHELLS;10010;2
80300;SUBMISSION;;ASH_COATED_OSMIUM;SEASHELLS;9999;5
81000;SUBMISSION;;INTARIAN_PEPPER_ROOT;SEASHELLS;11073;5
81700;;SUBMISSION;INTARIAN_PEPPER_ROOT;SEASHELLS;11087;6
81900;;SUBMISSION;INTARIAN_PEPPER_ROOT;SEASHELLS;11087;5
83100;;SUBMISSION;INTARIAN_PEPPER_ROOT;SEASHELLS;11088;7
83200;;SUBMISSION;ASH_COATED_OSMIUM;SEASHELLS;10002;4
85000;SUBMISSION;;ASH_COATED_OSMIUM;SEASHELLS;10000;7
88400;;SUBMISSION;ASH_COATED_OSMIUM;SEASHELLS;10009;4
88700;SUBMISSION;;INTARIAN_PEPPER_ROOT;SEASHELLS;11084;3
88800;SUBMISSION;;INTARIAN_PEPPER_ROOT;SEASHELLS;11084;3
89700;;SUBMISSION;ASH_COATED_OSMIUM;SEASHELLS;10012;8
90500;;SUBMISSION;ASH_COATED_OSMIUM;SEASHELLS;10001;4
90500;;SUBMISSION;INTARIAN_PEPPER_ROOT;SEASHELLS;11093;7
91400;;SUBMISSION;ASH_COATED_OSMIUM;SEASHELLS;10006;4
91700;SUBMISSION;;INTARIAN_PEPPER_ROOT;SEASHELLS;11088;7
91900;;SUBMISSION;ASH_COATED_OSMIUM;SEASHELLS;10001;3
92600;;SUBMISSION;ASH_COATED_OSMIUM;SEASHELLS;10006;4
93100;;SUBMISSION;INTARIAN_PEPPER_ROOT;SEASHELLS;11096;6
94600;;SUBMISSION;INTARIAN_PEPPER_ROOT;SEASHELLS;11089;11
94600;;SUBMISSION;INTARIAN_PEPPER_ROOT;SEASHELLS;11090;7
95400;;SUBMISSION;ASH_COATED_OSMIUM;SEASHELLS;10001;9
95500;SUBMISSION;;INTARIAN_PEPPER_ROOT;SEASHELLS;11092;4
97400;SUBMISSION;;ASH_COATED_OSMIUM;SEASHELLS;9997;8
97600;;SUBMISSION;INTARIAN_PEPPER_ROOT;SEASHELLS;11100;6
98000;;SUBMISSION;INTARIAN_PEPPER_ROOT;SEASHELLS;11101;6
98200;;SUBMISSION;ASH_COATED_OSMIUM;SEASHELLS;10006;9
98400;;SUBMISSION;INTARIAN_PEPPER_ROOT;SEASHELLS;11103;3
98700;;SUBMISSION;ASH_COATED_OSMIUM;SEASHELLS;10001;10
99400;SUBMISSION;;INTARIAN_PEPPER_ROOT;SEASHELLS;11096;8
99700;SUBMISSION;;INTARIAN_PEPPER_ROOT;SEASHELLS;11096;5
100500;SUBMISSION;;ASH_COATED_OSMIUM;SEASHELLS;9991;5
101000;SUBMISSION;;INTARIAN_PEPPER_ROOT;SEASHELLS;11097;4
101100;SUBMISSION;;ASH_COATED_OSMIUM;SEASHELLS;9991;2
101600;;SUBMISSION;INTARIAN_PEPPER_ROOT;SEASHELLS;11104;6
101800;SUBMISSION;;ASH_COATED_OSMIUM;SEASHELLS;9996;5
101900;;SUBMISSION;ASH_COATED_OSMIUM;SEASHELLS;10005;6
102000;SUBMISSION;;ASH_COATED_OSMIUM;SEASHELLS;9989;2
102300;SUBMISSION;;INTARIAN_PEPPER_ROOT;SEASHELLS;11098;8
103000;SUBMISSION;;ASH_COATED_OSMIUM;SEASHELLS;9993;5
103400;SUBMISSION;;INTARIAN_PEPPER_ROOT;SEASHELLS;11100;4
104800;SUBMISSION;;ASH_COATED_OSMIUM;SEASHELLS;9993;6
105000;SUBMISSION;;ASH_COATED_OSMIUM;SEASHELLS;9998;10
105900;SUBMISSION;;INTARIAN_PEPPER_ROOT;SEASHELLS;11102;6
108800;;SUBMISSION;INTARIAN_PEPPER_ROOT;SEASHELLS;11114;5
112400;SUBMISSION;;INTARIAN_PEPPER_ROOT;SEASHELLS;11109;3
113400;SUBMISSION;;ASH_COATED_OSMIUM;SEASHELLS;9998;4
113600;;SUBMISSION;ASH_COATED_OSMIUM;SEASHELLS;10002;9
114400;;SUBMISSION;ASH_COATED_OSMIUM;SEASHELLS;10001;9
117300;SUBMISSION;;ASH_COATED_OSMIUM;SEASHELLS;9996;5
117400;;SUBMISSION;ASH_COATED_OSMIUM;SEASHELLS;10006;9
118100;SUBMISSION;;ASH_COATED_OSMIUM;SEASHELLS;9992;3
118500;SUBMISSION;;ASH_COATED_OSMIUM;SEASHELLS;9997;9
120600;SUBMISSION;;INTARIAN_PEPPER_ROOT;SEASHELLS;11116;6
121900;;SUBMISSION;INTARIAN_PEPPER_ROOT;SEASHELLS;11127;4
122600;SUBMISSION;;INTARIAN_PEPPER_ROOT;SEASHELLS;11118;7
123400;;SUBMISSION;INTARIAN_PEPPER_ROOT;SEASHELLS;11131;5
123500;;SUBMISSION;ASH_COATED_OSMIUM;SEASHELLS;10007;6
124900;SUBMISSION;;INTARIAN_PEPPER_ROOT;SEASHELLS;11120;6
125400;;SUBMISSION;INTARIAN_PEPPER_ROOT;SEASHELLS;11130;7
125500;SUBMISSION;;ASH_COATED_OSMIUM;SEASHELLS;9989;10
126500;;SUBMISSION;INTARIAN_PEPPER_ROOT;SEASHELLS;11129;8
126600;SUBMISSION;;ASH_COATED_OSMIUM;SEASHELLS;9989;6
126900;SUBMISSION;;INTARIAN_PEPPER_ROOT;SEASHELLS;11123;6
128000;SUBMISSION;;INTARIAN_PEPPER_ROOT;SEASHELLS;11123;7
128500;;SUBMISSION;INTARIAN_PEPPER_ROOT;SEASHELLS;11131;8
128700;SUBMISSION;;INTARIAN_PEPPER_ROOT;SEASHELLS;11125;3
128900;SUBMISSION;;ASH_COATED_OSMIUM;SEASHELLS;9988;3
130100;SUBMISSION;;ASH_COATED_OSMIUM;SEASHELLS;9987;2
130300;SUBMISSION;;INTARIAN_PEPPER_ROOT;SEASHELLS;11126;5
130400;SUBMISSION;;INTARIAN_PEPPER_ROOT;SEASHELLS;11127;7
130500;SUBMISSION;;ASH_COATED_OSMIUM;SEASHELLS;9992;9
130600;SUBMISSION;;ASH_COATED_OSMIUM;SEASHELLS;9996;3
131300;;SUBMISSION;ASH_COATED_OSMIUM;SEASHELLS;10002;10
131500;SUBMISSION;;INTARIAN_PEPPER_ROOT;SEASHELLS;11126;3
132100;SUBMISSION;;ASH_COATED_OSMIUM;SEASHELLS;9989;3
132200;SUBMISSION;;INTARIAN_PEPPER_ROOT;SEASHELLS;11127;7
132600;;SUBMISSION;INTARIAN_PEPPER_ROOT;SEASHELLS;11127;9
133100;;SUBMISSION;INTARIAN_PEPPER_ROOT;SEASHELLS;11138;6
134300;SUBMISSION;;ASH_COATED_OSMIUM;SEASHELLS;9994;4
134300;;SUBMISSION;INTARIAN_PEPPER_ROOT;SEASHELLS;11132;12
135100;SUBMISSION;;ASH_COATED_OSMIUM;SEASHELLS;9999;2
136100;SUBMISSION;;INTARIAN_PEPPER_ROOT;SEASHELLS;11132;6
136300;SUBMISSION;;ASH_COATED_OSMIUM;SEASHELLS;9995;5
136400;SUBMISSION;;ASH_COATED_OSMIUM;SEASHELLS;9999;4
137700;SUBMISSION;;ASH_COATED_OSMIUM;SEASHELLS;9990;3
139300;SUBMISSION;;INTARIAN_PEPPER_ROOT;SEASHELLS;11135;6
139300;SUBMISSION;;INTARIAN_PEPPER_ROOT;SEASHELLS;11134;4
139400;SUBMISSION;;INTARIAN_PEPPER_ROOT;SEASHELLS;11134;7
139600;;SUBMISSION;INTARIAN_PEPPER_ROOT;SEASHELLS;11145;6
139800;SUBMISSION;;INTARIAN_PEPPER_ROOT;SEASHELLS;11135;7
140400;;SUBMISSION;ASH_COATED_OSMIUM;SEASHELLS;10000;7
140600;;SUBMISSION;INTARIAN_PEPPER_ROOT;SEASHELLS;11135;8
140700;;SUBMISSION;INTARIAN_PEPPER_ROOT;SEASHELLS;11144;4
141100;SUBMISSION;;ASH_COATED_OSMIUM;SEASHELLS;9992;3
141200;;SUBMISSION;INTARIAN_PEPPER_ROOT;SEASHELLS;11146;6
143800;SUBMISSION;;INTARIAN_PEPPER_ROOT;SEASHELLS;11140;7
145800;;SUBMISSION;ASH_COATED_OSMIUM;SEASHELLS;10008;10
145900;;SUBMISSION;ASH_COATED_OSMIUM;SEASHELLS;10011;9
146600;SUBMISSION;;ASH_COATED_OSMIUM;SEASHELLS;9995;2
146700;;SUBMISSION;ASH_COATED_OSMIUM;SEASHELLS;10008;7
147000;;SUBMISSION;INTARIAN_PEPPER_ROOT;SEASHELLS;11152;7
147300;SUBMISSION;;ASH_COATED_OSMIUM;SEASHELLS;9994;6
148400;SUBMISSION;;ASH_COATED_OSMIUM;SEASHELLS;9995;6
148700;SUBMISSION;;INTARIAN_PEPPER_ROOT;SEASHELLS;11145;6
149000;;SUBMISSION;ASH_COATED_OSMIUM;SEASHELLS;10008;3
149600;;SUBMISSION;ASH_COATED_OSMIUM;SEASHELLS;10003;10
150500;;SUBMISSION;ASH_COATED_OSMIUM;SEASHELLS;10002;5
150800;SUBMISSION;;ASH_COATED_OSMIUM;SEASHELLS;9998;10
152000;SUBMISSION;;ASH_COATED_OSMIUM;SEASHELLS;9993;2
153700;SUBMISSION;;ASH_COATED_OSMIUM;SEASHELLS;9995;5
154000;SUBMISSION;;ASH_COATED_OSMIUM;SEASHELLS;9999;7
157200;;SUBMISSION;INTARIAN_PEPPER_ROOT;SEASHELLS;11162;4
158600;;SUBMISSION;INTARIAN_PEPPER_ROOT;SEASHELLS;11161;6
160700;;SUBMISSION;ASH_COATED_OSMIUM;SEASHELLS;10007;7
161000;SUBMISSION;;ASH_COATED_OSMIUM;SEASHELLS;9999;4
161100;;SUBMISSION;ASH_COATED_OSMIUM;SEASHELLS;10002;8
161400;;SUBMISSION;ASH_COATED_OSMIUM;SEASHELLS;10008;9
161800;;SUBMISSION;INTARIAN_PEPPER_ROOT;SEASHELLS;11165;6
161900;SUBMISSION;;ASH_COATED_OSMIUM;SEASHELLS;9994;6
163300;;SUBMISSION;INTARIAN_PEPPER_ROOT;SEASHELLS;11166;8
165200;SUBMISSION;;ASH_COATED_OSMIUM;SEASHELLS;9996;8
167200;;SUBMISSION;ASH_COATED_OSMIUM;SEASHELLS;10001;7
169400;SUBMISSION;;ASH_COATED_OSMIUM;SEASHELLS;9990;2
170300;;SUBMISSION;INTARIAN_PEPPER_ROOT;SEASHELLS;11175;7
171700;SUBMISSION;;ASH_COATED_OSMIUM;SEASHELLS;9997;10
172400;SUBMISSION;;INTARIAN_PEPPER_ROOT;SEASHELLS;11169;8
174000;SUBMISSION;;INTARIAN_PEPPER_ROOT;SEASHELLS;11166;7
175400;SUBMISSION;;ASH_COATED_OSMIUM;SEASHELLS;9998;4
175500;SUBMISSION;;ASH_COATED_OSMIUM;SEASHELLS;9994;6
175500;;SUBMISSION;INTARIAN_PEPPER_ROOT;SEASHELLS;11178;5
176900;SUBMISSION;;ASH_COATED_OSMIUM;SEASHELLS;9993;2
178800;;SUBMISSION;INTARIAN_PEPPER_ROOT;SEASHELLS;11184;4
179300;;SUBMISSION;ASH_COATED_OSMIUM;SEASHELLS;10002;6
179500;;SUBMISSION;ASH_COATED_OSMIUM;SEASHELLS;10002;7
180700;;SUBMISSION;ASH_COATED_OSMIUM;SEASHELLS;10002;8
181600;;SUBMISSION;ASH_COATED_OSMIUM;SEASHELLS;10004;7
182200;;SUBMISSION;ASH_COATED_OSMIUM;SEASHELLS;10004;7
182500;SUBMISSION;;ASH_COATED_OSMIUM;SEASHELLS;9995;10
183700;SUBMISSION;;ASH_COATED_OSMIUM;SEASHELLS;10000;5
184500;;SUBMISSION;ASH_COATED_OSMIUM;SEASHELLS;10010;6
184800;;SUBMISSION;ASH_COATED_OSMIUM;SEASHELLS;10001;2
184800;;SUBMISSION;INTARIAN_PEPPER_ROOT;SEASHELLS;11188;7
186800;;SUBMISSION;INTARIAN_PEPPER_ROOT;SEASHELLS;11195;7
187000;;SUBMISSION;INTARIAN_PEPPER_ROOT;SEASHELLS;11195;3
187400;;SUBMISSION;ASH_COATED_OSMIUM;SEASHELLS;10001;5
188300;SUBMISSION;;INTARIAN_PEPPER_ROOT;SEASHELLS;11184;4
189300;;SUBMISSION;ASH_COATED_OSMIUM;SEASHELLS;10004;5
191300;;SUBMISSION;ASH_COATED_OSMIUM;SEASHELLS;10001;5
191300;SUBMISSION;;INTARIAN_PEPPER_ROOT;SEASHELLS;11186;7
191400;SUBMISSION;;ASH_COATED_OSMIUM;SEASHELLS;9997;6
191600;SUBMISSION;;ASH_COATED_OSMIUM;SEASHELLS;9997;6
193700;SUBMISSION;;ASH_COATED_OSMIUM;SEASHELLS;9995;3
195800;;SUBMISSION;ASH_COATED_OSMIUM;SEASHELLS;10001;3
196500;;SUBMISSION;ASH_COATED_OSMIUM;SEASHELLS;10005;10
197200;;SUBMISSION;ASH_COATED_OSMIUM;SEASHELLS;10005;10
199000;;SUBMISSION;ASH_COATED_OSMIUM;SEASHELLS;10004;10
199000;;SUBMISSION;INTARIAN_PEPPER_ROOT;SEASHELLS;11202;3
199500;;SUBMISSION;INTARIAN_PEPPER_ROOT;SEASHELLS;11202;7
201800;SUBMISSION;;INTARIAN_PEPPER_ROOT;SEASHELLS;11198;6
203200;SUBMISSION;;ASH_COATED_OSMIUM;SEASHELLS;9992;6
204000;SUBMISSION;;INTARIAN_PEPPER_ROOT;SEASHELLS;11200;5
204400;SUBMISSION;;ASH_COATED_OSMIUM;SEASHELLS;10000;5
204500;SUBMISSION;;ASH_COATED_OSMIUM;SEASHELLS;9996;10
204900;;SUBMISSION;ASH_COATED_OSMIUM;SEASHELLS;10001;4
206100;;SUBMISSION;ASH_COATED_OSMIUM;SEASHELLS;10008;4
207700;SUBMISSION;;ASH_COATED_OSMIUM;SEASHELLS;9991;5
208300;;SUBMISSION;INTARIAN_PEPPER_ROOT;SEASHELLS;11213;7
208500;;SUBMISSION;ASH_COATED_OSMIUM;SEASHELLS;10008;4
211700;SUBMISSION;;INTARIAN_PEPPER_ROOT;SEASHELLS;11207;4
214500;SUBMISSION;;INTARIAN_PEPPER_ROOT;SEASHELLS;11211;6
215300;SUBMISSION;;INTARIAN_PEPPER_ROOT;SEASHELLS;11211;5
215600;SUBMISSION;;INTARIAN_PEPPER_ROOT;SEASHELLS;11212;6
215800;SUBMISSION;;INTARIAN_PEPPER_ROOT;SEASHELLS;11212;3
216000;;SUBMISSION;ASH_COATED_OSMIUM;SEASHELLS;10007;4
216500;;SUBMISSION;INTARIAN_PEPPER_ROOT;SEASHELLS;11219;8
218000;SUBMISSION;;ASH_COATED_OSMIUM;SEASHELLS;9996;3
218100;;SUBMISSION;ASH_COATED_OSMIUM;SEASHELLS;10005;6
218400;SUBMISSION;;INTARIAN_PEPPER_ROOT;SEASHELLS;11215;4
218600;;SUBMISSION;ASH_COATED_OSMIUM;SEASHELLS;10009;4
218900;;SUBMISSION;INTARIAN_PEPPER_ROOT;SEASHELLS;11224;3
219900;SUBMISSION;;ASH_COATED_OSMIUM;SEASHELLS;9992;6
221000;SUBMISSION;;ASH_COATED_OSMIUM;SEASHELLS;9996;8
221700;;SUBMISSION;ASH_COATED_OSMIUM;SEASHELLS;10010;10
222000;;SUBMISSION;ASH_COATED_OSMIUM;SEASHELLS;10010;4
224200;;SUBMISSION;INTARIAN_PEPPER_ROOT;SEASHELLS;11227;8
225800;;SUBMISSION;ASH_COATED_OSMIUM;SEASHELLS;10002;3
226500;;SUBMISSION;INTARIAN_PEPPER_ROOT;SEASHELLS;11229;3
226700;;SUBMISSION;ASH_COATED_OSMIUM;SEASHELLS;10002;5
228300;;SUBMISSION;INTARIAN_PEPPER_ROOT;SEASHELLS;11233;3
228700;SUBMISSION;;ASH_COATED_OSMIUM;SEASHELLS;9999;5
228800;SUBMISSION;;ASH_COATED_OSMIUM;SEASHELLS;9994;3
229500;SUBMISSION;;INTARIAN_PEPPER_ROOT;SEASHELLS;11224;4
232000;;SUBMISSION;INTARIAN_PEPPER_ROOT;SEASHELLS;11235;5
232900;;SUBMISSION;ASH_COATED_OSMIUM;SEASHELLS;10010;3
232900;;SUBMISSION;INTARIAN_PEPPER_ROOT;SEASHELLS;11238;4
233600;SUBMISSION;;INTARIAN_PEPPER_ROOT;SEASHELLS;11230;4
235100;SUBMISSION;;INTARIAN_PEPPER_ROOT;SEASHELLS;11241;8
235100;SUBMISSION;;INTARIAN_PEPPER_ROOT;SEASHELLS;11239;6
235800;;SUBMISSION;ASH_COATED_OSMIUM;SEASHELLS;10012;3
236300;;SUBMISSION;ASH_COATED_OSMIUM;SEASHELLS;10009;4
236800;SUBMISSION;;INTARIAN_PEPPER_ROOT;SEASHELLS;11233;8
239500;;SUBMISSION;ASH_COATED_OSMIUM;SEASHELLS;10010;7
239800;;SUBMISSION;ASH_COATED_OSMIUM;SEASHELLS;10004;5
240800;;SUBMISSION;ASH_COATED_OSMIUM;SEASHELLS;10011;6
241200;;SUBMISSION;INTARIAN_PEPPER_ROOT;SEASHELLS;11244;6
241800;;SUBMISSION;ASH_COATED_OSMIUM;SEASHELLS;10009;3
243200;;SUBMISSION;INTARIAN_PEPPER_ROOT;SEASHELLS;11248;5
245200;SUBMISSION;;ASH_COATED_OSMIUM;SEASHELLS;10000;8
245300;SUBMISSION;;INTARIAN_PEPPER_ROOT;SEASHELLS;11240;6
245500;;SUBMISSION;INTARIAN_PEPPER_ROOT;SEASHELLS;11251;6
245800;;SUBMISSION;ASH_COATED_OSMIUM;SEASHELLS;10008;6
245900;SUBMISSION;;ASH_COATED_OSMIUM;SEASHELLS;9999;6
246400;;SUBMISSION;ASH_COATED_OSMIUM;SEASHELLS;10009;4
247600;;SUBMISSION;ASH_COATED_OSMIUM;SEASHELLS;10004;4
250500;;SUBMISSION;INTARIAN_PEPPER_ROOT;SEASHELLS;11253;3
250800;SUBMISSION;;ASH_COATED_OSMIUM;SEASHELLS;9993;5
251100;;SUBMISSION;ASH_COATED_OSMIUM;SEASHELLS;10001;5
251700;SUBMISSION;;ASH_COATED_OSMIUM;SEASHELLS;9993;10
252600;;SUBMISSION;ASH_COATED_OSMIUM;SEASHELLS;10002;9
253300;SUBMISSION;;ASH_COATED_OSMIUM;SEASHELLS;9993;7
254500;;SUBMISSION;ASH_COATED_OSMIUM;SEASHELLS;10002;8
258400;;SUBMISSION;INTARIAN_PEPPER_ROOT;SEASHELLS;11261;6
259200;;SUBMISSION;INTARIAN_PEPPER_ROOT;SEASHELLS;11264;7
262200;SUBMISSION;;ASH_COATED_OSMIUM;SEASHELLS;9995;2
262300;;SUBMISSION;ASH_COATED_OSMIUM;SEASHELLS;10009;2
263800;SUBMISSION;;INTARIAN_PEPPER_ROOT;SEASHELLS;11259;6
263900;SUBMISSION;;INTARIAN_PEPPER_ROOT;SEASHELLS;11259;6
264300;SUBMISSION;;ASH_COATED_OSMIUM;SEASHELLS;9998;10
266400;SUBMISSION;;ASH_COATED_OSMIUM;SEASHELLS;9997;10
269500;SUBMISSION;;ASH_COATED_OSMIUM;SEASHELLS;10000;4
269600;SUBMISSION;;INTARIAN_PEPPER_ROOT;SEASHELLS;11264;7
272700;SUBMISSION;;INTARIAN_PEPPER_ROOT;SEASHELLS;11269;6
273200;SUBMISSION;;ASH_COATED_OSMIUM;SEASHELLS;9994;6
273300;SUBMISSION;;INTARIAN_PEPPER_ROOT;SEASHELLS;11265;5
273700;SUBMISSION;;INTARIAN_PEPPER_ROOT;SEASHELLS;11269;3
274100;SUBMISSION;;INTARIAN_PEPPER_ROOT;SEASHELLS;11270;6
274200;SUBMISSION;;ASH_COATED_OSMIUM;SEASHELLS;9990;6
275300;SUBMISSION;;ASH_COATED_OSMIUM;SEASHELLS;9995;7
275900;SUBMISSION;;INTARIAN_PEPPER_ROOT;SEASHELLS;11271;7
276000;;SUBMISSION;INTARIAN_PEPPER_ROOT;SEASHELLS;11273;2
277400;;SUBMISSION;INTARIAN_PEPPER_ROOT;SEASHELLS;11280;7
277500;;SUBMISSION;ASH_COATED_OSMIUM;SEASHELLS;10004;5
279400;;SUBMISSION;INTARIAN_PEPPER_ROOT;SEASHELLS;11282;5
279800;SUBMISSION;;ASH_COATED_OSMIUM;SEASHELLS;9993;4
280000;;SUBMISSION;INTARIAN_PEPPER_ROOT;SEASHELLS;11283;4
280500;;SUBMISSION;ASH_COATED_OSMIUM;SEASHELLS;10005;5
280700;;SUBMISSION;ASH_COATED_OSMIUM;SEASHELLS;10007;5
282100;;SUBMISSION;INTARIAN_PEPPER_ROOT;SEASHELLS;11285;4
282400;SUBMISSION;;ASH_COATED_OSMIUM;SEASHELLS;9993;9
283800;;SUBMISSION;INTARIAN_PEPPER_ROOT;SEASHELLS;11287;6
284800;SUBMISSION;;INTARIAN_PEPPER_ROOT;SEASHELLS;11281;7
285200;;SUBMISSION;ASH_COATED_OSMIUM;SEASHELLS;10006;6
286300;SUBMISSION;;INTARIAN_PEPPER_ROOT;SEASHELLS;11282;7
287400;;SUBMISSION;INTARIAN_PEPPER_ROOT;SEASHELLS;11290;5
288100;SUBMISSION;;ASH_COATED_OSMIUM;SEASHELLS;9990;5
288700;SUBMISSION;;ASH_COATED_OSMIUM;SEASHELLS;9990;10
289600;;SUBMISSION;INTARIAN_PEPPER_ROOT;SEASHELLS;11295;7
290500;SUBMISSION;;ASH_COATED_OSMIUM;SEASHELLS;9989;6
291800;SUBMISSION;;ASH_COATED_OSMIUM;SEASHELLS;9987;6
292600;SUBMISSION;;ASH_COATED_OSMIUM;SEASHELLS;9993;4
296500;;SUBMISSION;INTARIAN_PEPPER_ROOT;SEASHELLS;11299;4
297200;SUBMISSION;;ASH_COATED_OSMIUM;SEASHELLS;9998;2
298800;;SUBMISSION;INTARIAN_PEPPER_ROOT;SEASHELLS;11302;7
299100;;SUBMISSION;INTARIAN_PEPPER_ROOT;SEASHELLS;11302;4
301200;SUBMISSION;;INTARIAN_PEPPER_ROOT;SEASHELLS;11297;8
302100;;SUBMISSION;INTARIAN_PEPPER_ROOT;SEASHELLS;11305;8
302500;SUBMISSION;;INTARIAN_PEPPER_ROOT;SEASHELLS;11299;8
302900;SUBMISSION;;ASH_COATED_OSMIUM;SEASHELLS;9994;7
303200;SUBMISSION;;INTARIAN_PEPPER_ROOT;SEASHELLS;11298;7
306200;SUBMISSION;;ASH_COATED_OSMIUM;SEASHELLS;9993;9
307100;;SUBMISSION;INTARIAN_PEPPER_ROOT;SEASHELLS;11310;4
307800;;SUBMISSION;ASH_COATED_OSMIUM;SEASHELLS;10010;6
308100;SUBMISSION;;ASH_COATED_OSMIUM;SEASHELLS;9996;3
309100;SUBMISSION;;INTARIAN_PEPPER_ROOT;SEASHELLS;11301;5
309700;;SUBMISSION;INTARIAN_PEPPER_ROOT;SEASHELLS;11315;6
310200;SUBMISSION;;ASH_COATED_OSMIUM;SEASHELLS;9997;7
311400;SUBMISSION;;ASH_COATED_OSMIUM;SEASHELLS;9997;7
312300;;SUBMISSION;ASH_COATED_OSMIUM;SEASHELLS;10001;2
312600;;SUBMISSION;ASH_COATED_OSMIUM;SEASHELLS;10011;2
313200;SUBMISSION;;INTARIAN_PEPPER_ROOT;SEASHELLS;11309;6
313600;SUBMISSION;;INTARIAN_PEPPER_ROOT;SEASHELLS;11310;4
315000;;SUBMISSION;ASH_COATED_OSMIUM;SEASHELLS;10011;5
315300;SUBMISSION;;ASH_COATED_OSMIUM;SEASHELLS;9998;9
315700;;SUBMISSION;ASH_COATED_OSMIUM;SEASHELLS;10006;4
316000;;SUBMISSION;ASH_COATED_OSMIUM;SEASHELLS;10001;4
316600;SUBMISSION;;INTARIAN_PEPPER_ROOT;SEASHELLS;11311;4
316800;;SUBMISSION;ASH_COATED_OSMIUM;SEASHELLS;10001;5
317600;;SUBMISSION;ASH_COATED_OSMIUM;SEASHELLS;10005;9
318600;;SUBMISSION;ASH_COATED_OSMIUM;SEASHELLS;10006;8
320500;SUBMISSION;;INTARIAN_PEPPER_ROOT;SEASHELLS;11317;3
320700;;SUBMISSION;ASH_COATED_OSMIUM;SEASHELLS;10012;10
321200;;SUBMISSION;ASH_COATED_OSMIUM;SEASHELLS;10003;4
321300;;SUBMISSION;ASH_COATED_OSMIUM;SEASHELLS;10004;5
321500;SUBMISSION;;INTARIAN_PEPPER_ROOT;SEASHELLS;11318;3
322100;;SUBMISSION;INTARIAN_PEPPER_ROOT;SEASHELLS;11325;8
322400;;SUBMISSION;ASH_COATED_OSMIUM;SEASHELLS;10004;3
323700;;SUBMISSION;ASH_COATED_OSMIUM;SEASHELLS;10008;8
324600;SUBMISSION;;INTARIAN_PEPPER_ROOT;SEASHELLS;11319;4
325100;SUBMISSION;;INTARIAN_PEPPER_ROOT;SEASHELLS;11320;5
325600;;SUBMISSION;ASH_COATED_OSMIUM;SEASHELLS;10004;5
325900;;SUBMISSION;ASH_COATED_OSMIUM;SEASHELLS;10017;3
327600;;SUBMISSION;ASH_COATED_OSMIUM;SEASHELLS;10008;10
328700;;SUBMISSION;ASH_COATED_OSMIUM;SEASHELLS;10001;13
329200;;SUBMISSION;ASH_COATED_OSMIUM;SEASHELLS;10001;4
329700;SUBMISSION;;INTARIAN_PEPPER_ROOT;SEASHELLS;11326;4
330800;;SUBMISSION;INTARIAN_PEPPER_ROOT;SEASHELLS;11328;9
332300;SUBMISSION;;INTARIAN_PEPPER_ROOT;SEASHELLS;11328;8
337700;;SUBMISSION;INTARIAN_PEPPER_ROOT;SEASHELLS;11343;4
338300;SUBMISSION;;INTARIAN_PEPPER_ROOT;SEASHELLS;11334;6
341700;;SUBMISSION;INTARIAN_PEPPER_ROOT;SEASHELLS;11345;8
345100;SUBMISSION;;INTARIAN_PEPPER_ROOT;SEASHELLS;11341;5
349700;SUBMISSION;;ASH_COATED_OSMIUM;SEASHELLS;9993;6
350900;SUBMISSION;;INTARIAN_PEPPER_ROOT;SEASHELLS;11346;4
351600;;SUBMISSION;INTARIAN_PEPPER_ROOT;SEASHELLS;11360;4
351700;;SUBMISSION;ASH_COATED_OSMIUM;SEASHELLS;10003;5
352100;;SUBMISSION;ASH_COATED_OSMIUM;SEASHELLS;10010;1
352200;SUBMISSION;;INTARIAN_PEPPER_ROOT;SEASHELLS;11348;8
353700;;SUBMISSION;INTARIAN_PEPPER_ROOT;SEASHELLS;11348;9
353700;;SUBMISSION;INTARIAN_PEPPER_ROOT;SEASHELLS;11345;24
353900;SUBMISSION;;ASH_COATED_OSMIUM;SEASHELLS;9994;5
354300;SUBMISSION;;ASH_COATED_OSMIUM;SEASHELLS;9990;5
354900;SUBMISSION;;ASH_COATED_OSMIUM;SEASHELLS;10000;3
355200;;SUBMISSION;ASH_COATED_OSMIUM;SEASHELLS;10006;7
356300;SUBMISSION;;ASH_COATED_OSMIUM;SEASHELLS;9999;4
356400;SUBMISSION;;ASH_COATED_OSMIUM;SEASHELLS;9993;5
357300;SUBMISSION;;ASH_COATED_OSMIUM;SEASHELLS;10000;3
358000;SUBMISSION;;ASH_COATED_OSMIUM;SEASHELLS;9998;4
358400;;SUBMISSION;ASH_COATED_OSMIUM;SEASHELLS;10006;10
359000;;SUBMISSION;ASH_COATED_OSMIUM;SEASHELLS;10007;3
359500;;SUBMISSION;INTARIAN_PEPPER_ROOT;SEASHELLS;11365;3
359600;SUBMISSION;;ASH_COATED_OSMIUM;SEASHELLS;9998;8
359900;SUBMISSION;;ASH_COATED_OSMIUM;SEASHELLS;9993;9
360800;;SUBMISSION;INTARIAN_PEPPER_ROOT;SEASHELLS;11364;5
361800;;SUBMISSION;ASH_COATED_OSMIUM;SEASHELLS;10003;9
363600;SUBMISSION;;INTARIAN_PEPPER_ROOT;SEASHELLS;11358;7
363800;SUBMISSION;;INTARIAN_PEPPER_ROOT;SEASHELLS;11359;7
364700;SUBMISSION;;INTARIAN_PEPPER_ROOT;SEASHELLS;11366;2
365100;;SUBMISSION;ASH_COATED_OSMIUM;SEASHELLS;10001;7
367800;;SUBMISSION;INTARIAN_PEPPER_ROOT;SEASHELLS;11371;5
368000;SUBMISSION;;ASH_COATED_OSMIUM;SEASHELLS;10000;7
368500;SUBMISSION;;ASH_COATED_OSMIUM;SEASHELLS;9994;3
369200;SUBMISSION;;INTARIAN_PEPPER_ROOT;SEASHELLS;11364;3
369300;;SUBMISSION;INTARIAN_PEPPER_ROOT;SEASHELLS;11372;5
371200;SUBMISSION;;INTARIAN_PEPPER_ROOT;SEASHELLS;11366;7
371400;SUBMISSION;;INTARIAN_PEPPER_ROOT;SEASHELLS;11366;7
374200;SUBMISSION;;ASH_COATED_OSMIUM;SEASHELLS;9994;10
374400;;SUBMISSION;ASH_COATED_OSMIUM;SEASHELLS;10008;8
375600;;SUBMISSION;ASH_COATED_OSMIUM;SEASHELLS;10007;4
376500;SUBMISSION;;INTARIAN_PEPPER_ROOT;SEASHELLS;11373;5
377100;;SUBMISSION;ASH_COATED_OSMIUM;SEASHELLS;10002;7
377100;;SUBMISSION;ASH_COATED_OSMIUM;SEASHELLS;10007;6
377300;;SUBMISSION;ASH_COATED_OSMIUM;SEASHELLS;10008;5
380700;SUBMISSION;;INTARIAN_PEPPER_ROOT;SEASHELLS;11377;4
380900;SUBMISSION;;ASH_COATED_OSMIUM;SEASHELLS;9997;4
381000;;SUBMISSION;ASH_COATED_OSMIUM;SEASHELLS;10001;2
382500;;SUBMISSION;INTARIAN_PEPPER_ROOT;SEASHELLS;11385;4
382900;;SUBMISSION;INTARIAN_PEPPER_ROOT;SEASHELLS;11386;7
384200;;SUBMISSION;INTARIAN_PEPPER_ROOT;SEASHELLS;11389;6
384600;;SUBMISSION;ASH_COATED_OSMIUM;SEASHELLS;10004;2
387000;;SUBMISSION;INTARIAN_PEPPER_ROOT;SEASHELLS;11390;3
387700;SUBMISSION;;ASH_COATED_OSMIUM;SEASHELLS;9998;7
388100;SUBMISSION;;ASH_COATED_OSMIUM;SEASHELLS;9995;8
388700;;SUBMISSION;INTARIAN_PEPPER_ROOT;SEASHELLS;11394;5
390300;;SUBMISSION;INTARIAN_PEPPER_ROOT;SEASHELLS;11393;6
390400;SUBMISSION;;INTARIAN_PEPPER_ROOT;SEASHELLS;11392;8
390700;;SUBMISSION;ASH_COATED_OSMIUM;SEASHELLS;10005;4
390900;SUBMISSION;;ASH_COATED_OSMIUM;SEASHELLS;9996;2
393200;SUBMISSION;;INTARIAN_PEPPER_ROOT;SEASHELLS;11389;7
393600;SUBMISSION;;ASH_COATED_OSMIUM;SEASHELLS;9998;10
396100;;SUBMISSION;ASH_COATED_OSMIUM;SEASHELLS;10004;3
397600;;SUBMISSION;INTARIAN_PEPPER_ROOT;SEASHELLS;11401;6
398800;SUBMISSION;;INTARIAN_PEPPER_ROOT;SEASHELLS;11395;5
398900;SUBMISSION;;INTARIAN_PEPPER_ROOT;SEASHELLS;11395;6
399000;SUBMISSION;;INTARIAN_PEPPER_ROOT;SEASHELLS;11395;7
400000;SUBMISSION;;INTARIAN_PEPPER_ROOT;SEASHELLS;11395;7
400300;;SUBMISSION;INTARIAN_PEPPER_ROOT;SEASHELLS;11403;8
400700;;SUBMISSION;ASH_COATED_OSMIUM;SEASHELLS;10014;4
400800;SUBMISSION;;INTARIAN_PEPPER_ROOT;SEASHELLS;11397;4
401600;;SUBMISSION;ASH_COATED_OSMIUM;SEASHELLS;10004;5
403600;;SUBMISSION;ASH_COATED_OSMIUM;SEASHELLS;10003;3
405100;;SUBMISSION;INTARIAN_PEPPER_ROOT;SEASHELLS;11410;5
405600;SUBMISSION;;ASH_COATED_OSMIUM;SEASHELLS;10000;6
405700;;SUBMISSION;ASH_COATED_OSMIUM;SEASHELLS;10009;4
406300;SUBMISSION;;ASH_COATED_OSMIUM;SEASHELLS;9993;7
406700;;SUBMISSION;INTARIAN_PEPPER_ROOT;SEASHELLS;11412;7
407300;;SUBMISSION;INTARIAN_PEPPER_ROOT;SEASHELLS;11410;6
407500;;SUBMISSION;ASH_COATED_OSMIUM;SEASHELLS;10011;5
407600;;SUBMISSION;ASH_COATED_OSMIUM;SEASHELLS;10008;8
407700;SUBMISSION;;ASH_COATED_OSMIUM;SEASHELLS;9999;10
408000;;SUBMISSION;ASH_COATED_OSMIUM;SEASHELLS;10008;2
409300;SUBMISSION;;INTARIAN_PEPPER_ROOT;SEASHELLS;11405;5
411700;SUBMISSION;;ASH_COATED_OSMIUM;SEASHELLS;9994;10
412600;SUBMISSION;;INTARIAN_PEPPER_ROOT;SEASHELLS;11407;7
413100;;SUBMISSION;ASH_COATED_OSMIUM;SEASHELLS;10009;7
413500;;SUBMISSION;INTARIAN_PEPPER_ROOT;SEASHELLS;11419;3
414100;SUBMISSION;;INTARIAN_PEPPER_ROOT;SEASHELLS;11410;8
415200;;SUBMISSION;ASH_COATED_OSMIUM;SEASHELLS;10011;5
415700;SUBMISSION;;INTARIAN_PEPPER_ROOT;SEASHELLS;11410;7
417900;SUBMISSION;;INTARIAN_PEPPER_ROOT;SEASHELLS;11413;6
418300;;SUBMISSION;ASH_COATED_OSMIUM;SEASHELLS;10008;5
420300;SUBMISSION;;ASH_COATED_OSMIUM;SEASHELLS;10000;2
420500;;SUBMISSION;INTARIAN_PEPPER_ROOT;SEASHELLS;11414;9
420600;SUBMISSION;;INTARIAN_PEPPER_ROOT;SEASHELLS;11415;7
420700;SUBMISSION;;ASH_COATED_OSMIUM;SEASHELLS;9997;4
421100;SUBMISSION;;INTARIAN_PEPPER_ROOT;SEASHELLS;11416;3
422400;;SUBMISSION;INTARIAN_PEPPER_ROOT;SEASHELLS;11420;11
423200;SUBMISSION;;INTARIAN_PEPPER_ROOT;SEASHELLS;11418;6
423400;SUBMISSION;;ASH_COATED_OSMIUM;SEASHELLS;9995;6
423900;SUBMISSION;;ASH_COATED_OSMIUM;SEASHELLS;9996;2
424300;SUBMISSION;;ASH_COATED_OSMIUM;SEASHELLS;9995;6
424400;SUBMISSION;;ASH_COATED_OSMIUM;SEASHELLS;9995;6
424800;SUBMISSION;;INTARIAN_PEPPER_ROOT;SEASHELLS;11421;6
424900;;SUBMISSION;ASH_COATED_OSMIUM;SEASHELLS;10008;3
426300;SUBMISSION;;ASH_COATED_OSMIUM;SEASHELLS;9992;4
426300;;SUBMISSION;INTARIAN_PEPPER_ROOT;SEASHELLS;11424;11
426900;SUBMISSION;;ASH_COATED_OSMIUM;SEASHELLS;9999;6
428300;;SUBMISSION;ASH_COATED_OSMIUM;SEASHELLS;10009;5
429400;;SUBMISSION;INTARIAN_PEPPER_ROOT;SEASHELLS;11432;4
429600;SUBMISSION;;INTARIAN_PEPPER_ROOT;SEASHELLS;11426;3
430400;;SUBMISSION;ASH_COATED_OSMIUM;SEASHELLS;10003;4
430900;;SUBMISSION;ASH_COATED_OSMIUM;SEASHELLS;10013;5
431500;;SUBMISSION;INTARIAN_PEPPER_ROOT;SEASHELLS;11429;9
431600;SUBMISSION;;INTARIAN_PEPPER_ROOT;SEASHELLS;11426;7
432300;SUBMISSION;;INTARIAN_PEPPER_ROOT;SEASHELLS;11427;7
432700;;SUBMISSION;INTARIAN_PEPPER_ROOT;SEASHELLS;11430;6
433200;SUBMISSION;;ASH_COATED_OSMIUM;SEASHELLS;9997;4
435200;;SUBMISSION;ASH_COATED_OSMIUM;SEASHELLS;10012;6
435500;;SUBMISSION;INTARIAN_PEPPER_ROOT;SEASHELLS;11438;5
435600;SUBMISSION;;INTARIAN_PEPPER_ROOT;SEASHELLS;11432;5
436500;SUBMISSION;;INTARIAN_PEPPER_ROOT;SEASHELLS;11431;3
437200;;SUBMISSION;INTARIAN_PEPPER_ROOT;SEASHELLS;11440;6
438300;;SUBMISSION;ASH_COATED_OSMIUM;SEASHELLS;10003;4
438400;;SUBMISSION;ASH_COATED_OSMIUM;SEASHELLS;10003;2
438600;SUBMISSION;;ASH_COATED_OSMIUM;SEASHELLS;9999;8
440400;;SUBMISSION;ASH_COATED_OSMIUM;SEASHELLS;10009;7
441900;;SUBMISSION;ASH_COATED_OSMIUM;SEASHELLS;10004;3
442500;SUBMISSION;;INTARIAN_PEPPER_ROOT;SEASHELLS;11439;7
443100;;SUBMISSION;INTARIAN_PEPPER_ROOT;SEASHELLS;11446;3
444300;SUBMISSION;;ASH_COATED_OSMIUM;SEASHELLS;9998;3
446400;;SUBMISSION;INTARIAN_PEPPER_ROOT;SEASHELLS;11444;6
448800;SUBMISSION;;INTARIAN_PEPPER_ROOT;SEASHELLS;11445;6
451100;;SUBMISSION;ASH_COATED_OSMIUM;SEASHELLS;10001;3
453300;;SUBMISSION;ASH_COATED_OSMIUM;SEASHELLS;10002;3
454100;;SUBMISSION;ASH_COATED_OSMIUM;SEASHELLS;10013;6
454400;;SUBMISSION;INTARIAN_PEPPER_ROOT;SEASHELLS;11457;7
455400;;SUBMISSION;INTARIAN_PEPPER_ROOT;SEASHELLS;11463;5
457500;;SUBMISSION;INTARIAN_PEPPER_ROOT;SEASHELLS;11463;5
457600;;SUBMISSION;INTARIAN_PEPPER_ROOT;SEASHELLS;11463;4
457900;;SUBMISSION;ASH_COATED_OSMIUM;SEASHELLS;10003;5
460000;SUBMISSION;;INTARIAN_PEPPER_ROOT;SEASHELLS;11455;6
460400;;SUBMISSION;INTARIAN_PEPPER_ROOT;SEASHELLS;11463;3
460700;;SUBMISSION;INTARIAN_PEPPER_ROOT;SEASHELLS;11464;7
464100;SUBMISSION;;INTARIAN_PEPPER_ROOT;SEASHELLS;11459;6
464900;;SUBMISSION;INTARIAN_PEPPER_ROOT;SEASHELLS;11468;6
465200;;SUBMISSION;INTARIAN_PEPPER_ROOT;SEASHELLS;11468;5
469000;SUBMISSION;;ASH_COATED_OSMIUM;SEASHELLS;9994;2
469000;;SUBMISSION;INTARIAN_PEPPER_ROOT;SEASHELLS;11474;7
470900;SUBMISSION;;INTARIAN_PEPPER_ROOT;SEASHELLS;11466;7
472200;;SUBMISSION;INTARIAN_PEPPER_ROOT;SEASHELLS;11475;6
474500;SUBMISSION;;INTARIAN_PEPPER_ROOT;SEASHELLS;11471;6
476700;;SUBMISSION;ASH_COATED_OSMIUM;SEASHELLS;10009;2
477600;SUBMISSION;;ASH_COATED_OSMIUM;SEASHELLS;9994;10
478600;;SUBMISSION;INTARIAN_PEPPER_ROOT;SEASHELLS;11482;6
480400;SUBMISSION;;INTARIAN_PEPPER_ROOT;SEASHELLS;11482;8
483900;;SUBMISSION;ASH_COATED_OSMIUM;SEASHELLS;10008;4
484200;SUBMISSION;;INTARIAN_PEPPER_ROOT;SEASHELLS;11479;6
484500;;SUBMISSION;ASH_COATED_OSMIUM;SEASHELLS;10002;6
487100;SUBMISSION;;ASH_COATED_OSMIUM;SEASHELLS;9995;3
487300;;SUBMISSION;ASH_COATED_OSMIUM;SEASHELLS;10004;3
488600;SUBMISSION;;ASH_COATED_OSMIUM;SEASHELLS;9993;9
488700;;SUBMISSION;INTARIAN_PEPPER_ROOT;SEASHELLS;11494;3
488800;SUBMISSION;;INTARIAN_PEPPER_ROOT;SEASHELLS;11484;5
490000;SUBMISSION;;INTARIAN_PEPPER_ROOT;SEASHELLS;11486;3
491600;;SUBMISSION;ASH_COATED_OSMIUM;SEASHELLS;10009;2
492600;SUBMISSION;;ASH_COATED_OSMIUM;SEASHELLS;9996;5
492700;SUBMISSION;;INTARIAN_PEPPER_ROOT;SEASHELLS;11489;7
492900;SUBMISSION;;INTARIAN_PEPPER_ROOT;SEASHELLS;11489;5
493400;;SUBMISSION;ASH_COATED_OSMIUM;SEASHELLS;10006;10
494600;SUBMISSION;;INTARIAN_PEPPER_ROOT;SEASHELLS;11486;5
494900;;SUBMISSION;INTARIAN_PEPPER_ROOT;SEASHELLS;11500;3
495500;;SUBMISSION;ASH_COATED_OSMIUM;SEASHELLS;10003;2
495800;SUBMISSION;;ASH_COATED_OSMIUM;SEASHELLS;9998;9
496100;SUBMISSION;;ASH_COATED_OSMIUM;SEASHELLS;9998;3
496500;;SUBMISSION;INTARIAN_PEPPER_ROOT;SEASHELLS;11499;6
496800;SUBMISSION;;INTARIAN_PEPPER_ROOT;SEASHELLS;11493;3
497200;SUBMISSION;;INTARIAN_PEPPER_ROOT;SEASHELLS;11489;4
497500;;SUBMISSION;ASH_COATED_OSMIUM;SEASHELLS;10001;2
497800;;SUBMISSION;INTARIAN_PEPPER_ROOT;SEASHELLS;11503;5
498800;;SUBMISSION;INTARIAN_PEPPER_ROOT;SEASHELLS;11502;3
500000;;SUBMISSION;ASH_COATED_OSMIUM;SEASHELLS;10010;5
500300;;SUBMISSION;INTARIAN_PEPPER_ROOT;SEASHELLS;11506;6
500600;;SUBMISSION;ASH_COATED_OSMIUM;SEASHELLS;10001;4
502900;SUBMISSION;;ASH_COATED_OSMIUM;SEASHELLS;10000;5
503500;SUBMISSION;;ASH_COATED_OSMIUM;SEASHELLS;9995;4
503800;;SUBMISSION;INTARIAN_PEPPER_ROOT;SEASHELLS;11509;4
504900;SUBMISSION;;INTARIAN_PEPPER_ROOT;SEASHELLS;11500;4
505900;SUBMISSION;;ASH_COATED_OSMIUM;SEASHELLS;9994;4
506600;;SUBMISSION;ASH_COATED_OSMIUM;SEASHELLS;10008;6
506800;;SUBMISSION;ASH_COATED_OSMIUM;SEASHELLS;10003;5
507700;SUBMISSION;;INTARIAN_PEPPER_ROOT;SEASHELLS;11502;6
508100;;SUBMISSION;ASH_COATED_OSMIUM;SEASHELLS;10001;2
508700;;SUBMISSION;INTARIAN_PEPPER_ROOT;SEASHELLS;11514;5
508800;;SUBMISSION;INTARIAN_PEPPER_ROOT;SEASHELLS;11514;5
509600;SUBMISSION;;INTARIAN_PEPPER_ROOT;SEASHELLS;11504;4
509900;SUBMISSION;;ASH_COATED_OSMIUM;SEASHELLS;9996;2
510400;SUBMISSION;;ASH_COATED_OSMIUM;SEASHELLS;9996;6
511000;;SUBMISSION;ASH_COATED_OSMIUM;SEASHELLS;10004;4
512100;;SUBMISSION;INTARIAN_PEPPER_ROOT;SEASHELLS;11515;6
512300;;SUBMISSION;ASH_COATED_OSMIUM;SEASHELLS;10005;5
513000;SUBMISSION;;INTARIAN_PEPPER_ROOT;SEASHELLS;11509;7
514300;;SUBMISSION;INTARIAN_PEPPER_ROOT;SEASHELLS;11517;6
516600;SUBMISSION;;ASH_COATED_OSMIUM;SEASHELLS;9997;4
516700;;SUBMISSION;INTARIAN_PEPPER_ROOT;SEASHELLS;11522;6
517200;;SUBMISSION;ASH_COATED_OSMIUM;SEASHELLS;10006;4
517700;SUBMISSION;;INTARIAN_PEPPER_ROOT;SEASHELLS;11512;7
519200;SUBMISSION;;INTARIAN_PEPPER_ROOT;SEASHELLS;11514;6
522400;SUBMISSION;;ASH_COATED_OSMIUM;SEASHELLS;9996;5
523100;;SUBMISSION;ASH_COATED_OSMIUM;SEASHELLS;10002;5
523400;SUBMISSION;;INTARIAN_PEPPER_ROOT;SEASHELLS;11518;6
524600;SUBMISSION;;INTARIAN_PEPPER_ROOT;SEASHELLS;11521;3
524700;;SUBMISSION;INTARIAN_PEPPER_ROOT;SEASHELLS;11528;7
525200;SUBMISSION;;ASH_COATED_OSMIUM;SEASHELLS;9996;5
525500;SUBMISSION;;INTARIAN_PEPPER_ROOT;SEASHELLS;11517;6
527900;;SUBMISSION;ASH_COATED_OSMIUM;SEASHELLS;10010;5
529400;;SUBMISSION;INTARIAN_PEPPER_ROOT;SEASHELLS;11535;3
532300;;SUBMISSION;INTARIAN_PEPPER_ROOT;SEASHELLS;11535;5
534000;;SUBMISSION;INTARIAN_PEPPER_ROOT;SEASHELLS;11537;4
534100;SUBMISSION;;ASH_COATED_OSMIUM;SEASHELLS;9995;2
534100;;SUBMISSION;INTARIAN_PEPPER_ROOT;SEASHELLS;11537;4
535800;SUBMISSION;;ASH_COATED_OSMIUM;SEASHELLS;9995;5
536000;SUBMISSION;;ASH_COATED_OSMIUM;SEASHELLS;9995;4
537800;;SUBMISSION;INTARIAN_PEPPER_ROOT;SEASHELLS;11541;7
538700;SUBMISSION;;ASH_COATED_OSMIUM;SEASHELLS;9996;6
538800;;SUBMISSION;ASH_COATED_OSMIUM;SEASHELLS;10005;5
539500;SUBMISSION;;INTARIAN_PEPPER_ROOT;SEASHELLS;11541;10
540300;SUBMISSION;;ASH_COATED_OSMIUM;SEASHELLS;9996;9
540300;SUBMISSION;;INTARIAN_PEPPER_ROOT;SEASHELLS;11536;7
541900;;SUBMISSION;ASH_COATED_OSMIUM;SEASHELLS;10006;5
543100;;SUBMISSION;INTARIAN_PEPPER_ROOT;SEASHELLS;11548;5
543300;;SUBMISSION;INTARIAN_PEPPER_ROOT;SEASHELLS;11546;8
544200;SUBMISSION;;INTARIAN_PEPPER_ROOT;SEASHELLS;11536;3
545000;SUBMISSION;;ASH_COATED_OSMIUM;SEASHELLS;9992;6
546700;SUBMISSION;;ASH_COATED_OSMIUM;SEASHELLS;9998;4
546900;SUBMISSION;;INTARIAN_PEPPER_ROOT;SEASHELLS;11543;5
547500;SUBMISSION;;INTARIAN_PEPPER_ROOT;SEASHELLS;11542;6
547600;;SUBMISSION;ASH_COATED_OSMIUM;SEASHELLS;10005;2
547800;;SUBMISSION;INTARIAN_PEPPER_ROOT;SEASHELLS;11556;5
548100;;SUBMISSION;ASH_COATED_OSMIUM;SEASHELLS;10008;4
548800;SUBMISSION;;ASH_COATED_OSMIUM;SEASHELLS;9996;8
549100;SUBMISSION;;ASH_COATED_OSMIUM;SEASHELLS;9999;4
549600;;SUBMISSION;ASH_COATED_OSMIUM;SEASHELLS;10004;10
550200;;SUBMISSION;INTARIAN_PEPPER_ROOT;SEASHELLS;11553;4
550300;SUBMISSION;;INTARIAN_PEPPER_ROOT;SEASHELLS;11546;5
552200;SUBMISSION;;INTARIAN_PEPPER_ROOT;SEASHELLS;11548;3
553200;SUBMISSION;;INTARIAN_PEPPER_ROOT;SEASHELLS;11548;5
553500;;SUBMISSION;INTARIAN_PEPPER_ROOT;SEASHELLS;11556;4
554600;SUBMISSION;;INTARIAN_PEPPER_ROOT;SEASHELLS;11551;3
555600;;SUBMISSION;INTARIAN_PEPPER_ROOT;SEASHELLS;11559;3
556800;SUBMISSION;;ASH_COATED_OSMIUM;SEASHELLS;10000;5
556900;;SUBMISSION;INTARIAN_PEPPER_ROOT;SEASHELLS;11551;8
558100;SUBMISSION;;ASH_COATED_OSMIUM;SEASHELLS;9999;2
558700;SUBMISSION;;ASH_COATED_OSMIUM;SEASHELLS;9999;4
559500;SUBMISSION;;ASH_COATED_OSMIUM;SEASHELLS;9998;4
559700;SUBMISSION;;ASH_COATED_OSMIUM;SEASHELLS;9998;3
560900;;SUBMISSION;INTARIAN_PEPPER_ROOT;SEASHELLS;11564;3
562200;SUBMISSION;;ASH_COATED_OSMIUM;SEASHELLS;9990;2
562800;;SUBMISSION;INTARIAN_PEPPER_ROOT;SEASHELLS;11566;4
564100;SUBMISSION;;INTARIAN_PEPPER_ROOT;SEASHELLS;11559;7
564200;SUBMISSION;;ASH_COATED_OSMIUM;SEASHELLS;9997;5
564800;SUBMISSION;;ASH_COATED_OSMIUM;SEASHELLS;9988;4
567500;SUBMISSION;;ASH_COATED_OSMIUM;SEASHELLS;9994;7
567700;SUBMISSION;;ASH_COATED_OSMIUM;SEASHELLS;9990;4
570300;SUBMISSION;;ASH_COATED_OSMIUM;SEASHELLS;9997;8
571600;;SUBMISSION;ASH_COATED_OSMIUM;SEASHELLS;10007;5
572700;;SUBMISSION;ASH_COATED_OSMIUM;SEASHELLS;10007;3
573000;SUBMISSION;;ASH_COATED_OSMIUM;SEASHELLS;9992;5
573400;;SUBMISSION;ASH_COATED_OSMIUM;SEASHELLS;10006;3
574700;;SUBMISSION;INTARIAN_PEPPER_ROOT;SEASHELLS;11580;6
575700;;SUBMISSION;ASH_COATED_OSMIUM;SEASHELLS;10007;3
575700;SUBMISSION;;INTARIAN_PEPPER_ROOT;SEASHELLS;11572;3
576500;SUBMISSION;;INTARIAN_PEPPER_ROOT;SEASHELLS;11571;5
577000;SUBMISSION;;ASH_COATED_OSMIUM;SEASHELLS;9997;4
577300;SUBMISSION;;INTARIAN_PEPPER_ROOT;SEASHELLS;11573;3
578000;SUBMISSION;;INTARIAN_PEPPER_ROOT;SEASHELLS;11574;8
578900;SUBMISSION;;ASH_COATED_OSMIUM;SEASHELLS;9997;6
579700;SUBMISSION;;INTARIAN_PEPPER_ROOT;SEASHELLS;11576;4
581000;SUBMISSION;;ASH_COATED_OSMIUM;SEASHELLS;9990;6
582600;;SUBMISSION;ASH_COATED_OSMIUM;SEASHELLS;10006;4
584700;;SUBMISSION;ASH_COATED_OSMIUM;SEASHELLS;10002;10
585900;SUBMISSION;;INTARIAN_PEPPER_ROOT;SEASHELLS;11582;6
586300;;SUBMISSION;ASH_COATED_OSMIUM;SEASHELLS;10002;4
586900;;SUBMISSION;INTARIAN_PEPPER_ROOT;SEASHELLS;11590;7
587000;;SUBMISSION;ASH_COATED_OSMIUM;SEASHELLS;10007;6
588200;;SUBMISSION;ASH_COATED_OSMIUM;SEASHELLS;10002;3
589500;SUBMISSION;;ASH_COATED_OSMIUM;SEASHELLS;9993;3
589600;SUBMISSION;;ASH_COATED_OSMIUM;SEASHELLS;9998;6
590300;;SUBMISSION;ASH_COATED_OSMIUM;SEASHELLS;10002;8
590700;;SUBMISSION;INTARIAN_PEPPER_ROOT;SEASHELLS;11594;8
591500;SUBMISSION;;ASH_COATED_OSMIUM;SEASHELLS;9999;9
591600;SUBMISSION;;INTARIAN_PEPPER_ROOT;SEASHELLS;11588;7
592100;SUBMISSION;;ASH_COATED_OSMIUM;SEASHELLS;9993;5
593200;SUBMISSION;;INTARIAN_PEPPER_ROOT;SEASHELLS;11589;4
594000;SUBMISSION;;ASH_COATED_OSMIUM;SEASHELLS;9990;6
596100;SUBMISSION;;ASH_COATED_OSMIUM;SEASHELLS;9991;9
596200;SUBMISSION;;ASH_COATED_OSMIUM;SEASHELLS;9999;4
597000;;SUBMISSION;ASH_COATED_OSMIUM;SEASHELLS;10000;4
597100;;SUBMISSION;INTARIAN_PEPPER_ROOT;SEASHELLS;11602;6
598000;SUBMISSION;;ASH_COATED_OSMIUM;SEASHELLS;9991;6
598100;;SUBMISSION;ASH_COATED_OSMIUM;SEASHELLS;10001;4
598600;SUBMISSION;;ASH_COATED_OSMIUM;SEASHELLS;9997;8
599200;;SUBMISSION;ASH_COATED_OSMIUM;SEASHELLS;10002;10
599600;;SUBMISSION;INTARIAN_PEPPER_ROOT;SEASHELLS;11605;4
602100;;SUBMISSION;ASH_COATED_OSMIUM;SEASHELLS;10001;4
602300;SUBMISSION;;INTARIAN_PEPPER_ROOT;SEASHELLS;11597;3
603200;SUBMISSION;;ASH_COATED_OSMIUM;SEASHELLS;9997;6
604900;;SUBMISSION;INTARIAN_PEPPER_ROOT;SEASHELLS;11608;8
605600;;SUBMISSION;ASH_COATED_OSMIUM;SEASHELLS;10007;5
605800;SUBMISSION;;INTARIAN_PEPPER_ROOT;SEASHELLS;11598;5
606500;SUBMISSION;;INTARIAN_PEPPER_ROOT;SEASHELLS;11603;6
607000;;SUBMISSION;ASH_COATED_OSMIUM;SEASHELLS;10007;2
607000;SUBMISSION;;INTARIAN_PEPPER_ROOT;SEASHELLS;11603;4
607900;;SUBMISSION;INTARIAN_PEPPER_ROOT;SEASHELLS;11611;3
610000;SUBMISSION;;ASH_COATED_OSMIUM;SEASHELLS;9999;9
610200;SUBMISSION;;ASH_COATED_OSMIUM;SEASHELLS;9995;8
611000;SUBMISSION;;INTARIAN_PEPPER_ROOT;SEASHELLS;11607;4
611100;;SUBMISSION;INTARIAN_PEPPER_ROOT;SEASHELLS;11616;5
611300;;SUBMISSION;ASH_COATED_OSMIUM;SEASHELLS;10005;4
614900;SUBMISSION;;ASH_COATED_OSMIUM;SEASHELLS;9996;5
615700;;SUBMISSION;ASH_COATED_OSMIUM;SEASHELLS;10005;4
617100;SUBMISSION;;ASH_COATED_OSMIUM;SEASHELLS;9999;5
617700;SUBMISSION;;INTARIAN_PEPPER_ROOT;SEASHELLS;11614;3
617800;SUBMISSION;;INTARIAN_PEPPER_ROOT;SEASHELLS;11612;6
618000;;SUBMISSION;ASH_COATED_OSMIUM;SEASHELLS;10009;6
620100;SUBMISSION;;INTARIAN_PEPPER_ROOT;SEASHELLS;11615;6
620400;SUBMISSION;;ASH_COATED_OSMIUM;SEASHELLS;9995;6
621600;;SUBMISSION;INTARIAN_PEPPER_ROOT;SEASHELLS;11625;8
621900;SUBMISSION;;ASH_COATED_OSMIUM;SEASHELLS;9999;7
621900;SUBMISSION;;ASH_COATED_OSMIUM;SEASHELLS;9995;2
622100;SUBMISSION;;INTARIAN_PEPPER_ROOT;SEASHELLS;11617;7
622700;;SUBMISSION;ASH_COATED_OSMIUM;SEASHELLS;10001;2
623600;SUBMISSION;;INTARIAN_PEPPER_ROOT;SEASHELLS;11618;3
623800;;SUBMISSION;INTARIAN_PEPPER_ROOT;SEASHELLS;11621;8
624000;;SUBMISSION;ASH_COATED_OSMIUM;SEASHELLS;10002;4
627500;;SUBMISSION;INTARIAN_PEPPER_ROOT;SEASHELLS;11633;4
628200;SUBMISSION;;ASH_COATED_OSMIUM;SEASHELLS;9995;4
628200;SUBMISSION;;INTARIAN_PEPPER_ROOT;SEASHELLS;11623;5
628500;;SUBMISSION;ASH_COATED_OSMIUM;SEASHELLS;10009;7
630300;;SUBMISSION;INTARIAN_PEPPER_ROOT;SEASHELLS;11636;4
631800;SUBMISSION;;INTARIAN_PEPPER_ROOT;SEASHELLS;11626;7
636500;;SUBMISSION;ASH_COATED_OSMIUM;SEASHELLS;10002;2
636500;;SUBMISSION;ASH_COATED_OSMIUM;SEASHELLS;10000;2
636500;;SUBMISSION;ASH_COATED_OSMIUM;SEASHELLS;10012;4
636700;;SUBMISSION;INTARIAN_PEPPER_ROOT;SEASHELLS;11642;5
637800;;SUBMISSION;ASH_COATED_OSMIUM;SEASHELLS;10012;5
637800;;SUBMISSION;INTARIAN_PEPPER_ROOT;SEASHELLS;11641;6
637900;;SUBMISSION;INTARIAN_PEPPER_ROOT;SEASHELLS;11641;6
639300;;SUBMISSION;INTARIAN_PEPPER_ROOT;SEASHELLS;11642;6
640900;;SUBMISSION;INTARIAN_PEPPER_ROOT;SEASHELLS;11644;5
641400;;SUBMISSION;INTARIAN_PEPPER_ROOT;SEASHELLS;11647;3
642000;SUBMISSION;;INTARIAN_PEPPER_ROOT;SEASHELLS;11638;4
643800;SUBMISSION;;ASH_COATED_OSMIUM;SEASHELLS;9997;5
644200;;SUBMISSION;ASH_COATED_OSMIUM;SEASHELLS;10012;5
644600;;SUBMISSION;ASH_COATED_OSMIUM;SEASHELLS;10012;8
644700;;SUBMISSION;ASH_COATED_OSMIUM;SEASHELLS;10002;2
647000;;SUBMISSION;ASH_COATED_OSMIUM;SEASHELLS;10013;4
647400;;SUBMISSION;ASH_COATED_OSMIUM;SEASHELLS;10014;5
647500;;SUBMISSION;INTARIAN_PEPPER_ROOT;SEASHELLS;11650;7
648800;SUBMISSION;;INTARIAN_PEPPER_ROOT;SEASHELLS;11645;3
649200;SUBMISSION;;INTARIAN_PEPPER_ROOT;SEASHELLS;11645;5
649900;;SUBMISSION;ASH_COATED_OSMIUM;SEASHELLS;10014;6
650300;SUBMISSION;;ASH_COATED_OSMIUM;SEASHELLS;9997;9
651200;SUBMISSION;;INTARIAN_PEPPER_ROOT;SEASHELLS;11646;7
651300;;SUBMISSION;ASH_COATED_OSMIUM;SEASHELLS;10014;6
652400;;SUBMISSION;INTARIAN_PEPPER_ROOT;SEASHELLS;11658;5
652600;;SUBMISSION;ASH_COATED_OSMIUM;SEASHELLS;10001;10
654000;;SUBMISSION;INTARIAN_PEPPER_ROOT;SEASHELLS;11657;6
654500;;SUBMISSION;ASH_COATED_OSMIUM;SEASHELLS;10014;5
654500;SUBMISSION;;INTARIAN_PEPPER_ROOT;SEASHELLS;11651;8
654700;;SUBMISSION;ASH_COATED_OSMIUM;SEASHELLS;10003;4
655200;SUBMISSION;;INTARIAN_PEPPER_ROOT;SEASHELLS;11650;5
655800;SUBMISSION;;INTARIAN_PEPPER_ROOT;SEASHELLS;11652;5
656300;;SUBMISSION;ASH_COATED_OSMIUM;SEASHELLS;10003;7
656600;;SUBMISSION;INTARIAN_PEPPER_ROOT;SEASHELLS;11660;3
658300;;SUBMISSION;ASH_COATED_OSMIUM;SEASHELLS;10006;5
658600;;SUBMISSION;ASH_COATED_OSMIUM;SEASHELLS;10001;12
658800;;SUBMISSION;ASH_COATED_OSMIUM;SEASHELLS;10001;11
658900;;SUBMISSION;ASH_COATED_OSMIUM;SEASHELLS;10001;5
659100;SUBMISSION;;INTARIAN_PEPPER_ROOT;SEASHELLS;11655;5
663600;SUBMISSION;;INTARIAN_PEPPER_ROOT;SEASHELLS;11658;4
665000;;SUBMISSION;INTARIAN_PEPPER_ROOT;SEASHELLS;11670;7
666000;;SUBMISSION;INTARIAN_PEPPER_ROOT;SEASHELLS;11671;4
667300;SUBMISSION;;INTARIAN_PEPPER_ROOT;SEASHELLS;11663;3
668200;SUBMISSION;;INTARIAN_PEPPER_ROOT;SEASHELLS;11663;6
668300;;SUBMISSION;INTARIAN_PEPPER_ROOT;SEASHELLS;11671;8
671000;;SUBMISSION;INTARIAN_PEPPER_ROOT;SEASHELLS;11674;6
671600;SUBMISSION;;INTARIAN_PEPPER_ROOT;SEASHELLS;11668;3
672400;;SUBMISSION;INTARIAN_PEPPER_ROOT;SEASHELLS;11675;6
678800;;SUBMISSION;INTARIAN_PEPPER_ROOT;SEASHELLS;11682;3
679900;;SUBMISSION;INTARIAN_PEPPER_ROOT;SEASHELLS;11688;4
684400;;SUBMISSION;INTARIAN_PEPPER_ROOT;SEASHELLS;11687;3
685900;SUBMISSION;;INTARIAN_PEPPER_ROOT;SEASHELLS;11681;5
686100;SUBMISSION;;INTARIAN_PEPPER_ROOT;SEASHELLS;11682;3
689500;SUBMISSION;;INTARIAN_PEPPER_ROOT;SEASHELLS;11684;6
689700;SUBMISSION;;ASH_COATED_OSMIUM;SEASHELLS;9999;6
689700;SUBMISSION;;INTARIAN_PEPPER_ROOT;SEASHELLS;11686;4
690500;;SUBMISSION;INTARIAN_PEPPER_ROOT;SEASHELLS;11688;5
690700;;SUBMISSION;ASH_COATED_OSMIUM;SEASHELLS;10004;2
690800;;SUBMISSION;ASH_COATED_OSMIUM;SEASHELLS;10008;4
690800;;SUBMISSION;INTARIAN_PEPPER_ROOT;SEASHELLS;11696;7
694300;SUBMISSION;;ASH_COATED_OSMIUM;SEASHELLS;9996;2
695800;SUBMISSION;;INTARIAN_PEPPER_ROOT;SEASHELLS;11690;4
696400;SUBMISSION;;INTARIAN_PEPPER_ROOT;SEASHELLS;11691;5
698800;;SUBMISSION;ASH_COATED_OSMIUM;SEASHELLS;10001;2
699500;SUBMISSION;;ASH_COATED_OSMIUM;SEASHELLS;9997;6
699800;;SUBMISSION;INTARIAN_PEPPER_ROOT;SEASHELLS;11703;5
700000;;SUBMISSION;INTARIAN_PEPPER_ROOT;SEASHELLS;11708;5
704100;SUBMISSION;;INTARIAN_PEPPER_ROOT;SEASHELLS;11700;8
704600;;SUBMISSION;INTARIAN_PEPPER_ROOT;SEASHELLS;11708;7
705000;;SUBMISSION;ASH_COATED_OSMIUM;SEASHELLS;10004;2
705600;;SUBMISSION;ASH_COATED_OSMIUM;SEASHELLS;10012;3
706200;;SUBMISSION;ASH_COATED_OSMIUM;SEASHELLS;10010;1
706500;;SUBMISSION;INTARIAN_PEPPER_ROOT;SEASHELLS;11710;6
707200;SUBMISSION;;INTARIAN_PEPPER_ROOT;SEASHELLS;11702;6
708200;SUBMISSION;;ASH_COATED_OSMIUM;SEASHELLS;9996;10
709100;;SUBMISSION;ASH_COATED_OSMIUM;SEASHELLS;10012;2
709200;SUBMISSION;;INTARIAN_PEPPER_ROOT;SEASHELLS;11705;8
709600;SUBMISSION;;INTARIAN_PEPPER_ROOT;SEASHELLS;11706;5
709800;SUBMISSION;;INTARIAN_PEPPER_ROOT;SEASHELLS;11706;6
709900;SUBMISSION;;ASH_COATED_OSMIUM;SEASHELLS;9993;5
710100;;SUBMISSION;INTARIAN_PEPPER_ROOT;SEASHELLS;11713;5
710200;;SUBMISSION;ASH_COATED_OSMIUM;SEASHELLS;10007;4
711100;SUBMISSION;;ASH_COATED_OSMIUM;SEASHELLS;9991;3
712300;SUBMISSION;;ASH_COATED_OSMIUM;SEASHELLS;10000;4
714600;;SUBMISSION;ASH_COATED_OSMIUM;SEASHELLS;10008;6
719200;SUBMISSION;;INTARIAN_PEPPER_ROOT;SEASHELLS;11714;3
720000;;SUBMISSION;INTARIAN_PEPPER_ROOT;SEASHELLS;11723;6
721400;SUBMISSION;;INTARIAN_PEPPER_ROOT;SEASHELLS;11716;3
723200;;SUBMISSION;INTARIAN_PEPPER_ROOT;SEASHELLS;11726;3
723600;SUBMISSION;;ASH_COATED_OSMIUM;SEASHELLS;9995;5
724400;;SUBMISSION;ASH_COATED_OSMIUM;SEASHELLS;10001;9
725100;;SUBMISSION;INTARIAN_PEPPER_ROOT;SEASHELLS;11728;3
726700;;SUBMISSION;ASH_COATED_OSMIUM;SEASHELLS;10001;6
727200;SUBMISSION;;ASH_COATED_OSMIUM;SEASHELLS;9992;9
727600;;SUBMISSION;INTARIAN_PEPPER_ROOT;SEASHELLS;11721;5
727600;;SUBMISSION;INTARIAN_PEPPER_ROOT;SEASHELLS;11723;3
727700;;SUBMISSION;INTARIAN_PEPPER_ROOT;SEASHELLS;11731;5
728000;;SUBMISSION;INTARIAN_PEPPER_ROOT;SEASHELLS;11731;3
729400;;SUBMISSION;ASH_COATED_OSMIUM;SEASHELLS;10006;9
729500;SUBMISSION;;ASH_COATED_OSMIUM;SEASHELLS;9992;4
729500;SUBMISSION;;ASH_COATED_OSMIUM;SEASHELLS;9992;6
730200;SUBMISSION;;INTARIAN_PEPPER_ROOT;SEASHELLS;11722;7
730700;SUBMISSION;;ASH_COATED_OSMIUM;SEASHELLS;9999;2
731900;;SUBMISSION;ASH_COATED_OSMIUM;SEASHELLS;10007;5
732100;;SUBMISSION;INTARIAN_PEPPER_ROOT;SEASHELLS;11735;3
732700;SUBMISSION;;INTARIAN_PEPPER_ROOT;SEASHELLS;11727;6
732800;;SUBMISSION;ASH_COATED_OSMIUM;SEASHELLS;10007;2
734100;SUBMISSION;;INTARIAN_PEPPER_ROOT;SEASHELLS;11729;3
735000;SUBMISSION;;ASH_COATED_OSMIUM;SEASHELLS;9998;5
735000;;SUBMISSION;INTARIAN_PEPPER_ROOT;SEASHELLS;11738;8
735600;SUBMISSION;;ASH_COATED_OSMIUM;SEASHELLS;9999;5
736300;SUBMISSION;;ASH_COATED_OSMIUM;SEASHELLS;9987;10
736400;SUBMISSION;;ASH_COATED_OSMIUM;SEASHELLS;9998;5
736500;SUBMISSION;;INTARIAN_PEPPER_ROOT;SEASHELLS;11731;4
737200;SUBMISSION;;ASH_COATED_OSMIUM;SEASHELLS;9994;10
740000;;SUBMISSION;ASH_COATED_OSMIUM;SEASHELLS;10004;2
740200;;SUBMISSION;ASH_COATED_OSMIUM;SEASHELLS;10004;9
740200;;SUBMISSION;INTARIAN_PEPPER_ROOT;SEASHELLS;11743;5
740400;SUBMISSION;;INTARIAN_PEPPER_ROOT;SEASHELLS;11736;3
740700;;SUBMISSION;INTARIAN_PEPPER_ROOT;SEASHELLS;11744;5
741500;;SUBMISSION;ASH_COATED_OSMIUM;SEASHELLS;10004;2
742300;SUBMISSION;;ASH_COATED_OSMIUM;SEASHELLS;9988;6
743100;SUBMISSION;;ASH_COATED_OSMIUM;SEASHELLS;9992;9
744200;SUBMISSION;;ASH_COATED_OSMIUM;SEASHELLS;9995;4
744200;SUBMISSION;;ASH_COATED_OSMIUM;SEASHELLS;10000;4
744400;SUBMISSION;;ASH_COATED_OSMIUM;SEASHELLS;9991;4
744800;SUBMISSION;;ASH_COATED_OSMIUM;SEASHELLS;10000;14
745000;SUBMISSION;;ASH_COATED_OSMIUM;SEASHELLS;10000;10
745200;SUBMISSION;;ASH_COATED_OSMIUM;SEASHELLS;10000;2
745300;SUBMISSION;;ASH_COATED_OSMIUM;SEASHELLS;9994;5
745600;SUBMISSION;;ASH_COATED_OSMIUM;SEASHELLS;9986;6
746100;SUBMISSION;;ASH_COATED_OSMIUM;SEASHELLS;9990;4
746400;SUBMISSION;;INTARIAN_PEPPER_ROOT;SEASHELLS;11742;6
747500;;SUBMISSION;ASH_COATED_OSMIUM;SEASHELLS;10002;2
747600;SUBMISSION;;INTARIAN_PEPPER_ROOT;SEASHELLS;11742;4
748900;;SUBMISSION;INTARIAN_PEPPER_ROOT;SEASHELLS;11754;3
749400;SUBMISSION;;ASH_COATED_OSMIUM;SEASHELLS;9992;10
750300;;SUBMISSION;INTARIAN_PEPPER_ROOT;SEASHELLS;11756;6
751000;SUBMISSION;;INTARIAN_PEPPER_ROOT;SEASHELLS;11747;6
752200;;SUBMISSION;INTARIAN_PEPPER_ROOT;SEASHELLS;11755;4
753100;SUBMISSION;;ASH_COATED_OSMIUM;SEASHELLS;9986;4
754300;SUBMISSION;;INTARIAN_PEPPER_ROOT;SEASHELLS;11749;3
754400;SUBMISSION;;ASH_COATED_OSMIUM;SEASHELLS;9999;15
754500;SUBMISSION;;ASH_COATED_OSMIUM;SEASHELLS;9999;11
754600;SUBMISSION;;ASH_COATED_OSMIUM;SEASHELLS;9999;13
754700;SUBMISSION;;ASH_COATED_OSMIUM;SEASHELLS;9999;13
754800;SUBMISSION;;ASH_COATED_OSMIUM;SEASHELLS;9999;1
755200;SUBMISSION;;INTARIAN_PEPPER_ROOT;SEASHELLS;11751;6
757000;SUBMISSION;;INTARIAN_PEPPER_ROOT;SEASHELLS;11752;4
757600;;SUBMISSION;INTARIAN_PEPPER_ROOT;SEASHELLS;11766;3
758400;;SUBMISSION;INTARIAN_PEPPER_ROOT;SEASHELLS;11764;3
760500;;SUBMISSION;INTARIAN_PEPPER_ROOT;SEASHELLS;11766;3
760600;SUBMISSION;;INTARIAN_PEPPER_ROOT;SEASHELLS;11757;3
761400;SUBMISSION;;INTARIAN_PEPPER_ROOT;SEASHELLS;11757;4
761900;;SUBMISSION;ASH_COATED_OSMIUM;SEASHELLS;10001;9
762800;SUBMISSION;;ASH_COATED_OSMIUM;SEASHELLS;9998;8
763400;SUBMISSION;;ASH_COATED_OSMIUM;SEASHELLS;9998;1
763700;;SUBMISSION;INTARIAN_PEPPER_ROOT;SEASHELLS;11769;3
767200;;SUBMISSION;INTARIAN_PEPPER_ROOT;SEASHELLS;11770;3
769400;;SUBMISSION;INTARIAN_PEPPER_ROOT;SEASHELLS;11772;5
770100;SUBMISSION;;INTARIAN_PEPPER_ROOT;SEASHELLS;11765;6
772900;SUBMISSION;;INTARIAN_PEPPER_ROOT;SEASHELLS;11768;4
775000;SUBMISSION;;INTARIAN_PEPPER_ROOT;SEASHELLS;11767;3
775200;SUBMISSION;;INTARIAN_PEPPER_ROOT;SEASHELLS;11770;7
775300;;SUBMISSION;ASH_COATED_OSMIUM;SEASHELLS;10004;10
775500;;SUBMISSION;ASH_COATED_OSMIUM;SEASHELLS;10003;7
776200;;SUBMISSION;ASH_COATED_OSMIUM;SEASHELLS;10009;4
778200;SUBMISSION;;INTARIAN_PEPPER_ROOT;SEASHELLS;11773;6
778300;SUBMISSION;;ASH_COATED_OSMIUM;SEASHELLS;9995;5
778600;;SUBMISSION;ASH_COATED_OSMIUM;SEASHELLS;10008;7
781200;;SUBMISSION;ASH_COATED_OSMIUM;SEASHELLS;10002;9
783500;;SUBMISSION;INTARIAN_PEPPER_ROOT;SEASHELLS;11781;9
783500;;SUBMISSION;INTARIAN_PEPPER_ROOT;SEASHELLS;11789;6
784300;;SUBMISSION;ASH_COATED_OSMIUM;SEASHELLS;10002;4
785400;;SUBMISSION;INTARIAN_PEPPER_ROOT;SEASHELLS;11788;6
785700;SUBMISSION;;INTARIAN_PEPPER_ROOT;SEASHELLS;11782;6
786500;;SUBMISSION;ASH_COATED_OSMIUM;SEASHELLS;10002;9
787800;SUBMISSION;;ASH_COATED_OSMIUM;SEASHELLS;9993;3
788300;SUBMISSION;;ASH_COATED_OSMIUM;SEASHELLS;9998;4
790200;SUBMISSION;;INTARIAN_PEPPER_ROOT;SEASHELLS;11786;3
790900;SUBMISSION;;INTARIAN_PEPPER_ROOT;SEASHELLS;11787;8
791000;SUBMISSION;;INTARIAN_PEPPER_ROOT;SEASHELLS;11787;8
791600;SUBMISSION;;INTARIAN_PEPPER_ROOT;SEASHELLS;11786;4
792100;SUBMISSION;;ASH_COATED_OSMIUM;SEASHELLS;9988;9
793600;;SUBMISSION;INTARIAN_PEPPER_ROOT;SEASHELLS;11791;5
793800;SUBMISSION;;ASH_COATED_OSMIUM;SEASHELLS;9994;7
795600;;SUBMISSION;INTARIAN_PEPPER_ROOT;SEASHELLS;11801;5
795700;;SUBMISSION;INTARIAN_PEPPER_ROOT;SEASHELLS;11799;7
796700;SUBMISSION;;ASH_COATED_OSMIUM;SEASHELLS;9997;3
797000;;SUBMISSION;ASH_COATED_OSMIUM;SEASHELLS;10002;2
797500;SUBMISSION;;ASH_COATED_OSMIUM;SEASHELLS;9996;4
799500;SUBMISSION;;ASH_COATED_OSMIUM;SEASHELLS;9989;2
799900;;SUBMISSION;INTARIAN_PEPPER_ROOT;SEASHELLS;11803;3
802300;SUBMISSION;;ASH_COATED_OSMIUM;SEASHELLS;9987;6
802400;SUBMISSION;;INTARIAN_PEPPER_ROOT;SEASHELLS;11798;7
805300;SUBMISSION;;ASH_COATED_OSMIUM;SEASHELLS;9992;6
805500;SUBMISSION;;ASH_COATED_OSMIUM;SEASHELLS;9987;3
805800;SUBMISSION;;INTARIAN_PEPPER_ROOT;SEASHELLS;11800;5
807000;SUBMISSION;;INTARIAN_PEPPER_ROOT;SEASHELLS;11802;4
807700;SUBMISSION;;INTARIAN_PEPPER_ROOT;SEASHELLS;11802;7
808100;;SUBMISSION;INTARIAN_PEPPER_ROOT;SEASHELLS;11811;7
809600;;SUBMISSION;INTARIAN_PEPPER_ROOT;SEASHELLS;11807;6
810100;;SUBMISSION;INTARIAN_PEPPER_ROOT;SEASHELLS;11813;6
810600;;SUBMISSION;INTARIAN_PEPPER_ROOT;SEASHELLS;11814;7
815000;;SUBMISSION;INTARIAN_PEPPER_ROOT;SEASHELLS;11809;9
815100;;SUBMISSION;INTARIAN_PEPPER_ROOT;SEASHELLS;11818;8
816800;;SUBMISSION;INTARIAN_PEPPER_ROOT;SEASHELLS;11822;7
817100;SUBMISSION;;INTARIAN_PEPPER_ROOT;SEASHELLS;11813;5
818000;SUBMISSION;;INTARIAN_PEPPER_ROOT;SEASHELLS;11813;6
820500;SUBMISSION;;INTARIAN_PEPPER_ROOT;SEASHELLS;11812;7
821700;;SUBMISSION;ASH_COATED_OSMIUM;SEASHELLS;10003;6
823900;SUBMISSION;;ASH_COATED_OSMIUM;SEASHELLS;9996;5
823900;SUBMISSION;;INTARIAN_PEPPER_ROOT;SEASHELLS;11818;6
824600;SUBMISSION;;ASH_COATED_OSMIUM;SEASHELLS;9991;1
829300;;SUBMISSION;INTARIAN_PEPPER_ROOT;SEASHELLS;11832;6
829600;SUBMISSION;;INTARIAN_PEPPER_ROOT;SEASHELLS;11826;8
830100;SUBMISSION;;INTARIAN_PEPPER_ROOT;SEASHELLS;11826;6
830900;SUBMISSION;;INTARIAN_PEPPER_ROOT;SEASHELLS;11827;7
832800;SUBMISSION;;INTARIAN_PEPPER_ROOT;SEASHELLS;11827;7
834800;SUBMISSION;;INTARIAN_PEPPER_ROOT;SEASHELLS;11829;5
835100;;SUBMISSION;ASH_COATED_OSMIUM;SEASHELLS;10004;3
835400;SUBMISSION;;ASH_COATED_OSMIUM;SEASHELLS;9997;3
836900;;SUBMISSION;INTARIAN_PEPPER_ROOT;SEASHELLS;11840;5
839400;;SUBMISSION;INTARIAN_PEPPER_ROOT;SEASHELLS;11848;3
842600;;SUBMISSION;ASH_COATED_OSMIUM;SEASHELLS;10003;3
842800;SUBMISSION;;ASH_COATED_OSMIUM;SEASHELLS;9998;2
844500;;SUBMISSION;INTARIAN_PEPPER_ROOT;SEASHELLS;11842;9
845900;SUBMISSION;;ASH_COATED_OSMIUM;SEASHELLS;9990;1
846300;SUBMISSION;;INTARIAN_PEPPER_ROOT;SEASHELLS;11841;3
846600;SUBMISSION;;INTARIAN_PEPPER_ROOT;SEASHELLS;11841;5
849400;;SUBMISSION;INTARIAN_PEPPER_ROOT;SEASHELLS;11852;5
850900;;SUBMISSION;ASH_COATED_OSMIUM;SEASHELLS;10003;5
851900;SUBMISSION;;INTARIAN_PEPPER_ROOT;SEASHELLS;11848;4
852000;SUBMISSION;;ASH_COATED_OSMIUM;SEASHELLS;9994;5
854700;;SUBMISSION;INTARIAN_PEPPER_ROOT;SEASHELLS;11858;5
857100;;SUBMISSION;INTARIAN_PEPPER_ROOT;SEASHELLS;11860;5
859800;;SUBMISSION;INTARIAN_PEPPER_ROOT;SEASHELLS;11863;4
862300;;SUBMISSION;INTARIAN_PEPPER_ROOT;SEASHELLS;11868;5
864700;;SUBMISSION;ASH_COATED_OSMIUM;SEASHELLS;10007;6
865100;SUBMISSION;;INTARIAN_PEPPER_ROOT;SEASHELLS;11860;5
865200;;SUBMISSION;ASH_COATED_OSMIUM;SEASHELLS;10005;5
865600;;SUBMISSION;INTARIAN_PEPPER_ROOT;SEASHELLS;11866;8
866000;SUBMISSION;;INTARIAN_PEPPER_ROOT;SEASHELLS;11861;6
866100;SUBMISSION;;ASH_COATED_OSMIUM;SEASHELLS;9998;3
867900;;SUBMISSION;INTARIAN_PEPPER_ROOT;SEASHELLS;11871;6
868300;;SUBMISSION;ASH_COATED_OSMIUM;SEASHELLS;10007;4
869500;;SUBMISSION;INTARIAN_PEPPER_ROOT;SEASHELLS;11875;7
869700;SUBMISSION;;INTARIAN_PEPPER_ROOT;SEASHELLS;11866;3
870000;SUBMISSION;;ASH_COATED_OSMIUM;SEASHELLS;9999;4
870000;;SUBMISSION;INTARIAN_PEPPER_ROOT;SEASHELLS;11875;6
870300;SUBMISSION;;INTARIAN_PEPPER_ROOT;SEASHELLS;11865;6
870700;;SUBMISSION;INTARIAN_PEPPER_ROOT;SEASHELLS;11876;6
871400;SUBMISSION;;ASH_COATED_OSMIUM;SEASHELLS;9996;8
874600;SUBMISSION;;INTARIAN_PEPPER_ROOT;SEASHELLS;11871;4
875100;;SUBMISSION;ASH_COATED_OSMIUM;SEASHELLS;10001;4
875800;SUBMISSION;;ASH_COATED_OSMIUM;SEASHELLS;9993;4
877300;;SUBMISSION;ASH_COATED_OSMIUM;SEASHELLS;10000;4
879300;;SUBMISSION;INTARIAN_PEPPER_ROOT;SEASHELLS;11882;3
881400;SUBMISSION;;INTARIAN_PEPPER_ROOT;SEASHELLS;11876;6
881500;;SUBMISSION;INTARIAN_PEPPER_ROOT;SEASHELLS;11887;4
881900;;SUBMISSION;ASH_COATED_OSMIUM;SEASHELLS;10011;10
883100;;SUBMISSION;ASH_COATED_OSMIUM;SEASHELLS;10009;2
884800;;SUBMISSION;ASH_COATED_OSMIUM;SEASHELLS;10009;8
885700;;SUBMISSION;ASH_COATED_OSMIUM;SEASHELLS;10000;2
886200;;SUBMISSION;INTARIAN_PEPPER_ROOT;SEASHELLS;11892;7
888100;SUBMISSION;;ASH_COATED_OSMIUM;SEASHELLS;9992;6
888200;SUBMISSION;;ASH_COATED_OSMIUM;SEASHELLS;9995;5
888600;;SUBMISSION;ASH_COATED_OSMIUM;SEASHELLS;10009;2
888900;SUBMISSION;;INTARIAN_PEPPER_ROOT;SEASHELLS;11885;3
889200;;SUBMISSION;INTARIAN_PEPPER_ROOT;SEASHELLS;11892;4
891300;;SUBMISSION;ASH_COATED_OSMIUM;SEASHELLS;10002;3
895300;;SUBMISSION;ASH_COATED_OSMIUM;SEASHELLS;10002;5
896500;SUBMISSION;;INTARIAN_PEPPER_ROOT;SEASHELLS;11903;10
896500;SUBMISSION;;INTARIAN_PEPPER_ROOT;SEASHELLS;11901;3
896700;SUBMISSION;;ASH_COATED_OSMIUM;SEASHELLS;9994;3
896900;;SUBMISSION;ASH_COATED_OSMIUM;SEASHELLS;10010;10
897900;;SUBMISSION;INTARIAN_PEPPER_ROOT;SEASHELLS;11901;5
898000;;SUBMISSION;ASH_COATED_OSMIUM;SEASHELLS;10008;10
898800;;SUBMISSION;ASH_COATED_OSMIUM;SEASHELLS;10007;4
899100;SUBMISSION;;ASH_COATED_OSMIUM;SEASHELLS;9993;9
899600;;SUBMISSION;ASH_COATED_OSMIUM;SEASHELLS;10007;5
901200;;SUBMISSION;INTARIAN_PEPPER_ROOT;SEASHELLS;11904;4
901700;SUBMISSION;;ASH_COATED_OSMIUM;SEASHELLS;9996;6
902300;SUBMISSION;;ASH_COATED_OSMIUM;SEASHELLS;9995;5
902700;SUBMISSION;;ASH_COATED_OSMIUM;SEASHELLS;9988;4
903900;;SUBMISSION;INTARIAN_PEPPER_ROOT;SEASHELLS;11907;4
904100;SUBMISSION;;ASH_COATED_OSMIUM;SEASHELLS;9992;3
904700;;SUBMISSION;ASH_COATED_OSMIUM;SEASHELLS;10004;6
904700;SUBMISSION;;INTARIAN_PEPPER_ROOT;SEASHELLS;11901;6
905100;;SUBMISSION;INTARIAN_PEPPER_ROOT;SEASHELLS;11911;6
907700;;SUBMISSION;ASH_COATED_OSMIUM;SEASHELLS;10006;5
909800;;SUBMISSION;ASH_COATED_OSMIUM;SEASHELLS;10000;6
911300;SUBMISSION;;ASH_COATED_OSMIUM;SEASHELLS;9991;6
911500;SUBMISSION;;ASH_COATED_OSMIUM;SEASHELLS;9998;4
912300;SUBMISSION;;ASH_COATED_OSMIUM;SEASHELLS;9999;5
912400;SUBMISSION;;INTARIAN_PEPPER_ROOT;SEASHELLS;11907;7
912500;;SUBMISSION;ASH_COATED_OSMIUM;SEASHELLS;10006;5
913000;SUBMISSION;;ASH_COATED_OSMIUM;SEASHELLS;9995;7
913600;SUBMISSION;;INTARIAN_PEPPER_ROOT;SEASHELLS;11910;6
913800;SUBMISSION;;ASH_COATED_OSMIUM;SEASHELLS;9997;2
914200;SUBMISSION;;ASH_COATED_OSMIUM;SEASHELLS;9994;7
914500;SUBMISSION;;ASH_COATED_OSMIUM;SEASHELLS;9987;10
914700;;SUBMISSION;ASH_COATED_OSMIUM;SEASHELLS;10005;5
915400;SUBMISSION;;INTARIAN_PEPPER_ROOT;SEASHELLS;11911;6
915600;SUBMISSION;;ASH_COATED_OSMIUM;SEASHELLS;9991;5
916100;;SUBMISSION;ASH_COATED_OSMIUM;SEASHELLS;10000;4
917100;SUBMISSION;;ASH_COATED_OSMIUM;SEASHELLS;9991;6
918300;;SUBMISSION;INTARIAN_PEPPER_ROOT;SEASHELLS;11921;3
918500;SUBMISSION;;ASH_COATED_OSMIUM;SEASHELLS;9999;3
918800;SUBMISSION;;INTARIAN_PEPPER_ROOT;SEASHELLS;11915;3
918900;;SUBMISSION;INTARIAN_PEPPER_ROOT;SEASHELLS;11924;3
919000;;SUBMISSION;ASH_COATED_OSMIUM;SEASHELLS;10004;3
919200;SUBMISSION;;ASH_COATED_OSMIUM;SEASHELLS;9998;3
920000;;SUBMISSION;ASH_COATED_OSMIUM;SEASHELLS;10005;5
921500;SUBMISSION;;ASH_COATED_OSMIUM;SEASHELLS;9990;4
922500;SUBMISSION;;ASH_COATED_OSMIUM;SEASHELLS;9989;1
922600;;SUBMISSION;ASH_COATED_OSMIUM;SEASHELLS;10007;3
923500;SUBMISSION;;ASH_COATED_OSMIUM;SEASHELLS;9998;2
923900;SUBMISSION;;ASH_COATED_OSMIUM;SEASHELLS;9999;1
928500;;SUBMISSION;INTARIAN_PEPPER_ROOT;SEASHELLS;11934;3
929100;;SUBMISSION;INTARIAN_PEPPER_ROOT;SEASHELLS;11932;5
929800;;SUBMISSION;ASH_COATED_OSMIUM;SEASHELLS;10003;3
930700;SUBMISSION;;ASH_COATED_OSMIUM;SEASHELLS;9995;3
931200;;SUBMISSION;INTARIAN_PEPPER_ROOT;SEASHELLS;11934;6
933200;SUBMISSION;;INTARIAN_PEPPER_ROOT;SEASHELLS;11925;3
933500;;SUBMISSION;ASH_COATED_OSMIUM;SEASHELLS;10000;4
933700;SUBMISSION;;INTARIAN_PEPPER_ROOT;SEASHELLS;11936;10
934300;SUBMISSION;;ASH_COATED_OSMIUM;SEASHELLS;9991;4
935200;;SUBMISSION;ASH_COATED_OSMIUM;SEASHELLS;10004;3
935700;SUBMISSION;;INTARIAN_PEPPER_ROOT;SEASHELLS;11932;5
936100;SUBMISSION;;ASH_COATED_OSMIUM;SEASHELLS;9999;3
936200;;SUBMISSION;INTARIAN_PEPPER_ROOT;SEASHELLS;11939;8
936400;;SUBMISSION;ASH_COATED_OSMIUM;SEASHELLS;10005;6
936700;SUBMISSION;;ASH_COATED_OSMIUM;SEASHELLS;9999;5
937900;;SUBMISSION;ASH_COATED_OSMIUM;SEASHELLS;10005;2
938200;SUBMISSION;;INTARIAN_PEPPER_ROOT;SEASHELLS;11934;3
939300;;SUBMISSION;ASH_COATED_OSMIUM;SEASHELLS;10005;2
939400;;SUBMISSION;ASH_COATED_OSMIUM;SEASHELLS;10007;3
939800;SUBMISSION;;INTARIAN_PEPPER_ROOT;SEASHELLS;11936;8
939900;SUBMISSION;;ASH_COATED_OSMIUM;SEASHELLS;9991;4
940300;SUBMISSION;;ASH_COATED_OSMIUM;SEASHELLS;9991;4
941600;SUBMISSION;;INTARIAN_PEPPER_ROOT;SEASHELLS;11936;5
943700;;SUBMISSION;ASH_COATED_OSMIUM;SEASHELLS;10001;8
944100;;SUBMISSION;INTARIAN_PEPPER_ROOT;SEASHELLS;11950;3
944400;;SUBMISSION;INTARIAN_PEPPER_ROOT;SEASHELLS;11953;7
945800;;SUBMISSION;INTARIAN_PEPPER_ROOT;SEASHELLS;11949;3
947600;SUBMISSION;;INTARIAN_PEPPER_ROOT;SEASHELLS;11942;7
948900;SUBMISSION;;ASH_COATED_OSMIUM;SEASHELLS;9996;4
949100;;SUBMISSION;ASH_COATED_OSMIUM;SEASHELLS;10001;4
949200;;SUBMISSION;ASH_COATED_OSMIUM;SEASHELLS;10001;2
949400;;SUBMISSION;INTARIAN_PEPPER_ROOT;SEASHELLS;11943;9
949400;;SUBMISSION;INTARIAN_PEPPER_ROOT;SEASHELLS;11944;6
950800;;SUBMISSION;ASH_COATED_OSMIUM;SEASHELLS;10001;2
951500;SUBMISSION;;ASH_COATED_OSMIUM;SEASHELLS;9997;6
951800;;SUBMISSION;INTARIAN_PEPPER_ROOT;SEASHELLS;11960;6
952000;SUBMISSION;;ASH_COATED_OSMIUM;SEASHELLS;9996;6
952100;SUBMISSION;;INTARIAN_PEPPER_ROOT;SEASHELLS;11947;4
954800;;SUBMISSION;ASH_COATED_OSMIUM;SEASHELLS;10009;5
955200;;SUBMISSION;ASH_COATED_OSMIUM;SEASHELLS;10009;6
955300;SUBMISSION;;ASH_COATED_OSMIUM;SEASHELLS;9996;6
956100;SUBMISSION;;INTARIAN_PEPPER_ROOT;SEASHELLS;11952;7
956400;;SUBMISSION;ASH_COATED_OSMIUM;SEASHELLS;10000;2
958000;;SUBMISSION;INTARIAN_PEPPER_ROOT;SEASHELLS;11963;3
958200;;SUBMISSION;INTARIAN_PEPPER_ROOT;SEASHELLS;11961;7
958600;SUBMISSION;;INTARIAN_PEPPER_ROOT;SEASHELLS;11960;11
962100;;SUBMISSION;ASH_COATED_OSMIUM;SEASHELLS;10014;5
963100;;SUBMISSION;INTARIAN_PEPPER_ROOT;SEASHELLS;11966;5
963600;;SUBMISSION;ASH_COATED_OSMIUM;SEASHELLS;10003;4
964200;;SUBMISSION;ASH_COATED_OSMIUM;SEASHELLS;10006;7
964700;;SUBMISSION;ASH_COATED_OSMIUM;SEASHELLS;10002;3
968200;SUBMISSION;;ASH_COATED_OSMIUM;SEASHELLS;9996;3
968200;SUBMISSION;;INTARIAN_PEPPER_ROOT;SEASHELLS;11963;7
968700;SUBMISSION;;ASH_COATED_OSMIUM;SEASHELLS;9995;6
969300;SUBMISSION;;ASH_COATED_OSMIUM;SEASHELLS;9996;3
969700;;SUBMISSION;ASH_COATED_OSMIUM;SEASHELLS;10000;5
970500;;SUBMISSION;ASH_COATED_OSMIUM;SEASHELLS;10000;3
972800;;SUBMISSION;ASH_COATED_OSMIUM;SEASHELLS;10003;5
973300;SUBMISSION;;ASH_COATED_OSMIUM;SEASHELLS;9995;2
974400;;SUBMISSION;INTARIAN_PEPPER_ROOT;SEASHELLS;11977;5
975500;;SUBMISSION;INTARIAN_PEPPER_ROOT;SEASHELLS;11979;6
976100;SUBMISSION;;INTARIAN_PEPPER_ROOT;SEASHELLS;11971;3
976700;SUBMISSION;;INTARIAN_PEPPER_ROOT;SEASHELLS;11971;6
978700;SUBMISSION;;INTARIAN_PEPPER_ROOT;SEASHELLS;11975;8
981900;;SUBMISSION;ASH_COATED_OSMIUM;SEASHELLS;10003;4
983700;SUBMISSION;;INTARIAN_PEPPER_ROOT;SEASHELLS;11980;7
983900;;SUBMISSION;ASH_COATED_OSMIUM;SEASHELLS;10011;7
984100;;SUBMISSION;ASH_COATED_OSMIUM;SEASHELLS;10006;9
984200;SUBMISSION;;ASH_COATED_OSMIUM;SEASHELLS;9997;2
984300;;SUBMISSION;INTARIAN_PEPPER_ROOT;SEASHELLS;11987;3
984400;;SUBMISSION;INTARIAN_PEPPER_ROOT;SEASHELLS;11990;3
985200;;SUBMISSION;INTARIAN_PEPPER_ROOT;SEASHELLS;11991;5
986900;SUBMISSION;;INTARIAN_PEPPER_ROOT;SEASHELLS;11983;8
987100;SUBMISSION;;ASH_COATED_OSMIUM;SEASHELLS;9997;6
988100;;SUBMISSION;ASH_COATED_OSMIUM;SEASHELLS;10010;8
989500;;SUBMISSION;ASH_COATED_OSMIUM;SEASHELLS;10000;2
990300;;SUBMISSION;INTARIAN_PEPPER_ROOT;SEASHELLS;11993;3
991300;SUBMISSION;;INTARIAN_PEPPER_ROOT;SEASHELLS;11986;7
991500;;SUBMISSION;INTARIAN_PEPPER_ROOT;SEASHELLS;12000;6
991700;SUBMISSION;;ASH_COATED_OSMIUM;SEASHELLS;9999;7
991900;;SUBMISSION;INTARIAN_PEPPER_ROOT;SEASHELLS;11995;6
993200;SUBMISSION;;ASH_COATED_OSMIUM;SEASHELLS;9999;10
994100;SUBMISSION;;ASH_COATED_OSMIUM;SEASHELLS;9994;10
995200;SUBMISSION;;INTARIAN_PEPPER_ROOT;SEASHELLS;11990;4
995400;;SUBMISSION;ASH_COATED_OSMIUM;SEASHELLS;10003;4
995800;SUBMISSION;;ASH_COATED_OSMIUM;SEASHELLS;9994;6
997100;;SUBMISSION;ASH_COATED_OSMIUM;SEASHELLS;10008;6
997800;SUBMISSION;;ASH_COATED_OSMIUM;SEASHELLS;9995;5
998100;;SUBMISSION;ASH_COATED_OSMIUM;SEASHELLS;10000;5
998300;;SUBMISSION;INTARIAN_PEPPER_ROOT;SEASHELLS;12004;6
