timestamp,buyer,seller,symbol,currency,price,quantity
0,SUBMISSION,,HYDROGEL_PACK,XIREC,9966.0,13
0,SUBMISSION,,HYDROGEL_PACK,XIREC,9968.0,23
0,SUBMISSION,,VEV_4000,XIREC,1255.0,15
0,SUBMISSION,,VEV_5000,XIREC,254.0,6
0,SUBMISSION,,VEV_5000,XIREC,255.0,13
0,SUBMISSION,,VEV_5100,XIREC,167.0,6
0,SUBMISSION,,VEV_5100,XIREC,168.0,13
0,SUBMISSION,,VEV_5200,XIREC,97.0,19
0,SUBMISSION,,VEV_5300,XIREC,48.0,22
0,SUBMISSION,,VEV_5400,XIREC,17.0,22
0,SUBMISSION,,VEV_5500,XIREC,8.0,22
100,SUBMISSION,,HYDROGEL_PACK,XIREC,9969.0,15
100,SUBMISSION,,HYDROGEL_PACK,XIREC,9971.0,21
100,SUBMISSION,,VEV_4000,XIREC,1256.0,7
100,SUBMISSION,,VEV_5000,XIREC,255.0,6
100,SUBMISSION,,VEV_5000,XIREC,256.0,19
100,SUBMISSION,,VEV_5100,XIREC,168.0,25
100,SUBMISSION,,VEV_5200,XIREC,98.0,25
100,SUBMISSION,,VEV_5300,XIREC,48.0,19
100,SUBMISSION,,VEV_5400,XIREC,17.0,19
100,SUBMISSION,,VEV_5500,XIREC,8.0,19
200,SUBMISSION,,HYDROGEL_PACK,XIREC,9969.0,14
200,SUBMISSION,,HYDROGEL_PACK,XIREC,9972.0,14
200,SUBMISSION,,VEV_5000,XIREC,255.0,8
200,SUBMISSION,,VEV_5000,XIREC,256.0,23
200,SUBMISSION,,VEV_5100,XIREC,168.0,8
200,SUBMISSION,,VEV_5100,XIREC,169.0,23
200,SUBMISSION,,VEV_5200,XIREC,98.0,31
200,SUBMISSION,,VEV_5300,XIREC,48.0,5
200,SUBMISSION,,VEV_5300,XIREC,49.0,15
200,SUBMISSION,,VEV_5400,XIREC,17.0,5
200,SUBMISSION,,VEV_5400,XIREC,18.0,15
200,SUBMISSION,,VEV_5500,XIREC,8.0,20
300,SUBMISSION,,VEV_5000,XIREC,257.0,25
300,SUBMISSION,,VEV_5100,XIREC,169.0,9
300,SUBMISSION,,VEV_5100,XIREC,170.0,16
300,SUBMISSION,,VEV_5200,XIREC,99.0,25
300,SUBMISSION,,VEV_5300,XIREC,49.0,21
300,SUBMISSION,,VEV_5400,XIREC,18.0,21
300,SUBMISSION,,VEV_5500,XIREC,8.0,21
400,SUBMISSION,,VEV_4000,XIREC,1258.0,7
400,SUBMISSION,,VEV_5300,XIREC,49.0,18
400,SUBMISSION,,VEV_5400,XIREC,18.0,18
400,SUBMISSION,,VEV_5500,XIREC,8.0,18
600,SUBMISSION,,VELVETFRUIT_EXTRACT,XIREC,5246.0,14
600,SUBMISSION,,VEV_4000,XIREC,1257.0,12
800,SUBMISSION,,VEV_4000,XIREC,1256.0,12
900,SUBMISSION,,VEV_4000,XIREC,1256.0,13
1000,SUBMISSION,,VEV_4000,XIREC,1257.0,11
1200,SUBMISSION,,VEV_4000,XIREC,1259.0,7
1400,SUBMISSION,,VEV_4000,XIREC,1261.0,8
1500,SUBMISSION,,VEV_4000,XIREC,1261.0,8
2000,,SUBMISSION,VELVETFRUIT_EXTRACT,XIREC,5250.0,8
4500,SUBMISSION,,VEV_4500,XIREC,754.0,2
4500,,,VEV_5400,XIREC,18.0,2
4500,,,VEV_5500,XIREC,8.0,2
4500,,,VEV_6000,XIREC,0.0,2
4500,,,VEV_6500,XIREC,0.0,2
5100,,,HYDROGEL_PACK,XIREC,9960.0,4
5200,SUBMISSION,,VELVETFRUIT_EXTRACT,XIREC,5252.0,9
5300,,,VEV_4000,XIREC,1264.0,2
5400,SUBMISSION,,VELVETFRUIT_EXTRACT,XIREC,5255.0,8
6100,,SUBMISSION,VELVETFRUIT_EXTRACT,XIREC,5254.0,3
6200,,,HYDROGEL_PACK,XIREC,9955.0,5
9400,SUBMISSION,,VELVETFRUIT_EXTRACT,XIREC,5244.0,14
9400,SUBMISSION,,VELVETFRUIT_EXTRACT,XIREC,5244.0,8
9500,SUBMISSION,,VELVETFRUIT_EXTRACT,XIREC,5245.0,6
9600,SUBMISSION,,VEV_4500,XIREC,746.0,4
9600,,,VEV_5400,XIREC,16.0,4
9600,,,VEV_5500,XIREC,7.0,4
9600,,,VEV_6000,XIREC,0.0,4
9600,,,VEV_6500,XIREC,0.0,4
10000,,SUBMISSION,VELVETFRUIT_EXTRACT,XIREC,5244.0,6
10300,SUBMISSION,,VELVETFRUIT_EXTRACT,XIREC,5242.0,13
10400,SUBMISSION,,VELVETFRUIT_EXTRACT,XIREC,5240.0,12
10400,SUBMISSION,,VELVETFRUIT_EXTRACT,XIREC,5240.0,12
11800,SUBMISSION,,VEV_4500,XIREC,741.0,4
11800,,,VEV_5500,XIREC,7.0,4
11800,,,VEV_6000,XIREC,0.0,4
11800,,,VEV_6500,XIREC,0.0,4
14300,,SUBMISSION,VELVETFRUIT_EXTRACT,XIREC,5237.0,6
14800,SUBMISSION,,VELVETFRUIT_EXTRACT,XIREC,5233.0,6
14800,SUBMISSION,,VEV_4500,XIREC,734.0,4
14800,,,VEV_5300,XIREC,42.0,4
14800,,,VEV_5400,XIREC,14.0,4
14800,,,VEV_5500,XIREC,6.0,4
14800,,,VEV_6000,XIREC,0.0,4
14800,,,VEV_6500,XIREC,0.0,4
15000,,,HYDROGEL_PACK,XIREC,9966.0,4
16300,SUBMISSION,,VELVETFRUIT_EXTRACT,XIREC,5231.0,10
16700,SUBMISSION,,VEV_4500,XIREC,731.0,2
16700,,,VEV_4000,XIREC,1221.0,2
16700,,,VEV_5300,XIREC,41.0,2
16700,,,VEV_5400,XIREC,14.0,2
16700,,,VEV_5500,XIREC,6.0,2
16700,,,VEV_6000,XIREC,0.0,2
16700,,,VEV_6500,XIREC,0.0,2
17100,SUBMISSION,,VELVETFRUIT_EXTRACT,XIREC,5230.0,8
17300,,,VEV_4000,XIREC,1221.0,1
17400,SUBMISSION,,VELVETFRUIT_EXTRACT,XIREC,5230.0,3
17400,,,VELVETFRUIT_EXTRACT,XIREC,5230.0,8
17900,,,VEV_4000,XIREC,1243.0,1
18600,,SUBMISSION,VELVETFRUIT_EXTRACT,XIREC,5228.0,9
19200,SUBMISSION,,VEV_4500,XIREC,736.0,6
19300,SUBMISSION,,VELVETFRUIT_EXTRACT,XIREC,5227.0,5
20100,SUBMISSION,,VEV_4500,XIREC,734.0,10
20200,SUBMISSION,,VELVETFRUIT_EXTRACT,XIREC,5225.0,4
20200,,,VELVETFRUIT_EXTRACT,XIREC,5224.0,1
22800,,,HYDROGEL_PACK,XIREC,9946.0,6
24900,,SUBMISSION,VELVETFRUIT_EXTRACT,XIREC,5233.0,8
25200,SUBMISSION,,VEV_4500,XIREC,739.0,12
25400,SUBMISSION,,VELVETFRUIT_EXTRACT,XIREC,5232.0,7
25700,,,VEV_4000,XIREC,1241.0,3
25900,SUBMISSION,,VEV_4500,XIREC,738.0,7
26400,SUBMISSION,,VEV_4500,XIREC,737.0,6
27800,SUBMISSION,,VELVETFRUIT_EXTRACT,XIREC,5238.0,1
28200,,SUBMISSION,VELVETFRUIT_EXTRACT,XIREC,5238.0,9
29300,SUBMISSION,,VELVETFRUIT_EXTRACT,XIREC,5238.0,4
29500,,SUBMISSION,VELVETFRUIT_EXTRACT,XIREC,5239.0,15
30000,,SUBMISSION,VELVETFRUIT_EXTRACT,XIREC,5239.0,6
30800,,,HYDROGEL_PACK,XIREC,9940.0,2
31200,SUBMISSION,,VELVETFRUIT_EXTRACT,XIREC,5234.0,13
31400,,,HYDROGEL_PACK,XIREC,9953.0,3
31700,,SUBMISSION,VELVETFRUIT_EXTRACT,XIREC,5236.0,4
31900,,SUBMISSION,VELVETFRUIT_EXTRACT,XIREC,5235.0,9
32000,,,HYDROGEL_PACK,XIREC,9938.0,5
32600,,SUBMISSION,VELVETFRUIT_EXTRACT,XIREC,5239.0,5
32800,SUBMISSION,,VELVETFRUIT_EXTRACT,XIREC,5238.0,7
32800,,,VELVETFRUIT_EXTRACT,XIREC,5238.0,7
33600,,,HYDROGEL_PACK,XIREC,9948.0,6
34100,SUBMISSION,,VELVETFRUIT_EXTRACT,XIREC,5233.0,7
35100,,SUBMISSION,VELVETFRUIT_EXTRACT,XIREC,5234.0,11
35800,,SUBMISSION,VELVETFRUIT_EXTRACT,XIREC,5234.0,9
36200,,,VEV_4000,XIREC,1244.0,3
36300,SUBMISSION,,VELVETFRUIT_EXTRACT,XIREC,5232.0,7
36500,,SUBMISSION,VELVETFRUIT_EXTRACT,XIREC,5232.0,9
36500,,SUBMISSION,VELVETFRUIT_EXTRACT,XIREC,5232.0,7
36600,SUBMISSION,,VELVETFRUIT_EXTRACT,XIREC,5232.0,8
37400,,,HYDROGEL_PACK,XIREC,9936.0,4
38500,SUBMISSION,,VEV_4500,XIREC,731.0,5
38500,,,VEV_5500,XIREC,6.0,5
38500,,,VEV_6000,XIREC,0.0,5
38500,,,VEV_6500,XIREC,0.0,5
38700,SUBMISSION,,VELVETFRUIT_EXTRACT,XIREC,5229.0,8
38900,,SUBMISSION,VELVETFRUIT_EXTRACT,XIREC,5233.0,9
39400,SUBMISSION,,VELVETFRUIT_EXTRACT,XIREC,5233.0,9
39400,SUBMISSION,,VELVETFRUIT_EXTRACT,XIREC,5233.0,9
39400,,,VELVETFRUIT_EXTRACT,XIREC,5234.0,5
39800,SUBMISSION,,VELVETFRUIT_EXTRACT,XIREC,5233.0,4
40400,SUBMISSION,,VEV_4500,XIREC,733.0,4
40400,,,VEV_5300,XIREC,41.0,4
40400,,,VEV_5400,XIREC,14.0,4
40400,,,VEV_5500,XIREC,6.0,4
40400,,,VEV_6000,XIREC,0.0,4
40400,,,VEV_6500,XIREC,0.0,4
40600,,SUBMISSION,VELVETFRUIT_EXTRACT,XIREC,5232.0,10
40900,,SUBMISSION,VELVETFRUIT_EXTRACT,XIREC,5232.0,6
40900,,,HYDROGEL_PACK,XIREC,9951.0,5
41300,,,HYDROGEL_PACK,XIREC,9953.0,5
41600,SUBMISSION,,VELVETFRUIT_EXTRACT,XIREC,5227.0,8
42100,,SUBMISSION,VELVETFRUIT_EXTRACT,XIREC,5228.0,5
43400,SUBMISSION,,VEV_4500,XIREC,731.0,5
43400,,,VEV_5400,XIREC,13.0,5
43400,,,VEV_5500,XIREC,6.0,5
43400,,,VEV_6000,XIREC,0.0,5
43400,,,VEV_6500,XIREC,0.0,5
43600,SUBMISSION,,VELVETFRUIT_EXTRACT,XIREC,5230.0,4
43900,,,HYDROGEL_PACK,XIREC,9952.0,6
44800,,SUBMISSION,VELVETFRUIT_EXTRACT,XIREC,5242.0,8
45200,,,HYDROGEL_PACK,XIREC,9961.0,2
45400,SUBMISSION,,VELVETFRUIT_EXTRACT,XIREC,5241.0,8
45400,,,VELVETFRUIT_EXTRACT,XIREC,5241.0,8
45600,SUBMISSION,,VELVETFRUIT_EXTRACT,XIREC,5243.0,10
46400,SUBMISSION,,VELVETFRUIT_EXTRACT,XIREC,5245.0,8
46700,SUBMISSION,,VELVETFRUIT_EXTRACT,XIREC,5248.0,5
47700,SUBMISSION,,VELVETFRUIT_EXTRACT,XIREC,5245.0,3
47700,,,VELVETFRUIT_EXTRACT,XIREC,5243.0,4
48300,,,HYDROGEL_PACK,XIREC,9960.0,3
48800,,SUBMISSION,VELVETFRUIT_EXTRACT,XIREC,5244.0,8
48900,SUBMISSION,,VELVETFRUIT_EXTRACT,XIREC,5242.0,6
49800,SUBMISSION,,VELVETFRUIT_EXTRACT,XIREC,5245.0,2
49800,,,VELVETFRUIT_EXTRACT,XIREC,5244.0,1
50200,,,VEV_4000,XIREC,1236.0,2
50300,,,VEV_4000,XIREC,1257.0,3
50700,SUBMISSION,,VEV_4500,XIREC,744.0,5
50700,,,VEV_5400,XIREC,16.0,5
50700,,,VEV_5500,XIREC,7.0,5
50700,,,VEV_6000,XIREC,0.0,5
50700,,,VEV_6500,XIREC,0.0,5
50800,,SUBMISSION,VELVETFRUIT_EXTRACT,XIREC,5244.0,10
51000,,SUBMISSION,VELVETFRUIT_EXTRACT,XIREC,5243.0,10
51700,SUBMISSION,,VELVETFRUIT_EXTRACT,XIREC,5244.0,4
52400,,,HYDROGEL_PACK,XIREC,9961.0,5
52700,SUBMISSION,,VELVETFRUIT_EXTRACT,XIREC,5247.0,8
52800,SUBMISSION,,VEV_4500,XIREC,747.0,3
52800,,,VEV_5400,XIREC,16.0,3
52800,,,VEV_5500,XIREC,7.0,3
52800,,,VEV_6000,XIREC,0.0,3
52800,,,VEV_6500,XIREC,0.0,3
53000,,,HYDROGEL_PACK,XIREC,9961.0,4
53400,SUBMISSION,,VEV_4500,XIREC,744.0,2
53400,,,VEV_5500,XIREC,7.0,2
53400,,,VEV_6000,XIREC,0.0,2
53400,,,VEV_6500,XIREC,0.0,2
53500,,SUBMISSION,VELVETFRUIT_EXTRACT,XIREC,5244.0,14
53700,,SUBMISSION,VELVETFRUIT_EXTRACT,XIREC,5244.0,10
53800,,,VEV_4000,XIREC,1255.0,2
54400,,,VEV_4000,XIREC,1234.0,3
56000,,SUBMISSION,VELVETFRUIT_EXTRACT,XIREC,5245.0,15
57600,,,VEV_4000,XIREC,1257.0,3
59300,,,HYDROGEL_PACK,XIREC,9949.0,4
59600,SUBMISSION,,VELVETFRUIT_EXTRACT,XIREC,5245.0,4
60300,SUBMISSION,,VELVETFRUIT_EXTRACT,XIREC,5246.0,5
61100,,,HYDROGEL_PACK,XIREC,9961.0,2
61400,,,HYDROGEL_PACK,XIREC,9962.0,2
61700,,SUBMISSION,VELVETFRUIT_EXTRACT,XIREC,5244.0,6
62100,SUBMISSION,,VELVETFRUIT_EXTRACT,XIREC,5244.0,6
62600,,SUBMISSION,VEV_4000,XIREC,1254.0,1
62700,SUBMISSION,,VEV_4000,XIREC,1253.0,1
63100,,,VEV_4000,XIREC,1252.0,3
63200,SUBMISSION,,VELVETFRUIT_EXTRACT,XIREC,5241.0,8
63200,,,HYDROGEL_PACK,XIREC,9950.0,5
64200,,SUBMISSION,VELVETFRUIT_EXTRACT,XIREC,5244.0,6
64300,,,HYDROGEL_PACK,XIREC,9933.0,4
65400,,,HYDROGEL_PACK,XIREC,9930.0,4
65600,,SUBMISSION,VELVETFRUIT_EXTRACT,XIREC,5242.0,7
65700,SUBMISSION,,VELVETFRUIT_EXTRACT,XIREC,5241.0,8
65900,,,HYDROGEL_PACK,XIREC,9935.0,2
66900,SUBMISSION,,VELVETFRUIT_EXTRACT,XIREC,5244.0,9
67300,SUBMISSION,,VELVETFRUIT_EXTRACT,XIREC,5245.0,8
67700,,SUBMISSION,VELVETFRUIT_EXTRACT,XIREC,5247.0,9
67700,,SUBMISSION,VELVETFRUIT_EXTRACT,XIREC,5249.0,4
68000,,,VEV_4000,XIREC,1258.0,2
69500,,,HYDROGEL_PACK,XIREC,9952.0,2
70500,,,VEV_4000,XIREC,1232.0,1
71600,SUBMISSION,,VELVETFRUIT_EXTRACT,XIREC,5240.0,5
71800,SUBMISSION,,VELVETFRUIT_EXTRACT,XIREC,5240.0,7
73400,SUBMISSION,,VELVETFRUIT_EXTRACT,XIREC,5236.0,6
73400,SUBMISSION,,VELVETFRUIT_EXTRACT,XIREC,5236.0,6
73400,,,VELVETFRUIT_EXTRACT,XIREC,5237.0,8
73500,,,HYDROGEL_PACK,XIREC,9966.0,3
74100,SUBMISSION,,VEV_4500,XIREC,735.0,3
74100,,,VEV_5300,XIREC,42.0,3
74100,,,VEV_5400,XIREC,14.0,3
74100,,,VEV_5500,XIREC,6.0,3
74100,,,VEV_6000,XIREC,0.0,3
74100,,,VEV_6500,XIREC,0.0,3
74300,,SUBMISSION,VELVETFRUIT_EXTRACT,XIREC,5237.0,6
74400,SUBMISSION,,VELVETFRUIT_EXTRACT,XIREC,5236.0,4
75100,,SUBMISSION,VELVETFRUIT_EXTRACT,XIREC,5239.0,9
75500,SUBMISSION,,VELVETFRUIT_EXTRACT,XIREC,5239.0,10
76500,SUBMISSION,,VELVETFRUIT_EXTRACT,XIREC,5237.0,8
76600,,,HYDROGEL_PACK,XIREC,9995.0,3
77300,,SUBMISSION,VELVETFRUIT_EXTRACT,XIREC,5240.0,8
77500,,SUBMISSION,VELVETFRUIT_EXTRACT,XIREC,5237.0,8
78300,,,VEV_4000,XIREC,1229.0,3
78400,SUBMISSION,,VELVETFRUIT_EXTRACT,XIREC,5238.0,7
78400,,,VELVETFRUIT_EXTRACT,XIREC,5238.0,7
78500,,,HYDROGEL_PACK,XIREC,10000.0,4
79000,,,HYDROGEL_PACK,XIREC,9982.0,3
79800,,,HYDROGEL_PACK,XIREC,9994.0,6
80700,,SUBMISSION,VELVETFRUIT_EXTRACT,XIREC,5237.0,10
81300,,,HYDROGEL_PACK,XIREC,9970.0,6
81500,,SUBMISSION,VELVETFRUIT_EXTRACT,XIREC,5238.0,8
81700,,,HYDROGEL_PACK,XIREC,9980.0,3
81900,,,HYDROGEL_PACK,XIREC,9978.0,2
82300,SUBMISSION,,VELVETFRUIT_EXTRACT,XIREC,5236.0,3
82300,,,HYDROGEL_PACK,XIREC,9977.0,3
83200,,SUBMISSION,VELVETFRUIT_EXTRACT,XIREC,5236.0,7
83400,,SUBMISSION,VELVETFRUIT_EXTRACT,XIREC,5234.0,8
84300,,,VEV_4000,XIREC,1243.0,1
84600,SUBMISSION,,VELVETFRUIT_EXTRACT,XIREC,5233.0,8
84600,,,VELVETFRUIT_EXTRACT,XIREC,5233.0,8
85300,SUBMISSION,,VEV_4500,XIREC,734.0,2
85300,,,VEV_5300,XIREC,42.0,2
85300,,,VEV_5400,XIREC,14.0,2
85300,,,VEV_5500,XIREC,6.0,2
85300,,,VEV_6000,XIREC,0.0,2
85300,,,VEV_6500,XIREC,0.0,2
85500,,SUBMISSION,VELVETFRUIT_EXTRACT,XIREC,5235.0,7
86100,SUBMISSION,,VEV_4500,XIREC,736.0,5
86100,,,VEV_5400,XIREC,14.0,5
86100,,,VEV_5500,XIREC,6.0,5
86100,,,VEV_6000,XIREC,0.0,5
86100,,,VEV_6500,XIREC,0.0,5
87900,SUBMISSION,,VELVETFRUIT_EXTRACT,XIREC,5240.0,3
88500,SUBMISSION,,VELVETFRUIT_EXTRACT,XIREC,5242.0,6
88500,,,VELVETFRUIT_EXTRACT,XIREC,5242.0,6
88600,,SUBMISSION,VELVETFRUIT_EXTRACT,XIREC,5242.0,10
89200,SUBMISSION,,VELVETFRUIT_EXTRACT,XIREC,5241.0,8
89300,,,VEV_4000,XIREC,1232.0,3
89800,SUBMISSION,,VEV_4500,XIREC,743.0,4
89800,,,VEV_5300,XIREC,45.0,4
89800,,,VEV_5400,XIREC,15.0,4
89800,,,VEV_6000,XIREC,0.0,4
89800,,,VEV_6500,XIREC,0.0,4
90600,,SUBMISSION,VELVETFRUIT_EXTRACT,XIREC,5242.0,5
90900,SUBMISSION,,VELVETFRUIT_EXTRACT,XIREC,5242.0,5
91100,,SUBMISSION,VELVETFRUIT_EXTRACT,XIREC,5243.0,6
92000,,SUBMISSION,VELVETFRUIT_EXTRACT,XIREC,5242.0,8
92100,,,HYDROGEL_PACK,XIREC,9955.0,4
92500,,,HYDROGEL_PACK,XIREC,9956.0,2
93200,,SUBMISSION,VELVETFRUIT_EXTRACT,XIREC,5243.0,5
93700,,SUBMISSION,VELVETFRUIT_EXTRACT,XIREC,5245.0,6
93800,,SUBMISSION,VELVETFRUIT_EXTRACT,XIREC,5245.0,7
94000,,SUBMISSION,VELVETFRUIT_EXTRACT,XIREC,5244.0,7
94100,,SUBMISSION,VELVETFRUIT_EXTRACT,XIREC,5245.0,8
94200,,SUBMISSION,VELVETFRUIT_EXTRACT,XIREC,5244.0,8
94400,,,HYDROGEL_PACK,XIREC,9974.0,4
94900,SUBMISSION,,VELVETFRUIT_EXTRACT,XIREC,5244.0,6
95400,,SUBMISSION,VELVETFRUIT_EXTRACT,XIREC,5243.0,13
95900,SUBMISSION,,VELVETFRUIT_EXTRACT,XIREC,5240.0,14
96900,,SUBMISSION,VELVETFRUIT_EXTRACT,XIREC,5244.0,11
97100,,,HYDROGEL_PACK,XIREC,9950.0,2
98600,,,HYDROGEL_PACK,XIREC,9962.0,2
98900,,SUBMISSION,VELVETFRUIT_EXTRACT,XIREC,5245.0,8
99000,,,HYDROGEL_PACK,XIREC,9961.0,3
99300,SUBMISSION,,VELVETFRUIT_EXTRACT,XIREC,5245.0,9
100500,,SUBMISSION,VELVETFRUIT_EXTRACT,XIREC,5247.0,4
101400,,,HYDROGEL_PACK,XIREC,9936.0,5
101500,,,HYDROGEL_PACK,XIREC,9935.0,6
102500,,,VEV_4000,XIREC,1235.0,1
102800,,,VEV_4000,XIREC,1236.0,1
103100,,,HYDROGEL_PACK,XIREC,9952.0,4
103500,,,HYDROGEL_PACK,XIREC,9940.0,3
104400,,SUBMISSION,VELVETFRUIT_EXTRACT,XIREC,5251.0,6
106600,,SUBMISSION,VELVETFRUIT_EXTRACT,XIREC,5259.0,1
106900,SUBMISSION,,VELVETFRUIT_EXTRACT,XIREC,5258.0,7
107100,,,HYDROGEL_PACK,XIREC,9952.0,5
107400,,SUBMISSION,VELVETFRUIT_EXTRACT,XIREC,5262.0,5
107900,,SUBMISSION,VELVETFRUIT_EXTRACT,XIREC,5266.0,3
109000,SUBMISSION,,VELVETFRUIT_EXTRACT,XIREC,5265.0,1
109000,SUBMISSION,,VELVETFRUIT_EXTRACT,XIREC,5265.0,11
109000,SUBMISSION,,VELVETFRUIT_EXTRACT,XIREC,5265.0,1
109000,SUBMISSION,,VELVETFRUIT_EXTRACT,XIREC,5265.0,11
109100,,,HYDROGEL_PACK,XIREC,9957.0,2
110100,SUBMISSION,,VELVETFRUIT_EXTRACT,XIREC,5266.0,4
110800,,SUBMISSION,VELVETFRUIT_EXTRACT,XIREC,5267.0,10
112000,SUBMISSION,,VELVETFRUIT_EXTRACT,XIREC,5261.0,3
112500,,SUBMISSION,VELVETFRUIT_EXTRACT,XIREC,5263.0,9
112700,,,HYDROGEL_PACK,XIREC,9948.0,2
113000,SUBMISSION,,VELVETFRUIT_EXTRACT,XIREC,5261.0,6
113900,SUBMISSION,,VELVETFRUIT_EXTRACT,XIREC,5262.0,5
113900,,,HYDROGEL_PACK,XIREC,9956.0,2
115500,,,HYDROGEL_PACK,XIREC,9937.0,3
118800,SUBMISSION,,VELVETFRUIT_EXTRACT,XIREC,5258.0,3
119400,,,HYDROGEL_PACK,XIREC,9962.0,3
120100,,SUBMISSION,VELVETFRUIT_EXTRACT,XIREC,5257.0,7
120300,SUBMISSION,,VEV_4500,XIREC,757.0,4
120300,,,VEV_5400,XIREC,18.0,4
120300,,,VEV_5500,XIREC,8.0,4
120300,,,VEV_6000,XIREC,0.0,4
120300,,,VEV_6500,XIREC,0.0,4
120500,,SUBMISSION,VELVETFRUIT_EXTRACT,XIREC,5259.0,11
120700,,SUBMISSION,VELVETFRUIT_EXTRACT,XIREC,5261.0,5
120700,,,HYDROGEL_PACK,XIREC,9958.0,2
121600,SUBMISSION,,VELVETFRUIT_EXTRACT,XIREC,5264.0,15
123300,SUBMISSION,,VELVETFRUIT_EXTRACT,XIREC,5263.0,7
124100,,SUBMISSION,VELVETFRUIT_EXTRACT,XIREC,5264.0,14
124800,,SUBMISSION,VELVETFRUIT_EXTRACT,XIREC,5263.0,6
125600,,SUBMISSION,VELVETFRUIT_EXTRACT,XIREC,5264.0,3
126000,,,HYDROGEL_PACK,XIREC,9953.0,4
127200,SUBMISSION,,VEV_4500,XIREC,763.0,1
127200,,,VEV_5500,XIREC,8.0,3
127200,,,VEV_6000,XIREC,0.0,3
127200,,,VEV_6500,XIREC,0.0,3
129100,,SUBMISSION,VEV_4000,XIREC,1275.0,3
129300,SUBMISSION,,VEV_4000,XIREC,1274.0,3
129500,,,HYDROGEL_PACK,XIREC,9967.0,6
129800,,,HYDROGEL_PACK,XIREC,9951.0,4
130800,,,HYDROGEL_PACK,XIREC,9946.0,5
131100,,SUBMISSION,VELVETFRUIT_EXTRACT,XIREC,5265.0,1
131300,,,VELVETFRUIT_EXTRACT,XIREC,5265.0,5
131800,SUBMISSION,,VELVETFRUIT_EXTRACT,XIREC,5262.0,5
132600,SUBMISSION,,VELVETFRUIT_EXTRACT,XIREC,5263.0,10
132600,,,VELVETFRUIT_EXTRACT,XIREC,5263.0,10
133100,,,VEV_4000,XIREC,1253.0,3
133700,,,HYDROGEL_PACK,XIREC,9948.0,4
134000,SUBMISSION,,VELVETFRUIT_EXTRACT,XIREC,5265.0,8
134500,,,HYDROGEL_PACK,XIREC,9944.0,6
135100,,SUBMISSION,VELVETFRUIT_EXTRACT,XIREC,5262.0,9
135200,,SUBMISSION,VELVETFRUIT_EXTRACT,XIREC,5263.0,8
135500,SUBMISSION,,VELVETFRUIT_EXTRACT,XIREC,5258.0,7
135900,,,VEV_5300,XIREC,52.0,3
135900,,,VEV_5400,XIREC,19.0,3
135900,,,VEV_5500,XIREC,8.0,3
135900,,,VEV_6000,XIREC,0.0,3
135900,,,VEV_6500,XIREC,0.0,3
136400,SUBMISSION,,VELVETFRUIT_EXTRACT,XIREC,5263.0,7
137000,,,VEV_4000,XIREC,1252.0,3
137200,SUBMISSION,,VELVETFRUIT_EXTRACT,XIREC,5261.0,10
137300,,,VEV_4000,XIREC,1251.0,3
137600,,,VEV_4000,XIREC,1269.0,3
137800,SUBMISSION,,VELVETFRUIT_EXTRACT,XIREC,5258.0,8
137800,,,HYDROGEL_PACK,XIREC,9942.0,3
138000,SUBMISSION,,VELVETFRUIT_EXTRACT,XIREC,5255.0,7
138100,,,HYDROGEL_PACK,XIREC,9959.0,2
139400,SUBMISSION,,VELVETFRUIT_EXTRACT,XIREC,5257.0,11
139700,SUBMISSION,,VELVETFRUIT_EXTRACT,XIREC,5257.0,8
139700,,,VELVETFRUIT_EXTRACT,XIREC,5257.0,8
140000,,SUBMISSION,VELVETFRUIT_EXTRACT,XIREC,5260.0,5
140100,,SUBMISSION,VELVETFRUIT_EXTRACT,XIREC,5259.0,4
141000,,SUBMISSION,VELVETFRUIT_EXTRACT,XIREC,5259.0,4
141600,,SUBMISSION,VELVETFRUIT_EXTRACT,XIREC,5259.0,12
142000,,SUBMISSION,VELVETFRUIT_EXTRACT,XIREC,5261.0,6
144000,SUBMISSION,,VELVETFRUIT_EXTRACT,XIREC,5263.0,5
144500,SUBMISSION,,VELVETFRUIT_EXTRACT,XIREC,5259.0,5
145100,,SUBMISSION,VELVETFRUIT_EXTRACT,XIREC,5261.0,5
145500,,,VEV_5400,XIREC,19.0,2
145500,,,VEV_5500,XIREC,8.0,2
145500,,,VEV_6000,XIREC,0.0,2
145500,,,VEV_6500,XIREC,0.0,2
145600,,,HYDROGEL_PACK,XIREC,9962.0,5
146500,,,HYDROGEL_PACK,XIREC,9963.0,6
146700,SUBMISSION,,VELVETFRUIT_EXTRACT,XIREC,5261.0,7
147900,,SUBMISSION,VELVETFRUIT_EXTRACT,XIREC,5267.0,11
147900,,,VEV_4000,XIREC,1256.0,1
148000,,,HYDROGEL_PACK,XIREC,9972.0,3
148300,,SUBMISSION,VELVETFRUIT_EXTRACT,XIREC,5265.0,6
148300,SUBMISSION,,VELVETFRUIT_EXTRACT,XIREC,5265.0,4
148800,SUBMISSION,,VELVETFRUIT_EXTRACT,XIREC,5263.0,11
149500,,SUBMISSION,VELVETFRUIT_EXTRACT,XIREC,5264.0,9
150600,,,VEV_5300,XIREC,53.0,2
150600,,,VEV_5400,XIREC,20.0,2
150600,,,VEV_5500,XIREC,8.0,2
150600,,,VEV_6000,XIREC,0.0,2
150600,,,VEV_6500,XIREC,0.0,2
150700,,SUBMISSION,VELVETFRUIT_EXTRACT,XIREC,5267.0,7
151100,,,HYDROGEL_PACK,XIREC,9945.0,4
151200,,,HYDROGEL_PACK,XIREC,9944.0,6
151400,SUBMISSION,,VELVETFRUIT_EXTRACT,XIREC,5262.0,7
152700,,,HYDROGEL_PACK,XIREC,9944.0,5
153000,,,VEV_5400,XIREC,18.0,4
153000,,,VEV_5500,XIREC,7.0,4
153000,,,VEV_6000,XIREC,0.0,4
153000,,,VEV_6500,XIREC,0.0,4
153700,,SUBMISSION,VELVETFRUIT_EXTRACT,XIREC,5256.0,15
154100,,,VEV_4000,XIREC,1242.0,3
154500,SUBMISSION,,VELVETFRUIT_EXTRACT,XIREC,5254.0,8
155500,,SUBMISSION,VELVETFRUIT_EXTRACT,XIREC,5248.0,5
155900,,,HYDROGEL_PACK,XIREC,9966.0,4
156200,,,VEV_4000,XIREC,1237.0,1
156300,,SUBMISSION,VELVETFRUIT_EXTRACT,XIREC,5247.0,6
156400,,,HYDROGEL_PACK,XIREC,9949.0,6
158900,SUBMISSION,,VELVETFRUIT_EXTRACT,XIREC,5254.0,8
159900,,,HYDROGEL_PACK,XIREC,9961.0,3
160600,SUBMISSION,,VELVETFRUIT_EXTRACT,XIREC,5253.0,12
161200,,,HYDROGEL_PACK,XIREC,9956.0,6
163300,SUBMISSION,,VELVETFRUIT_EXTRACT,XIREC,5254.0,10
163300,,,VELVETFRUIT_EXTRACT,XIREC,5254.0,10
164000,SUBMISSION,,VELVETFRUIT_EXTRACT,XIREC,5252.0,5
164300,,,HYDROGEL_PACK,XIREC,9973.0,5
164400,SUBMISSION,,VELVETFRUIT_EXTRACT,XIREC,5251.0,10
165500,,SUBMISSION,VELVETFRUIT_EXTRACT,XIREC,5250.0,8
165500,,SUBMISSION,VELVETFRUIT_EXTRACT,XIREC,5250.0,4
166800,,SUBMISSION,VELVETFRUIT_EXTRACT,XIREC,5253.0,8
167300,,,HYDROGEL_PACK,XIREC,9957.0,3
167600,SUBMISSION,,VELVETFRUIT_EXTRACT,XIREC,5250.0,6
167600,,,VEV_4000,XIREC,1242.0,2
168400,SUBMISSION,,VELVETFRUIT_EXTRACT,XIREC,5249.0,3
168500,,SUBMISSION,VEV_4000,XIREC,1261.0,2
168700,,SUBMISSION,VEV_4000,XIREC,1259.0,1
169000,,SUBMISSION,VELVETFRUIT_EXTRACT,XIREC,5251.0,8
169000,SUBMISSION,,VEV_4000,XIREC,1261.0,3
169100,SUBMISSION,,VELVETFRUIT_EXTRACT,XIREC,5251.0,7
169200,,SUBMISSION,VELVETFRUIT_EXTRACT,XIREC,5251.0,14
169700,,SUBMISSION,VELVETFRUIT_EXTRACT,XIREC,5254.0,5
170400,,,VEV_5400,XIREC,17.0,5
170400,,,VEV_5500,XIREC,7.0,5
170400,,,VEV_6000,XIREC,0.0,5
170400,,,VEV_6500,XIREC,0.0,5
170500,,,VEV_5300,XIREC,46.0,3
170500,,,VEV_5500,XIREC,7.0,3
170500,,,VEV_6000,XIREC,0.0,3
170500,,,VEV_6500,XIREC,0.0,3
170900,,SUBMISSION,VEV_4000,XIREC,1259.0,3
171400,,,HYDROGEL_PACK,XIREC,9992.0,6
171700,SUBMISSION,,VELVETFRUIT_EXTRACT,XIREC,5249.0,7
171700,SUBMISSION,,VEV_4000,XIREC,1261.0,3
172400,,,VEV_4000,XIREC,1238.0,1
172500,,,VEV_5300,XIREC,46.0,5
172500,,,VEV_5400,XIREC,17.0,5
172500,,,VEV_5500,XIREC,7.0,5
172500,,,VEV_6000,XIREC,0.0,5
172500,,,VEV_6500,XIREC,0.0,5
172900,SUBMISSION,,VELVETFRUIT_EXTRACT,XIREC,5247.0,5
174000,,SUBMISSION,VELVETFRUIT_EXTRACT,XIREC,5248.0,14
174200,,,HYDROGEL_PACK,XIREC,9988.0,5
174400,,,HYDROGEL_PACK,XIREC,9991.0,6
174900,SUBMISSION,,VELVETFRUIT_EXTRACT,XIREC,5247.0,8
176000,,SUBMISSION,VELVETFRUIT_EXTRACT,XIREC,5245.0,14
177500,,SUBMISSION,VELVETFRUIT_EXTRACT,XIREC,5245.0,5
177900,SUBMISSION,,VELVETFRUIT_EXTRACT,XIREC,5247.0,7
178000,,,HYDROGEL_PACK,XIREC,9988.0,3
178200,,SUBMISSION,VELVETFRUIT_EXTRACT,XIREC,5249.0,9
179200,SUBMISSION,,VELVETFRUIT_EXTRACT,XIREC,5244.0,4
179700,,SUBMISSION,VELVETFRUIT_EXTRACT,XIREC,5246.0,8
180100,,SUBMISSION,VELVETFRUIT_EXTRACT,XIREC,5247.0,3
180900,SUBMISSION,,VELVETFRUIT_EXTRACT,XIREC,5247.0,5
181300,,SUBMISSION,HYDROGEL_PACK,XIREC,10000.0,13
181400,,SUBMISSION,HYDROGEL_PACK,XIREC,10001.0,14
181500,,SUBMISSION,HYDROGEL_PACK,XIREC,10003.0,11
181500,,SUBMISSION,HYDROGEL_PACK,XIREC,10000.0,20
181600,,SUBMISSION,HYDROGEL_PACK,XIREC,10004.0,10
181600,,SUBMISSION,HYDROGEL_PACK,XIREC,10002.0,20
181700,,SUBMISSION,HYDROGEL_PACK,XIREC,10008.0,10
181700,,SUBMISSION,HYDROGEL_PACK,XIREC,10006.0,24
181800,,SUBMISSION,HYDROGEL_PACK,XIREC,10008.0,12
181800,,SUBMISSION,HYDROGEL_PACK,XIREC,10005.0,20
181900,,SUBMISSION,HYDROGEL_PACK,XIREC,10007.0,12
181900,,SUBMISSION,HYDROGEL_PACK,XIREC,10005.0,20
182000,,SUBMISSION,HYDROGEL_PACK,XIREC,10010.0,11
182000,,SUBMISSION,HYDROGEL_PACK,XIREC,10008.0,3
182100,,,HYDROGEL_PACK,XIREC,10012.0,3
182800,,,HYDROGEL_PACK,XIREC,10010.0,5
183000,,SUBMISSION,VELVETFRUIT_EXTRACT,XIREC,5245.0,6
183100,,SUBMISSION,VELVETFRUIT_EXTRACT,XIREC,5245.0,7
184200,,SUBMISSION,VEV_4000,XIREC,1250.0,3
184300,SUBMISSION,,VEV_4000,XIREC,1251.0,3
184800,SUBMISSION,,VELVETFRUIT_EXTRACT,XIREC,5240.0,6
185200,,SUBMISSION,VELVETFRUIT_EXTRACT,XIREC,5240.0,6
185800,,,HYDROGEL_PACK,XIREC,10040.0,4
186100,SUBMISSION,,VELVETFRUIT_EXTRACT,XIREC,5235.0,6
186800,,SUBMISSION,VELVETFRUIT_EXTRACT,XIREC,5236.0,6
187400,,SUBMISSION,VELVETFRUIT_EXTRACT,XIREC,5234.0,8
187600,,SUBMISSION,VELVETFRUIT_EXTRACT,XIREC,5234.0,5
188100,SUBMISSION,,VELVETFRUIT_EXTRACT,XIREC,5231.0,9
188400,,,HYDROGEL_PACK,XIREC,10021.0,4
188800,SUBMISSION,,VELVETFRUIT_EXTRACT,XIREC,5232.0,6
189000,,SUBMISSION,VELVETFRUIT_EXTRACT,XIREC,5233.0,2
190100,,,VEV_5300,XIREC,42.0,3
190100,,,VEV_5400,XIREC,15.0,3
190100,,,VEV_5500,XIREC,6.0,3
190100,,,VEV_6000,XIREC,0.0,3
190100,,,VEV_6500,XIREC,0.0,3
190600,SUBMISSION,,VELVETFRUIT_EXTRACT,XIREC,5235.0,6
190700,,SUBMISSION,VELVETFRUIT_EXTRACT,XIREC,5238.0,3
191000,SUBMISSION,,VELVETFRUIT_EXTRACT,XIREC,5240.0,5
191100,SUBMISSION,,VELVETFRUIT_EXTRACT,XIREC,5238.0,8
191900,,SUBMISSION,VELVETFRUIT_EXTRACT,XIREC,5239.0,14
192600,SUBMISSION,,VELVETFRUIT_EXTRACT,XIREC,5232.0,3
192800,,,HYDROGEL_PACK,XIREC,10007.0,5
193400,,,HYDROGEL_PACK,XIREC,10026.0,4
193600,,SUBMISSION,VELVETFRUIT_EXTRACT,XIREC,5236.0,5
194200,,,VEV_4000,XIREC,1247.0,2
194400,SUBMISSION,,VELVETFRUIT_EXTRACT,XIREC,5235.0,5
195200,,SUBMISSION,VELVETFRUIT_EXTRACT,XIREC,5235.0,3
195600,,,VEV_5300,XIREC,41.0,3
195600,,,VEV_5400,XIREC,14.0,3
195600,,,VEV_5500,XIREC,6.0,3
195600,,,VEV_6000,XIREC,0.0,3
195600,,,VEV_6500,XIREC,0.0,3
196100,,SUBMISSION,VELVETFRUIT_EXTRACT,XIREC,5235.0,5
196700,,,VEV_4000,XIREC,1225.0,1
197000,SUBMISSION,,VELVETFRUIT_EXTRACT,XIREC,5235.0,3
197000,SUBMISSION,,VELVETFRUIT_EXTRACT,XIREC,5235.0,7
197300,,SUBMISSION,VELVETFRUIT_EXTRACT,XIREC,5236.0,7
197600,SUBMISSION,,VELVETFRUIT_EXTRACT,XIREC,5237.0,9
197600,SUBMISSION,,VELVETFRUIT_EXTRACT,XIREC,5237.0,9
198600,,SUBMISSION,VELVETFRUIT_EXTRACT,XIREC,5242.0,8
198900,,SUBMISSION,VELVETFRUIT_EXTRACT,XIREC,5242.0,5
199100,,SUBMISSION,VELVETFRUIT_EXTRACT,XIREC,5241.0,5
199200,,SUBMISSION,VELVETFRUIT_EXTRACT,XIREC,5242.0,5
199400,,,HYDROGEL_PACK,XIREC,10029.0,3
199600,SUBMISSION,,VELVETFRUIT_EXTRACT,XIREC,5238.0,5
199600,SUBMISSION,,VELVETFRUIT_EXTRACT,XIREC,5238.0,5
200100,SUBMISSION,,VELVETFRUIT_EXTRACT,XIREC,5239.0,5
201000,SUBMISSION,,VELVETFRUIT_EXTRACT,XIREC,5241.0,9
202300,SUBMISSION,,VELVETFRUIT_EXTRACT,XIREC,5241.0,10
202300,,SUBMISSION,VEV_4000,XIREC,1251.0,3
202400,SUBMISSION,,VEV_4000,XIREC,1253.0,3
202700,,,HYDROGEL_PACK,XIREC,10033.0,5
203100,SUBMISSION,,VELVETFRUIT_EXTRACT,XIREC,5240.0,7
203200,,,HYDROGEL_PACK,XIREC,10014.0,6
203600,,SUBMISSION,VELVETFRUIT_EXTRACT,XIREC,5240.0,10
203700,,SUBMISSION,VELVETFRUIT_EXTRACT,XIREC,5240.0,3
204400,SUBMISSION,,VELVETFRUIT_EXTRACT,XIREC,5241.0,11
205100,,SUBMISSION,VELVETFRUIT_EXTRACT,XIREC,5242.0,8
205400,SUBMISSION,,VELVETFRUIT_EXTRACT,XIREC,5243.0,13
206200,,,VEV_5400,XIREC,16.0,3
206200,,,VEV_6000,XIREC,0.0,3
206200,,,VEV_6500,XIREC,0.0,3
206600,,SUBMISSION,VEV_4000,XIREC,1255.0,1
206800,SUBMISSION,,VELVETFRUIT_EXTRACT,XIREC,5242.0,6
206800,SUBMISSION,,VEV_4000,XIREC,1254.0,1
207600,,SUBMISSION,VELVETFRUIT_EXTRACT,XIREC,5250.0,4
207800,SUBMISSION,,VELVETFRUIT_EXTRACT,XIREC,5247.0,6
210200,,SUBMISSION,VELVETFRUIT_EXTRACT,XIREC,5251.0,10
210300,SUBMISSION,,VELVETFRUIT_EXTRACT,XIREC,5251.0,5
210400,,SUBMISSION,VELVETFRUIT_EXTRACT,XIREC,5253.0,6
210600,SUBMISSION,,HYDROGEL_PACK,XIREC,9991.0,5
211100,SUBMISSION,,HYDROGEL_PACK,XIREC,9997.0,6
211600,,SUBMISSION,VELVETFRUIT_EXTRACT,XIREC,5253.0,9
211900,,SUBMISSION,HYDROGEL_PACK,XIREC,10001.0,11
213700,SUBMISSION,,HYDROGEL_PACK,XIREC,9997.0,15
213700,SUBMISSION,,HYDROGEL_PACK,XIREC,10000.0,23
213700,,SUBMISSION,VELVETFRUIT_EXTRACT,XIREC,5258.0,5
213800,SUBMISSION,,HYDROGEL_PACK,XIREC,9996.0,12
213800,SUBMISSION,,HYDROGEL_PACK,XIREC,9999.0,28
213800,,SUBMISSION,VELVETFRUIT_EXTRACT,XIREC,5256.0,10
213900,SUBMISSION,,HYDROGEL_PACK,XIREC,9998.0,10
214000,SUBMISSION,,HYDROGEL_PACK,XIREC,9998.0,12
214100,SUBMISSION,,HYDROGEL_PACK,XIREC,9997.0,12
214100,SUBMISSION,,HYDROGEL_PACK,XIREC,9999.0,30
214100,,SUBMISSION,VELVETFRUIT_EXTRACT,XIREC,5253.0,7
214200,SUBMISSION,,HYDROGEL_PACK,XIREC,9996.0,12
214200,SUBMISSION,,HYDROGEL_PACK,XIREC,9999.0,30
214300,SUBMISSION,,HYDROGEL_PACK,XIREC,9995.0,12
214300,SUBMISSION,,HYDROGEL_PACK,XIREC,9998.0,4
214400,SUBMISSION,,VELVETFRUIT_EXTRACT,XIREC,5251.0,3
215000,SUBMISSION,,VELVETFRUIT_EXTRACT,XIREC,5250.0,4
215600,SUBMISSION,,VELVETFRUIT_EXTRACT,XIREC,5251.0,12
216000,,SUBMISSION,VEV_4000,XIREC,1262.0,1
217100,,SUBMISSION,VELVETFRUIT_EXTRACT,XIREC,5256.0,4
217500,,SUBMISSION,HYDROGEL_PACK,XIREC,10010.0,4
217600,SUBMISSION,,VELVETFRUIT_EXTRACT,XIREC,5252.0,5
217800,,SUBMISSION,VEV_4000,XIREC,1262.0,1
218200,,SUBMISSION,VELVETFRUIT_EXTRACT,XIREC,5254.0,8
218400,,SUBMISSION,HYDROGEL_PACK,XIREC,10000.0,12
218500,,SUBMISSION,HYDROGEL_PACK,XIREC,10001.0,15
218500,,SUBMISSION,HYDROGEL_PACK,XIREC,10016.0,5
218600,,SUBMISSION,HYDROGEL_PACK,XIREC,10000.0,13
218700,,SUBMISSION,HYDROGEL_PACK,XIREC,10000.0,15
218700,,SUBMISSION,VELVETFRUIT_EXTRACT,XIREC,5252.0,7
218800,,SUBMISSION,HYDROGEL_PACK,XIREC,10002.0,13
218900,,SUBMISSION,HYDROGEL_PACK,XIREC,10013.0,3
218900,SUBMISSION,,VELVETFRUIT_EXTRACT,XIREC,5250.0,8
220200,SUBMISSION,,VEV_4000,XIREC,1258.0,2
220900,,SUBMISSION,HYDROGEL_PACK,XIREC,10003.0,4
221200,,SUBMISSION,HYDROGEL_PACK,XIREC,10010.0,5
221400,,SUBMISSION,HYDROGEL_PACK,XIREC,10000.0,10
221500,,SUBMISSION,HYDROGEL_PACK,XIREC,10001.0,15
221700,,SUBMISSION,VELVETFRUIT_EXTRACT,XIREC,5242.0,13
221800,SUBMISSION,,VELVETFRUIT_EXTRACT,XIREC,5242.0,7
222000,,SUBMISSION,VELVETFRUIT_EXTRACT,XIREC,5242.0,8
222900,,,VEV_4000,XIREC,1236.0,3
223200,SUBMISSION,,VELVETFRUIT_EXTRACT,XIREC,5247.0,5
223300,SUBMISSION,,HYDROGEL_PACK,XIREC,9999.0,12
223300,,SUBMISSION,VEV_4000,XIREC,1257.0,2
223400,SUBMISSION,,HYDROGEL_PACK,XIREC,10000.0,2
223500,SUBMISSION,,HYDROGEL_PACK,XIREC,9998.0,15
223500,SUBMISSION,,VEV_4000,XIREC,1257.0,2
223600,SUBMISSION,,HYDROGEL_PACK,XIREC,9994.0,13
223600,SUBMISSION,,HYDROGEL_PACK,XIREC,9997.0,28
223700,SUBMISSION,,HYDROGEL_PACK,XIREC,9992.0,14
223700,SUBMISSION,,HYDROGEL_PACK,XIREC,9995.0,21
223800,SUBMISSION,,HYDROGEL_PACK,XIREC,9994.0,9
224100,,,VEV_4000,XIREC,1258.0,2
225100,,SUBMISSION,VELVETFRUIT_EXTRACT,XIREC,5253.0,5
226100,,,HYDROGEL_PACK,XIREC,9974.0,5
229000,SUBMISSION,,VELVETFRUIT_EXTRACT,XIREC,5245.0,6
229100,,SUBMISSION,VEV_4000,XIREC,1257.0,1
229300,SUBMISSION,,VEV_4000,XIREC,1259.0,1
230000,,,HYDROGEL_PACK,XIREC,9998.0,4
230200,,SUBMISSION,VELVETFRUIT_EXTRACT,XIREC,5245.0,6
230300,,SUBMISSION,VELVETFRUIT_EXTRACT,XIREC,5245.0,4
230800,,SUBMISSION,HYDROGEL_PACK,XIREC,10006.0,3
231200,,SUBMISSION,HYDROGEL_PACK,XIREC,10001.0,12
231300,,SUBMISSION,HYDROGEL_PACK,XIREC,10002.0,13
231400,,SUBMISSION,HYDROGEL_PACK,XIREC,10002.0,15
231400,,SUBMISSION,HYDROGEL_PACK,XIREC,10000.0,21
231700,,SUBMISSION,HYDROGEL_PACK,XIREC,10002.0,11
231800,,SUBMISSION,HYDROGEL_PACK,XIREC,10001.0,10
231900,,SUBMISSION,HYDROGEL_PACK,XIREC,10000.0,15
232000,,SUBMISSION,HYDROGEL_PACK,XIREC,10002.0,10
232100,,SUBMISSION,HYDROGEL_PACK,XIREC,10002.0,11
232200,,SUBMISSION,HYDROGEL_PACK,XIREC,10003.0,11
232300,,SUBMISSION,HYDROGEL_PACK,XIREC,10003.0,15
232400,,SUBMISSION,HYDROGEL_PACK,XIREC,10001.0,10
232500,,SUBMISSION,HYDROGEL_PACK,XIREC,10001.0,15
232500,SUBMISSION,,VELVETFRUIT_EXTRACT,XIREC,5244.0,5
232600,,SUBMISSION,HYDROGEL_PACK,XIREC,10004.0,11
232600,,SUBMISSION,HYDROGEL_PACK,XIREC,10002.0,17
232700,,SUBMISSION,VELVETFRUIT_EXTRACT,XIREC,5244.0,5
234000,SUBMISSION,,VELVETFRUIT_EXTRACT,XIREC,5243.0,5
235200,,SUBMISSION,VELVETFRUIT_EXTRACT,XIREC,5246.0,5
235200,,SUBMISSION,VELVETFRUIT_EXTRACT,XIREC,5246.0,5
235300,,,VEV_5400,XIREC,16.0,3
235300,,,VEV_5500,XIREC,7.0,3
235300,,,VEV_6000,XIREC,0.0,3
235300,,,VEV_6500,XIREC,0.0,3
235900,SUBMISSION,,HYDROGEL_PACK,XIREC,9999.0,3
236100,,SUBMISSION,HYDROGEL_PACK,XIREC,10001.0,3
237900,,SUBMISSION,VELVETFRUIT_EXTRACT,XIREC,5253.0,6
238000,,SUBMISSION,VELVETFRUIT_EXTRACT,XIREC,5251.0,13
238200,,,HYDROGEL_PACK,XIREC,10025.0,2
238600,SUBMISSION,,VELVETFRUIT_EXTRACT,XIREC,5249.0,14
239400,SUBMISSION,,VELVETFRUIT_EXTRACT,XIREC,5252.0,6
239600,SUBMISSION,,VELVETFRUIT_EXTRACT,XIREC,5255.0,4
239600,,,HYDROGEL_PACK,XIREC,10006.0,4
239600,,,VELVETFRUIT_EXTRACT,XIREC,5255.0,5
239700,,,HYDROGEL_PACK,XIREC,10021.0,6
240200,,SUBMISSION,VELVETFRUIT_EXTRACT,XIREC,5257.0,3
240600,,,HYDROGEL_PACK,XIREC,10013.0,3
241900,,,HYDROGEL_PACK,XIREC,10005.0,2
242900,SUBMISSION,,VELVETFRUIT_EXTRACT,XIREC,5254.0,3
242900,SUBMISSION,,VELVETFRUIT_EXTRACT,XIREC,5254.0,2
242900,SUBMISSION,,VELVETFRUIT_EXTRACT,XIREC,5254.0,3
242900,,,VELVETFRUIT_EXTRACT,XIREC,5254.0,2
244300,,SUBMISSION,VELVETFRUIT_EXTRACT,XIREC,5255.0,5
244400,SUBMISSION,,VELVETFRUIT_EXTRACT,XIREC,5255.0,9
245600,,SUBMISSION,VELVETFRUIT_EXTRACT,XIREC,5255.0,6
246000,,SUBMISSION,VELVETFRUIT_EXTRACT,XIREC,5255.0,3
246400,SUBMISSION,,VELVETFRUIT_EXTRACT,XIREC,5254.0,8
247000,SUBMISSION,,VELVETFRUIT_EXTRACT,XIREC,5256.0,12
248200,,,HYDROGEL_PACK,XIREC,10025.0,5
248300,SUBMISSION,,VELVETFRUIT_EXTRACT,XIREC,5258.0,5
248700,SUBMISSION,,VELVETFRUIT_EXTRACT,XIREC,5263.0,5
250500,SUBMISSION,,VELVETFRUIT_EXTRACT,XIREC,5261.0,4
250600,,,VEV_4000,XIREC,1252.0,2
251200,SUBMISSION,,VELVETFRUIT_EXTRACT,XIREC,5263.0,8
251600,,SUBMISSION,VEV_4000,XIREC,1274.0,3
251900,SUBMISSION,,VELVETFRUIT_EXTRACT,XIREC,5263.0,14
251900,,,VELVETFRUIT_EXTRACT,XIREC,5263.0,14
252400,,SUBMISSION,VELVETFRUIT_EXTRACT,XIREC,5266.0,6
252500,SUBMISSION,,HYDROGEL_PACK,XIREC,9989.0,3
252500,SUBMISSION,,VEV_4000,XIREC,1264.0,2
252500,,,VEV_5300,XIREC,53.0,2
252500,,,VEV_5400,XIREC,19.0,2
252500,,,VEV_5500,XIREC,8.0,2
252500,,,VEV_6000,XIREC,0.0,2
252500,,,VEV_6500,XIREC,0.0,2
253900,,SUBMISSION,VELVETFRUIT_EXTRACT,XIREC,5265.0,3
254400,SUBMISSION,,HYDROGEL_PACK,XIREC,9998.0,15
254500,SUBMISSION,,HYDROGEL_PACK,XIREC,10000.0,13
254600,SUBMISSION,,HYDROGEL_PACK,XIREC,9999.0,11
254700,SUBMISSION,,HYDROGEL_PACK,XIREC,9997.0,13
254700,SUBMISSION,,HYDROGEL_PACK,XIREC,9999.0,26
254700,SUBMISSION,,VELVETFRUIT_EXTRACT,XIREC,5264.0,10
254700,,,HYDROGEL_PACK,XIREC,9997.0,5
254800,SUBMISSION,,HYDROGEL_PACK,XIREC,9997.0,11
254800,SUBMISSION,,HYDROGEL_PACK,XIREC,9999.0,20
254900,SUBMISSION,,HYDROGEL_PACK,XIREC,9997.0,15
255000,SUBMISSION,,HYDROGEL_PACK,XIREC,9996.0,13
255000,SUBMISSION,,HYDROGEL_PACK,XIREC,9998.0,26
255000,SUBMISSION,,HYDROGEL_PACK,XIREC,9981.0,4
255100,SUBMISSION,,HYDROGEL_PACK,XIREC,9995.0,11
255100,SUBMISSION,,HYDROGEL_PACK,XIREC,9998.0,19
255300,,,HYDROGEL_PACK,XIREC,9973.0,2
255400,,,HYDROGEL_PACK,XIREC,9973.0,3
256200,SUBMISSION,,VELVETFRUIT_EXTRACT,XIREC,5266.0,5
258200,SUBMISSION,,VELVETFRUIT_EXTRACT,XIREC,5257.0,5
258400,SUBMISSION,,VELVETFRUIT_EXTRACT,XIREC,5257.0,8
258400,,,VELVETFRUIT_EXTRACT,XIREC,5257.0,8
259300,SUBMISSION,,VELVETFRUIT_EXTRACT,XIREC,5258.0,9
260800,,SUBMISSION,VELVETFRUIT_EXTRACT,XIREC,5257.0,10
261400,,SUBMISSION,VELVETFRUIT_EXTRACT,XIREC,5257.0,5
261600,SUBMISSION,,VELVETFRUIT_EXTRACT,XIREC,5255.0,12
262200,SUBMISSION,,VELVETFRUIT_EXTRACT,XIREC,5251.0,4
262300,,SUBMISSION,HYDROGEL_PACK,XIREC,10004.0,4
262800,,SUBMISSION,HYDROGEL_PACK,XIREC,10007.0,2
263100,,SUBMISSION,VEV_4000,XIREC,1267.0,3
263900,,SUBMISSION,HYDROGEL_PACK,XIREC,10005.0,7
263900,,SUBMISSION,VELVETFRUIT_EXTRACT,XIREC,5256.0,7
264000,SUBMISSION,,VELVETFRUIT_EXTRACT,XIREC,5252.0,5
264100,,SUBMISSION,HYDROGEL_PACK,XIREC,10002.0,11
264100,,SUBMISSION,VELVETFRUIT_EXTRACT,XIREC,5252.0,6
265400,SUBMISSION,,VELVETFRUIT_EXTRACT,XIREC,5250.0,9
265400,,,VELVETFRUIT_EXTRACT,XIREC,5250.0,9
265600,SUBMISSION,,VELVETFRUIT_EXTRACT,XIREC,5249.0,5
265700,SUBMISSION,,VELVETFRUIT_EXTRACT,XIREC,5247.0,9
265800,,SUBMISSION,VELVETFRUIT_EXTRACT,XIREC,5251.0,7
265900,SUBMISSION,,VEV_4000,XIREC,1241.0,1
266300,SUBMISSION,,HYDROGEL_PACK,XIREC,9999.0,13
266300,,,HYDROGEL_PACK,XIREC,9999.0,4
266500,SUBMISSION,,HYDROGEL_PACK,XIREC,9997.0,11
266500,,SUBMISSION,VELVETFRUIT_EXTRACT,XIREC,5252.0,5
266600,,,HYDROGEL_PACK,XIREC,9997.0,4
266800,,SUBMISSION,VELVETFRUIT_EXTRACT,XIREC,5248.0,8
267400,,SUBMISSION,VELVETFRUIT_EXTRACT,XIREC,5252.0,3
267900,,SUBMISSION,VELVETFRUIT_EXTRACT,XIREC,5246.0,6
268300,,SUBMISSION,VEV_4000,XIREC,1256.0,2
268700,,SUBMISSION,VELVETFRUIT_EXTRACT,XIREC,5250.0,5
269300,SUBMISSION,,VELVETFRUIT_EXTRACT,XIREC,5248.0,5
269300,,,HYDROGEL_PACK,XIREC,9973.0,3
269900,SUBMISSION,,VELVETFRUIT_EXTRACT,XIREC,5251.0,7
271600,SUBMISSION,,VEV_4000,XIREC,1249.0,1
272500,SUBMISSION,,VELVETFRUIT_EXTRACT,XIREC,5260.0,9
272600,SUBMISSION,,VELVETFRUIT_EXTRACT,XIREC,5261.0,7
272600,,,VELVETFRUIT_EXTRACT,XIREC,5261.0,7
274500,,SUBMISSION,VELVETFRUIT_EXTRACT,XIREC,5257.0,8
274600,,,HYDROGEL_PACK,XIREC,9989.0,2
274900,SUBMISSION,,VELVETFRUIT_EXTRACT,XIREC,5256.0,13
275300,,SUBMISSION,VELVETFRUIT_EXTRACT,XIREC,5256.0,7
275300,,SUBMISSION,VELVETFRUIT_EXTRACT,XIREC,5256.0,7
275300,,SUBMISSION,VELVETFRUIT_EXTRACT,XIREC,5258.0,1
275700,,,HYDROGEL_PACK,XIREC,9996.0,2
276500,,SUBMISSION,VELVETFRUIT_EXTRACT,XIREC,5253.0,10
276500,,SUBMISSION,VELVETFRUIT_EXTRACT,XIREC,5253.0,7
277400,,SUBMISSION,VELVETFRUIT_EXTRACT,XIREC,5253.0,4
278200,,SUBMISSION,VELVETFRUIT_EXTRACT,XIREC,5255.0,6
278300,,SUBMISSION,VELVETFRUIT_EXTRACT,XIREC,5257.0,5
278700,SUBMISSION,,VELVETFRUIT_EXTRACT,XIREC,5256.0,10
279100,SUBMISSION,,VELVETFRUIT_EXTRACT,XIREC,5256.0,5
279500,SUBMISSION,,VELVETFRUIT_EXTRACT,XIREC,5257.0,9
279600,,SUBMISSION,VELVETFRUIT_EXTRACT,XIREC,5259.0,4
279700,,SUBMISSION,VELVETFRUIT_EXTRACT,XIREC,5257.0,6
280500,,,HYDROGEL_PACK,XIREC,9973.0,2
280600,SUBMISSION,,VELVETFRUIT_EXTRACT,XIREC,5255.0,8
281100,,,HYDROGEL_PACK,XIREC,9952.0,3
281400,SUBMISSION,,VELVETFRUIT_EXTRACT,XIREC,5253.0,15
281400,SUBMISSION,,VELVETFRUIT_EXTRACT,XIREC,5253.0,11
281400,,,VELVETFRUIT_EXTRACT,XIREC,5253.0,4
281500,,SUBMISSION,VEV_4000,XIREC,1267.0,1
282200,,,HYDROGEL_PACK,XIREC,9979.0,2
282200,,,VELVETFRUIT_EXTRACT,XIREC,5260.0,7
282800,,SUBMISSION,VELVETFRUIT_EXTRACT,XIREC,5260.0,8
283400,,SUBMISSION,VELVETFRUIT_EXTRACT,XIREC,5258.0,7
285400,,,HYDROGEL_PACK,XIREC,9965.0,5
285900,SUBMISSION,,VELVETFRUIT_EXTRACT,XIREC,5264.0,8
286300,,SUBMISSION,VELVETFRUIT_EXTRACT,XIREC,5265.0,6
286600,,SUBMISSION,VEV_4000,XIREC,1276.0,2
287000,SUBMISSION,,VELVETFRUIT_EXTRACT,XIREC,5266.0,6
287200,,SUBMISSION,VELVETFRUIT_EXTRACT,XIREC,5266.0,10
288500,,SUBMISSION,VELVETFRUIT_EXTRACT,XIREC,5268.0,6
288800,,SUBMISSION,VEV_4000,XIREC,1278.0,1
289100,,SUBMISSION,VELVETFRUIT_EXTRACT,XIREC,5270.0,5
289200,SUBMISSION,,VELVETFRUIT_EXTRACT,XIREC,5266.0,11
289200,SUBMISSION,,VELVETFRUIT_EXTRACT,XIREC,5266.0,11
290600,SUBMISSION,,VELVETFRUIT_EXTRACT,XIREC,5270.0,6
290900,,,HYDROGEL_PACK,XIREC,9965.0,3
291100,,SUBMISSION,VELVETFRUIT_EXTRACT,XIREC,5272.0,10
291400,SUBMISSION,,VELVETFRUIT_EXTRACT,XIREC,5274.0,10
291400,,,VELVETFRUIT_EXTRACT,XIREC,5274.0,5
291800,,,VELVETFRUIT_EXTRACT,XIREC,5270.0,5
292400,,SUBMISSION,VELVETFRUIT_EXTRACT,XIREC,5274.0,8
292800,,,HYDROGEL_PACK,XIREC,9951.0,6
295000,,,HYDROGEL_PACK,XIREC,9959.0,5
295800,SUBMISSION,,VELVETFRUIT_EXTRACT,XIREC,5273.0,6
296900,SUBMISSION,,VELVETFRUIT_EXTRACT,XIREC,5271.0,2
296900,,,VELVETFRUIT_EXTRACT,XIREC,5270.0,3
297100,,,HYDROGEL_PACK,XIREC,9958.0,3
297400,,SUBMISSION,VELVETFRUIT_EXTRACT,XIREC,5274.0,4
297500,SUBMISSION,,VEV_4000,XIREC,1263.0,1
298100,SUBMISSION,,VELVETFRUIT_EXTRACT,XIREC,5269.0,4
299400,,SUBMISSION,VELVETFRUIT_EXTRACT,XIREC,5271.0,14
301100,,,HYDROGEL_PACK,XIREC,9966.0,3
301300,,,HYDROGEL_PACK,XIREC,9967.0,2
301400,SUBMISSION,,VELVETFRUIT_EXTRACT,XIREC,5269.0,14
302400,,,HYDROGEL_PACK,XIREC,9936.0,6
302800,,SUBMISSION,VELVETFRUIT_EXTRACT,XIREC,5269.0,10
303000,,SUBMISSION,VELVETFRUIT_EXTRACT,XIREC,5267.0,5
304000,SUBMISSION,,VEV_4000,XIREC,1266.0,3
304000,,,VEV_5400,XIREC,19.0,3
304000,,,VEV_5500,XIREC,8.0,3
304000,,,VEV_6000,XIREC,0.0,3
304000,,,VEV_6500,XIREC,0.0,3
304200,,,HYDROGEL_PACK,XIREC,9944.0,2
306500,,,HYDROGEL_PACK,XIREC,9967.0,5
307100,,SUBMISSION,VEV_4000,XIREC,1278.0,1
307500,,SUBMISSION,VELVETFRUIT_EXTRACT,XIREC,5274.0,8
307600,,SUBMISSION,VELVETFRUIT_EXTRACT,XIREC,5270.0,5
308000,,,HYDROGEL_PACK,XIREC,9943.0,3
308100,SUBMISSION,,VELVETFRUIT_EXTRACT,XIREC,5271.0,6
308100,,,HYDROGEL_PACK,XIREC,9945.0,4
308100,,,VELVETFRUIT_EXTRACT,XIREC,5271.0,6
308300,,SUBMISSION,VELVETFRUIT_EXTRACT,XIREC,5270.0,7
309500,,SUBMISSION,VELVETFRUIT_EXTRACT,XIREC,5267.0,4
310100,SUBMISSION,,VEV_4000,XIREC,1268.0,5
310100,,,VEV_5400,XIREC,20.0,5
310100,,,VEV_5500,XIREC,8.0,5
310100,,,VEV_6000,XIREC,0.0,5
310100,,,VEV_6500,XIREC,0.0,5
310500,SUBMISSION,,VELVETFRUIT_EXTRACT,XIREC,5266.0,11
310500,SUBMISSION,,VELVETFRUIT_EXTRACT,XIREC,5266.0,11
310600,SUBMISSION,,VELVETFRUIT_EXTRACT,XIREC,5265.0,3
311200,SUBMISSION,,VELVETFRUIT_EXTRACT,XIREC,5265.0,8
313000,,SUBMISSION,VELVETFRUIT_EXTRACT,XIREC,5266.0,5
314500,SUBMISSION,,VELVETFRUIT_EXTRACT,XIREC,5252.0,4
314700,,SUBMISSION,VELVETFRUIT_EXTRACT,XIREC,5251.0,8
316200,,,HYDROGEL_PACK,XIREC,9939.0,5
316900,SUBMISSION,,VELVETFRUIT_EXTRACT,XIREC,5246.0,9
317100,,,HYDROGEL_PACK,XIREC,9929.0,4
318300,,,HYDROGEL_PACK,XIREC,9950.0,4
318900,,SUBMISSION,VELVETFRUIT_EXTRACT,XIREC,5249.0,4
319100,SUBMISSION,,VELVETFRUIT_EXTRACT,XIREC,5246.0,4
321900,,SUBMISSION,VELVETFRUIT_EXTRACT,XIREC,5252.0,7
322000,,,VEV_5400,XIREC,16.0,2
322000,,,VEV_5500,XIREC,7.0,2
322000,,,VEV_6000,XIREC,0.0,2
322000,,,VEV_6500,XIREC,0.0,2
322600,,,VEV_5200,XIREC,98.0,4
322600,,,VEV_5500,XIREC,7.0,4
322600,,,VEV_6000,XIREC,0.0,4
322600,,,VEV_6500,XIREC,0.0,4
323100,,SUBMISSION,VELVETFRUIT_EXTRACT,XIREC,5253.0,5
323300,,SUBMISSION,VEV_4000,XIREC,1262.0,3
323300,,,HYDROGEL_PACK,XIREC,9956.0,5
323500,,SUBMISSION,VELVETFRUIT_EXTRACT,XIREC,5252.0,10
324000,,SUBMISSION,VELVETFRUIT_EXTRACT,XIREC,5253.0,8
324100,,SUBMISSION,VELVETFRUIT_EXTRACT,XIREC,5253.0,7
324600,,,HYDROGEL_PACK,XIREC,9946.0,6
325200,,SUBMISSION,VELVETFRUIT_EXTRACT,XIREC,5248.0,6
325300,SUBMISSION,,VEV_4000,XIREC,1238.0,2
326300,,SUBMISSION,VEV_4000,XIREC,1260.0,1
327600,,,HYDROGEL_PACK,XIREC,9928.0,5
327700,,,HYDROGEL_PACK,XIREC,9946.0,6
328000,SUBMISSION,,VEV_4000,XIREC,1244.0,1
328400,SUBMISSION,,VEV_4000,XIREC,1241.0,1
328500,SUBMISSION,,VELVETFRUIT_EXTRACT,XIREC,5250.0,4
331400,,,VEV_4000,XIREC,1232.0,1
332300,,SUBMISSION,VELVETFRUIT_EXTRACT,XIREC,5240.0,7
333000,SUBMISSION,,VELVETFRUIT_EXTRACT,XIREC,5237.0,8
333100,SUBMISSION,,VELVETFRUIT_EXTRACT,XIREC,5237.0,4
334100,,SUBMISSION,VELVETFRUIT_EXTRACT,XIREC,5246.0,14
334400,,SUBMISSION,VELVETFRUIT_EXTRACT,XIREC,5244.0,15
334900,SUBMISSION,,VELVETFRUIT_EXTRACT,XIREC,5247.0,10
334900,,,VEV_4000,XIREC,1237.0,1
335300,SUBMISSION,,VELVETFRUIT_EXTRACT,XIREC,5246.0,3
335300,,,HYDROGEL_PACK,XIREC,9943.0,5
335400,,SUBMISSION,VELVETFRUIT_EXTRACT,XIREC,5249.0,14
335500,SUBMISSION,,VELVETFRUIT_EXTRACT,XIREC,5247.0,11
335500,,,HYDROGEL_PACK,XIREC,9961.0,4
337000,,SUBMISSION,VELVETFRUIT_EXTRACT,XIREC,5252.0,6
338100,,,HYDROGEL_PACK,XIREC,9931.0,3
339300,,SUBMISSION,VELVETFRUIT_EXTRACT,XIREC,5249.0,9
339500,,,HYDROGEL_PACK,XIREC,9932.0,3
340100,,SUBMISSION,VEV_4000,XIREC,1259.0,2
340500,SUBMISSION,,VELVETFRUIT_EXTRACT,XIREC,5249.0,9
340500,SUBMISSION,,VELVETFRUIT_EXTRACT,XIREC,5249.0,9
342000,SUBMISSION,,VELVETFRUIT_EXTRACT,XIREC,5250.0,6
342400,,,HYDROGEL_PACK,XIREC,9944.0,5
343100,,,HYDROGEL_PACK,XIREC,9966.0,2
343400,SUBMISSION,,VELVETFRUIT_EXTRACT,XIREC,5251.0,13
343400,SUBMISSION,,VELVETFRUIT_EXTRACT,XIREC,5251.0,13
343800,,SUBMISSION,VELVETFRUIT_EXTRACT,XIREC,5252.0,10
344000,,,HYDROGEL_PACK,XIREC,9953.0,5
344200,,SUBMISSION,VELVETFRUIT_EXTRACT,XIREC,5252.0,4
345700,SUBMISSION,,VELVETFRUIT_EXTRACT,XIREC,5246.0,7
345700,,,HYDROGEL_PACK,XIREC,9957.0,6
345900,,,HYDROGEL_PACK,XIREC,9958.0,3
347200,,SUBMISSION,VELVETFRUIT_EXTRACT,XIREC,5247.0,8
347900,SUBMISSION,,VELVETFRUIT_EXTRACT,XIREC,5246.0,6
348200,,SUBMISSION,VELVETFRUIT_EXTRACT,XIREC,5248.0,8
348500,,,HYDROGEL_PACK,XIREC,9964.0,5
350300,SUBMISSION,,VEV_4000,XIREC,1246.0,2
350300,,,VEV_5400,XIREC,15.0,4
350300,,,VEV_5500,XIREC,6.0,4
350300,,,VEV_6000,XIREC,0.0,4
350300,,,VEV_6500,XIREC,0.0,4
350900,,SUBMISSION,VEV_4000,XIREC,1255.0,3
351000,,,HYDROGEL_PACK,XIREC,9973.0,3
356800,,SUBMISSION,VELVETFRUIT_EXTRACT,XIREC,5244.0,6
356800,SUBMISSION,,VEV_4000,XIREC,1235.0,2
357100,,,HYDROGEL_PACK,XIREC,9963.0,6
357600,,SUBMISSION,VELVETFRUIT_EXTRACT,XIREC,5245.0,9
358100,SUBMISSION,,VELVETFRUIT_EXTRACT,XIREC,5246.0,6
358300,SUBMISSION,,VEV_4000,XIREC,1238.0,1
358300,,,VEV_4000,XIREC,1237.0,2
358500,,SUBMISSION,VELVETFRUIT_EXTRACT,XIREC,5247.0,7
358500,,,HYDROGEL_PACK,XIREC,9960.0,6
358900,SUBMISSION,,VELVETFRUIT_EXTRACT,XIREC,5247.0,7
359600,SUBMISSION,,VELVETFRUIT_EXTRACT,XIREC,5249.0,14
360600,,,HYDROGEL_PACK,XIREC,9951.0,2
362700,,,HYDROGEL_PACK,XIREC,9961.0,3
363100,,,HYDROGEL_PACK,XIREC,9983.0,4
364000,SUBMISSION,,VELVETFRUIT_EXTRACT,XIREC,5253.0,12
364800,,,HYDROGEL_PACK,XIREC,9978.0,5
364900,SUBMISSION,,VELVETFRUIT_EXTRACT,XIREC,5252.0,7
365000,,,VEV_4000,XIREC,1242.0,2
365500,SUBMISSION,,VELVETFRUIT_EXTRACT,XIREC,5253.0,5
365600,SUBMISSION,,VELVETFRUIT_EXTRACT,XIREC,5251.0,6
365600,,,VELVETFRUIT_EXTRACT,XIREC,5250.0,2
366200,,SUBMISSION,VELVETFRUIT_EXTRACT,XIREC,5252.0,8
367900,SUBMISSION,,VELVETFRUIT_EXTRACT,XIREC,5248.0,5
367900,,,VELVETFRUIT_EXTRACT,XIREC,5248.0,5
368500,,,HYDROGEL_PACK,XIREC,9983.0,6
370300,,SUBMISSION,VELVETFRUIT_EXTRACT,XIREC,5250.0,8
370800,SUBMISSION,,VELVETFRUIT_EXTRACT,XIREC,5250.0,8
371100,,SUBMISSION,VELVETFRUIT_EXTRACT,XIREC,5252.0,10
371400,,,HYDROGEL_PACK,XIREC,9953.0,2
371800,,SUBMISSION,VELVETFRUIT_EXTRACT,XIREC,5248.0,5
373400,,,HYDROGEL_PACK,XIREC,9970.0,3
373700,,,HYDROGEL_PACK,XIREC,9954.0,5
374100,SUBMISSION,,VELVETFRUIT_EXTRACT,XIREC,5254.0,6
374400,SUBMISSION,,VELVETFRUIT_EXTRACT,XIREC,5254.0,4
374800,,,VEV_4000,XIREC,1242.0,3
375100,SUBMISSION,,VELVETFRUIT_EXTRACT,XIREC,5252.0,6
375100,,,HYDROGEL_PACK,XIREC,9947.0,2
376300,,,VEV_4000,XIREC,1236.0,2
376600,,,VEV_5300,XIREC,46.0,5
376600,,,VEV_5400,XIREC,15.0,5
376600,,,VEV_5500,XIREC,6.0,5
376600,,,VEV_6000,XIREC,0.0,5
376600,,,VEV_6500,XIREC,0.0,5
376800,SUBMISSION,,VELVETFRUIT_EXTRACT,XIREC,5246.0,2
377900,,,VEV_5300,XIREC,47.0,2
377900,,,VEV_5500,XIREC,6.0,2
377900,,,VEV_6000,XIREC,0.0,2
377900,,,VEV_6500,XIREC,0.0,2
379200,,SUBMISSION,VELVETFRUIT_EXTRACT,XIREC,5250.0,9
380100,,,HYDROGEL_PACK,XIREC,9957.0,6
380700,,,HYDROGEL_PACK,XIREC,9948.0,4
380900,SUBMISSION,,VELVETFRUIT_EXTRACT,XIREC,5251.0,8
381400,,SUBMISSION,VELVETFRUIT_EXTRACT,XIREC,5253.0,10
381700,,SUBMISSION,VELVETFRUIT_EXTRACT,XIREC,5254.0,8
383300,,,HYDROGEL_PACK,XIREC,9945.0,5
383600,,,HYDROGEL_PACK,XIREC,9948.0,4
383700,SUBMISSION,,VELVETFRUIT_EXTRACT,XIREC,5247.0,7
384200,,,VEV_4000,XIREC,1239.0,1
384300,,SUBMISSION,VELVETFRUIT_EXTRACT,XIREC,5248.0,12
384500,,,VEV_4000,XIREC,1238.0,3
385800,,,HYDROGEL_PACK,XIREC,9943.0,6
385900,SUBMISSION,,VELVETFRUIT_EXTRACT,XIREC,5246.0,3
386000,SUBMISSION,,VELVETFRUIT_EXTRACT,XIREC,5245.0,8
386200,,SUBMISSION,VELVETFRUIT_EXTRACT,XIREC,5245.0,14
386400,SUBMISSION,,VELVETFRUIT_EXTRACT,XIREC,5246.0,7
386800,,SUBMISSION,VEV_4000,XIREC,1256.0,2
387500,SUBMISSION,,VELVETFRUIT_EXTRACT,XIREC,5245.0,13
389200,,SUBMISSION,VELVETFRUIT_EXTRACT,XIREC,5242.0,7
389400,SUBMISSION,,VELVETFRUIT_EXTRACT,XIREC,5243.0,8
389700,,SUBMISSION,VELVETFRUIT_EXTRACT,XIREC,5244.0,9
390100,SUBMISSION,,VELVETFRUIT_EXTRACT,XIREC,5244.0,10
390100,,,VELVETFRUIT_EXTRACT,XIREC,5244.0,10
390800,SUBMISSION,,VEV_4000,XIREC,1234.0,2
390800,,,VEV_4000,XIREC,1233.0,1
391400,,SUBMISSION,VELVETFRUIT_EXTRACT,XIREC,5245.0,12
391900,SUBMISSION,,VELVETFRUIT_EXTRACT,XIREC,5244.0,9
392300,SUBMISSION,,VELVETFRUIT_EXTRACT,XIREC,5243.0,5
393000,SUBMISSION,,VELVETFRUIT_EXTRACT,XIREC,5243.0,3
393000,,,VELVETFRUIT_EXTRACT,XIREC,5242.0,1
393600,,SUBMISSION,VELVETFRUIT_EXTRACT,XIREC,5244.0,9
393900,SUBMISSION,,VELVETFRUIT_EXTRACT,XIREC,5243.0,9
393900,,,VELVETFRUIT_EXTRACT,XIREC,5241.0,6
394700,,,VELVETFRUIT_EXTRACT,XIREC,5237.0,8
394800,,,HYDROGEL_PACK,XIREC,9941.0,5
396000,,SUBMISSION,VELVETFRUIT_EXTRACT,XIREC,5245.0,8
396200,SUBMISSION,,VELVETFRUIT_EXTRACT,XIREC,5241.0,7
396300,,,HYDROGEL_PACK,XIREC,9956.0,4
397800,,,HYDROGEL_PACK,XIREC,9950.0,4
398400,SUBMISSION,,VELVETFRUIT_EXTRACT,XIREC,5236.0,1
398400,,,VELVETFRUIT_EXTRACT,XIREC,5235.0,5
399700,,,VEV_5400,XIREC,14.0,5
399700,,,VEV_5500,XIREC,6.0,5
399700,,,VEV_6000,XIREC,0.0,5
399700,,,VEV_6500,XIREC,0.0,5
399900,,,VEV_4000,XIREC,1231.0,1
400100,,,VELVETFRUIT_EXTRACT,XIREC,5240.0,8
400300,,SUBMISSION,VELVETFRUIT_EXTRACT,XIREC,5242.0,5
400600,SUBMISSION,,VELVETFRUIT_EXTRACT,XIREC,5244.0,5
401900,,,VELVETFRUIT_EXTRACT,XIREC,5242.0,8
402400,,,VELVETFRUIT_EXTRACT,XIREC,5240.0,6
402900,,SUBMISSION,VELVETFRUIT_EXTRACT,XIREC,5243.0,12
403500,SUBMISSION,,VELVETFRUIT_EXTRACT,XIREC,5240.0,8
403600,,,HYDROGEL_PACK,XIREC,9922.0,6
404200,,SUBMISSION,VELVETFRUIT_EXTRACT,XIREC,5246.0,4
405800,,SUBMISSION,VELVETFRUIT_EXTRACT,XIREC,5243.0,6
406400,,SUBMISSION,VELVETFRUIT_EXTRACT,XIREC,5245.0,5
407100,SUBMISSION,,VELVETFRUIT_EXTRACT,XIREC,5243.0,15
407300,,SUBMISSION,VELVETFRUIT_EXTRACT,XIREC,5242.0,9
407900,SUBMISSION,,VELVETFRUIT_EXTRACT,XIREC,5239.0,12
409300,,,HYDROGEL_PACK,XIREC,9929.0,6
409600,,SUBMISSION,VELVETFRUIT_EXTRACT,XIREC,5235.0,9
409800,SUBMISSION,,VELVETFRUIT_EXTRACT,XIREC,5233.0,10
410400,,,VEV_5400,XIREC,13.0,3
410400,,,VEV_5500,XIREC,5.0,3
410400,,,VEV_6000,XIREC,0.0,3
410400,,,VEV_6500,XIREC,0.0,3
410600,,SUBMISSION,VELVETFRUIT_EXTRACT,XIREC,5238.0,6
411000,,,HYDROGEL_PACK,XIREC,9951.0,4
411200,,SUBMISSION,VELVETFRUIT_EXTRACT,XIREC,5235.0,7
411300,,SUBMISSION,VELVETFRUIT_EXTRACT,XIREC,5235.0,7
411400,,,HYDROGEL_PACK,XIREC,9952.0,3
412000,,SUBMISSION,VELVETFRUIT_EXTRACT,XIREC,5233.0,15
412300,,,HYDROGEL_PACK,XIREC,9953.0,2
414000,,,HYDROGEL_PACK,XIREC,9962.0,2
414400,,,HYDROGEL_PACK,XIREC,9945.0,3
414800,,,HYDROGEL_PACK,XIREC,9940.0,3
415200,SUBMISSION,,VELVETFRUIT_EXTRACT,XIREC,5235.0,5
415700,,SUBMISSION,VELVETFRUIT_EXTRACT,XIREC,5233.0,3
416700,,SUBMISSION,VELVETFRUIT_EXTRACT,XIREC,5232.0,7
418000,,SUBMISSION,VELVETFRUIT_EXTRACT,XIREC,5232.0,9
418200,,SUBMISSION,VELVETFRUIT_EXTRACT,XIREC,5231.0,5
419700,,SUBMISSION,VEV_4000,XIREC,1241.0,1
419900,,SUBMISSION,VELVETFRUIT_EXTRACT,XIREC,5230.0,6
421500,,,HYDROGEL_PACK,XIREC,9946.0,3
421800,,SUBMISSION,VELVETFRUIT_EXTRACT,XIREC,5228.0,8
422200,SUBMISSION,,VELVETFRUIT_EXTRACT,XIREC,5229.0,8
422800,,SUBMISSION,VELVETFRUIT_EXTRACT,XIREC,5227.0,5
423000,SUBMISSION,,VELVETFRUIT_EXTRACT,XIREC,5228.0,10
424500,,SUBMISSION,VELVETFRUIT_EXTRACT,XIREC,5234.0,7
425100,SUBMISSION,,VELVETFRUIT_EXTRACT,XIREC,5233.0,15
425400,,SUBMISSION,VEV_4000,XIREC,1245.0,1
425800,SUBMISSION,,VELVETFRUIT_EXTRACT,XIREC,5234.0,11
425900,SUBMISSION,,VELVETFRUIT_EXTRACT,XIREC,5233.0,14
426600,,SUBMISSION,VELVETFRUIT_EXTRACT,XIREC,5236.0,8
426800,SUBMISSION,,VELVETFRUIT_EXTRACT,XIREC,5233.0,8
427000,,,HYDROGEL_PACK,XIREC,9950.0,2
427600,,SUBMISSION,VELVETFRUIT_EXTRACT,XIREC,5236.0,8
428000,SUBMISSION,,VEV_4000,XIREC,1232.0,2
428000,,,VEV_5400,XIREC,13.0,2
428000,,,VEV_5500,XIREC,5.0,2
428000,,,VEV_6000,XIREC,0.0,2
428000,,,VEV_6500,XIREC,0.0,2
428600,SUBMISSION,,VELVETFRUIT_EXTRACT,XIREC,5230.0,10
430200,,SUBMISSION,VELVETFRUIT_EXTRACT,XIREC,5229.0,3
431000,,SUBMISSION,VELVETFRUIT_EXTRACT,XIREC,5232.0,5
431700,,SUBMISSION,VELVETFRUIT_EXTRACT,XIREC,5232.0,4
432100,,SUBMISSION,VELVETFRUIT_EXTRACT,XIREC,5233.0,3
433500,,SUBMISSION,VELVETFRUIT_EXTRACT,XIREC,5230.0,14
433700,,SUBMISSION,VELVETFRUIT_EXTRACT,XIREC,5230.0,13
434400,,SUBMISSION,VELVETFRUIT_EXTRACT,XIREC,5231.0,5
434800,SUBMISSION,,VELVETFRUIT_EXTRACT,XIREC,5231.0,6
435300,SUBMISSION,,VELVETFRUIT_EXTRACT,XIREC,5226.0,8
435400,,SUBMISSION,VELVETFRUIT_EXTRACT,XIREC,5229.0,10
436200,,,HYDROGEL_PACK,XIREC,9935.0,5
437100,,,VEV_4000,XIREC,1233.0,1
437100,,,VEV_4500,XIREC,733.0,1
437100,,,VEV_5000,XIREC,238.0,1
437100,,,VEV_5100,XIREC,152.0,1
437100,,,VEV_5200,XIREC,87.0,1
437100,,,VEV_5300,XIREC,41.0,1
437100,,,VEV_5400,XIREC,13.0,4
437100,,,VEV_5500,XIREC,5.0,4
437100,,,VEV_6000,XIREC,0.0,4
437100,,,VEV_6500,XIREC,0.0,4
438000,SUBMISSION,,VELVETFRUIT_EXTRACT,XIREC,5231.0,7
438200,,SUBMISSION,VELVETFRUIT_EXTRACT,XIREC,5235.0,11
439300,,SUBMISSION,VELVETFRUIT_EXTRACT,XIREC,5237.0,7
440300,,,HYDROGEL_PACK,XIREC,9922.0,2
441300,,,HYDROGEL_PACK,XIREC,9902.0,2
442900,,SUBMISSION,VELVETFRUIT_EXTRACT,XIREC,5234.0,7
443600,,,HYDROGEL_PACK,XIREC,9908.0,2
444000,,,VEV_4000,XIREC,1230.0,3
444300,SUBMISSION,,VELVETFRUIT_EXTRACT,XIREC,5239.0,7
445900,,SUBMISSION,VELVETFRUIT_EXTRACT,XIREC,5248.0,4
448100,,SUBMISSION,VELVETFRUIT_EXTRACT,XIREC,5253.0,3
448600,,SUBMISSION,VELVETFRUIT_EXTRACT,XIREC,5249.0,14
448700,,,VEV_4000,XIREC,1238.0,3
450000,,,HYDROGEL_PACK,XIREC,9932.0,5
450200,SUBMISSION,,VELVETFRUIT_EXTRACT,XIREC,5247.0,6
450900,SUBMISSION,,VELVETFRUIT_EXTRACT,XIREC,5246.0,6
451000,SUBMISSION,,VELVETFRUIT_EXTRACT,XIREC,5249.0,6
451800,SUBMISSION,,VELVETFRUIT_EXTRACT,XIREC,5248.0,7
453500,SUBMISSION,,VELVETFRUIT_EXTRACT,XIREC,5246.0,8
453600,,SUBMISSION,VELVETFRUIT_EXTRACT,XIREC,5251.0,4
453700,,SUBMISSION,VELVETFRUIT_EXTRACT,XIREC,5249.0,8
454000,,SUBMISSION,VELVETFRUIT_EXTRACT,XIREC,5250.0,9
454800,SUBMISSION,,VELVETFRUIT_EXTRACT,XIREC,5246.0,3
455200,SUBMISSION,,VELVETFRUIT_EXTRACT,XIREC,5245.0,6
455400,,SUBMISSION,VEV_4000,XIREC,1256.0,1
455700,SUBMISSION,,VEV_4000,XIREC,1247.0,1
455700,,,VEV_5400,XIREC,15.0,4
455700,,,VEV_5500,XIREC,6.0,4
455700,,,VEV_6000,XIREC,0.0,4
455700,,,VEV_6500,XIREC,0.0,4
456900,SUBMISSION,,VELVETFRUIT_EXTRACT,XIREC,5240.0,10
457500,,SUBMISSION,VELVETFRUIT_EXTRACT,XIREC,5242.0,7
457700,,,HYDROGEL_PACK,XIREC,9914.0,4
458200,SUBMISSION,,VELVETFRUIT_EXTRACT,XIREC,5245.0,7
458400,,SUBMISSION,VELVETFRUIT_EXTRACT,XIREC,5247.0,3
459800,,SUBMISSION,VELVETFRUIT_EXTRACT,XIREC,5248.0,12
459900,,SUBMISSION,VELVETFRUIT_EXTRACT,XIREC,5251.0,8
459900,,,VEV_4000,XIREC,1239.0,2
460000,,SUBMISSION,VELVETFRUIT_EXTRACT,XIREC,5249.0,5
460400,,,VEV_5300,XIREC,47.0,3
460400,,,VEV_5400,XIREC,16.0,3
460400,,,VEV_5500,XIREC,6.0,3
460400,,,VEV_6000,XIREC,0.0,3
460400,,,VEV_6500,XIREC,0.0,3
460700,,SUBMISSION,VELVETFRUIT_EXTRACT,XIREC,5253.0,6
462300,,SUBMISSION,VELVETFRUIT_EXTRACT,XIREC,5258.0,8
462500,,,HYDROGEL_PACK,XIREC,9932.0,2
464200,,,VEV_4000,XIREC,1241.0,1
464900,SUBMISSION,,VELVETFRUIT_EXTRACT,XIREC,5251.0,6
465300,,SUBMISSION,VELVETFRUIT_EXTRACT,XIREC,5254.0,8
468000,SUBMISSION,,VELVETFRUIT_EXTRACT,XIREC,5248.0,3
469100,SUBMISSION,,VELVETFRUIT_EXTRACT,XIREC,5253.0,5
469100,SUBMISSION,,VELVETFRUIT_EXTRACT,XIREC,5253.0,8
469300,SUBMISSION,,VELVETFRUIT_EXTRACT,XIREC,5253.0,6
469600,SUBMISSION,,VELVETFRUIT_EXTRACT,XIREC,5253.0,7
470400,,SUBMISSION,VELVETFRUIT_EXTRACT,XIREC,5256.0,4
471200,,SUBMISSION,VELVETFRUIT_EXTRACT,XIREC,5249.0,10
472600,SUBMISSION,,VELVETFRUIT_EXTRACT,XIREC,5250.0,3
472800,,SUBMISSION,VELVETFRUIT_EXTRACT,XIREC,5252.0,5
474500,SUBMISSION,,VELVETFRUIT_EXTRACT,XIREC,5254.0,8
474800,SUBMISSION,,VELVETFRUIT_EXTRACT,XIREC,5253.0,13
475400,SUBMISSION,,VELVETFRUIT_EXTRACT,XIREC,5254.0,15
475400,,,VELVETFRUIT_EXTRACT,XIREC,5254.0,7
475500,,,VEV_4000,XIREC,1244.0,1
476200,,,HYDROGEL_PACK,XIREC,9959.0,3
476500,,,VEV_5400,XIREC,17.0,2
476500,,,VEV_5500,XIREC,7.0,2
476500,,,VEV_6000,XIREC,0.0,2
476500,,,VEV_6500,XIREC,0.0,2
477100,SUBMISSION,,VELVETFRUIT_EXTRACT,XIREC,5256.0,10
477600,,,HYDROGEL_PACK,XIREC,9941.0,5
477900,,SUBMISSION,VELVETFRUIT_EXTRACT,XIREC,5257.0,5
478900,SUBMISSION,,VELVETFRUIT_EXTRACT,XIREC,5251.0,4
479100,,,HYDROGEL_PACK,XIREC,9973.0,5
480100,SUBMISSION,,VELVETFRUIT_EXTRACT,XIREC,5250.0,10
480100,,,VELVETFRUIT_EXTRACT,XIREC,5250.0,10
480700,,SUBMISSION,VEV_4000,XIREC,1258.0,2
480900,SUBMISSION,,VEV_4000,XIREC,1240.0,2
481300,,SUBMISSION,VEV_4000,XIREC,1256.0,3
483100,,SUBMISSION,VELVETFRUIT_EXTRACT,XIREC,5244.0,8
483200,,SUBMISSION,VEV_4000,XIREC,1251.0,3
483600,SUBMISSION,,VELVETFRUIT_EXTRACT,XIREC,5239.0,9
483800,SUBMISSION,,VELVETFRUIT_EXTRACT,XIREC,5239.0,7
485300,,,HYDROGEL_PACK,XIREC,9952.0,3
485700,SUBMISSION,,VELVETFRUIT_EXTRACT,XIREC,5242.0,10
485800,SUBMISSION,,VELVETFRUIT_EXTRACT,XIREC,5242.0,15
486400,SUBMISSION,,VELVETFRUIT_EXTRACT,XIREC,5240.0,7
489600,,,HYDROGEL_PACK,XIREC,9948.0,4
489700,SUBMISSION,,VEV_4000,XIREC,1239.0,4
489700,,,VELVETFRUIT_EXTRACT,XIREC,5237.0,6
489700,,,VEV_5300,XIREC,43.0,4
489700,,,VEV_5400,XIREC,14.0,4
489700,,,VEV_5500,XIREC,5.0,4
489700,,,VEV_6000,XIREC,0.0,4
489700,,,VEV_6500,XIREC,0.0,4
489900,,SUBMISSION,VELVETFRUIT_EXTRACT,XIREC,5243.0,11
490900,,SUBMISSION,VELVETFRUIT_EXTRACT,XIREC,5245.0,5
491100,SUBMISSION,,VEV_4000,XIREC,1234.0,2
491100,,,VEV_4000,XIREC,1233.0,1
492100,SUBMISSION,,VELVETFRUIT_EXTRACT,XIREC,5242.0,5
493900,SUBMISSION,,VELVETFRUIT_EXTRACT,XIREC,5238.0,3
494500,,,HYDROGEL_PACK,XIREC,9975.0,4
494700,,,VEV_4000,XIREC,1228.0,2
494900,SUBMISSION,,VELVETFRUIT_EXTRACT,XIREC,5238.0,6
495300,,SUBMISSION,VELVETFRUIT_EXTRACT,XIREC,5238.0,11
495300,,,HYDROGEL_PACK,XIREC,9964.0,5
496200,SUBMISSION,,VELVETFRUIT_EXTRACT,XIREC,5240.0,5
496300,,,VEV_4000,XIREC,1230.0,2
496700,SUBMISSION,,VELVETFRUIT_EXTRACT,XIREC,5241.0,5
498200,SUBMISSION,,VELVETFRUIT_EXTRACT,XIREC,5240.0,3
498200,,,VELVETFRUIT_EXTRACT,XIREC,5241.0,5
498400,,,VELVETFRUIT_EXTRACT,XIREC,5238.0,7
498700,,SUBMISSION,VELVETFRUIT_EXTRACT,XIREC,5241.0,8
499300,SUBMISSION,,VELVETFRUIT_EXTRACT,XIREC,5243.0,8
499900,,,HYDROGEL_PACK,XIREC,9990.0,6
500300,,SUBMISSION,VELVETFRUIT_EXTRACT,XIREC,5242.0,9
500800,,,HYDROGEL_PACK,XIREC,9987.0,4
501400,,,HYDROGEL_PACK,XIREC,9987.0,6
501800,,SUBMISSION,VELVETFRUIT_EXTRACT,XIREC,5247.0,6
501900,,SUBMISSION,VELVETFRUIT_EXTRACT,XIREC,5248.0,12
502000,,,HYDROGEL_PACK,XIREC,9985.0,3
502700,,,VEV_5500,XIREC,6.0,2
502700,,,VEV_6000,XIREC,0.0,2
502700,,,VEV_6500,XIREC,0.0,2
503500,,,HYDROGEL_PACK,XIREC,9994.0,6
503500,,,VEV_4000,XIREC,1240.0,3
504300,,SUBMISSION,HYDROGEL_PACK,XIREC,10004.0,8
504800,,SUBMISSION,HYDROGEL_PACK,XIREC,10004.0,8
505100,,SUBMISSION,HYDROGEL_PACK,XIREC,10000.0,12
505300,,,VELVETFRUIT_EXTRACT,XIREC,5256.0,3
505900,SUBMISSION,,HYDROGEL_PACK,XIREC,9998.0,5
506200,SUBMISSION,,VELVETFRUIT_EXTRACT,XIREC,5255.0,5
507200,,SUBMISSION,HYDROGEL_PACK,XIREC,10011.0,4
507800,SUBMISSION,,HYDROGEL_PACK,XIREC,9993.0,6
508800,,SUBMISSION,VELVETFRUIT_EXTRACT,XIREC,5259.0,10
509100,SUBMISSION,,VELVETFRUIT_EXTRACT,XIREC,5260.0,8
509100,,,VEV_4000,XIREC,1250.0,3
509700,,SUBMISSION,HYDROGEL_PACK,XIREC,10002.0,12
509700,SUBMISSION,,VELVETFRUIT_EXTRACT,XIREC,5260.0,13
509700,,,VELVETFRUIT_EXTRACT,XIREC,5260.0,13
509800,,SUBMISSION,HYDROGEL_PACK,XIREC,10006.0,12
509800,,SUBMISSION,HYDROGEL_PACK,XIREC,10003.0,29
509900,,SUBMISSION,HYDROGEL_PACK,XIREC,10005.0,15
509900,,SUBMISSION,HYDROGEL_PACK,XIREC,10003.0,24
509900,,,HYDROGEL_PACK,XIREC,10005.0,5
510000,,SUBMISSION,HYDROGEL_PACK,XIREC,10002.0,10
510000,SUBMISSION,,VELVETFRUIT_EXTRACT,XIREC,5262.0,6
510100,,SUBMISSION,HYDROGEL_PACK,XIREC,10003.0,12
510100,,,HYDROGEL_PACK,XIREC,10003.0,3
510200,,SUBMISSION,HYDROGEL_PACK,XIREC,10001.0,14
511800,,SUBMISSION,VELVETFRUIT_EXTRACT,XIREC,5267.0,8
513200,,SUBMISSION,HYDROGEL_PACK,XIREC,10009.0,5
514100,,SUBMISSION,VELVETFRUIT_EXTRACT,XIREC,5263.0,5
514100,,SUBMISSION,VELVETFRUIT_EXTRACT,XIREC,5263.0,5
514100,,,VELVETFRUIT_EXTRACT,XIREC,5263.0,2
514500,SUBMISSION,,VELVETFRUIT_EXTRACT,XIREC,5266.0,6
515200,,,HYDROGEL_PACK,XIREC,10000.0,4
515400,,SUBMISSION,HYDROGEL_PACK,XIREC,10002.0,10
515500,,SUBMISSION,HYDROGEL_PACK,XIREC,10004.0,12
515500,,SUBMISSION,HYDROGEL_PACK,XIREC,10002.0,24
516800,SUBMISSION,,VELVETFRUIT_EXTRACT,XIREC,5262.0,5
517600,SUBMISSION,,VELVETFRUIT_EXTRACT,XIREC,5261.0,9
517900,,,VEV_4000,XIREC,1249.0,1
518500,,SUBMISSION,VELVETFRUIT_EXTRACT,XIREC,5259.0,15
518800,,SUBMISSION,VEV_4000,XIREC,1270.0,1
519000,,,HYDROGEL_PACK,XIREC,10002.0,5
519100,SUBMISSION,,VEV_4000,XIREC,1247.0,1
519100,,,VEV_4000,XIREC,1246.0,1
519400,,,HYDROGEL_PACK,XIREC,10017.0,2
519500,,,VEV_5300,XIREC,50.0,4
519500,,,VEV_5400,XIREC,17.0,4
519500,,,VEV_5500,XIREC,6.0,4
519500,,,VEV_6000,XIREC,0.0,4
519500,,,VEV_6500,XIREC,0.0,4
520000,,SUBMISSION,VELVETFRUIT_EXTRACT,XIREC,5259.0,13
520400,,,HYDROGEL_PACK,XIREC,10019.0,2
520500,SUBMISSION,,VELVETFRUIT_EXTRACT,XIREC,5257.0,4
521100,,,VEV_4000,XIREC,1248.0,2
521800,,SUBMISSION,VELVETFRUIT_EXTRACT,XIREC,5264.0,3
523300,,SUBMISSION,VELVETFRUIT_EXTRACT,XIREC,5261.0,3
524000,,,VEV_5400,XIREC,17.0,4
524000,,,VEV_5500,XIREC,7.0,4
524000,,,VEV_6000,XIREC,0.0,4
524000,,,VEV_6500,XIREC,0.0,4
524500,SUBMISSION,,VELVETFRUIT_EXTRACT,XIREC,5259.0,7
524500,,,VELVETFRUIT_EXTRACT,XIREC,5259.0,7
524700,,SUBMISSION,VELVETFRUIT_EXTRACT,XIREC,5258.0,11
525500,SUBMISSION,,VELVETFRUIT_EXTRACT,XIREC,5257.0,8
525500,,,VEV_4000,XIREC,1247.0,1
526200,SUBMISSION,,VELVETFRUIT_EXTRACT,XIREC,5251.0,8
526600,,,HYDROGEL_PACK,XIREC,10021.0,4
527100,SUBMISSION,,VELVETFRUIT_EXTRACT,XIREC,5250.0,15
527300,,SUBMISSION,VELVETFRUIT_EXTRACT,XIREC,5251.0,5
527700,,SUBMISSION,VELVETFRUIT_EXTRACT,XIREC,5254.0,6
527700,,,HYDROGEL_PACK,XIREC,10021.0,6
528000,SUBMISSION,,VELVETFRUIT_EXTRACT,XIREC,5254.0,5
528600,,SUBMISSION,VELVETFRUIT_EXTRACT,XIREC,5253.0,4
529400,,SUBMISSION,VELVETFRUIT_EXTRACT,XIREC,5255.0,4
530000,SUBMISSION,,VELVETFRUIT_EXTRACT,XIREC,5251.0,10
530000,SUBMISSION,,VELVETFRUIT_EXTRACT,XIREC,5250.0,6
530300,,,HYDROGEL_PACK,XIREC,10010.0,3
530600,,,HYDROGEL_PACK,XIREC,10010.0,5
531700,,SUBMISSION,VELVETFRUIT_EXTRACT,XIREC,5251.0,10
533100,,,HYDROGEL_PACK,XIREC,10029.0,2
533300,SUBMISSION,,VELVETFRUIT_EXTRACT,XIREC,5247.0,8
533400,,,HYDROGEL_PACK,XIREC,10030.0,5
534100,SUBMISSION,,VELVETFRUIT_EXTRACT,XIREC,5245.0,3
534300,SUBMISSION,,VELVETFRUIT_EXTRACT,XIREC,5246.0,3
534800,,,HYDROGEL_PACK,XIREC,10018.0,3
537500,,SUBMISSION,VELVETFRUIT_EXTRACT,XIREC,5240.0,4
537500,,,HYDROGEL_PACK,XIREC,10014.0,2
537800,,SUBMISSION,VELVETFRUIT_EXTRACT,XIREC,5238.0,9
537900,,SUBMISSION,VELVETFRUIT_EXTRACT,XIREC,5239.0,7
537900,,SUBMISSION,VELVETFRUIT_EXTRACT,XIREC,5239.0,6
538000,,,HYDROGEL_PACK,XIREC,10024.0,2
538900,,,HYDROGEL_PACK,XIREC,10022.0,6
539400,,SUBMISSION,VELVETFRUIT_EXTRACT,XIREC,5236.0,9
540700,SUBMISSION,,VELVETFRUIT_EXTRACT,XIREC,5239.0,7
542000,,SUBMISSION,VELVETFRUIT_EXTRACT,XIREC,5238.0,12
542600,,,HYDROGEL_PACK,XIREC,10012.0,6
543200,,SUBMISSION,VELVETFRUIT_EXTRACT,XIREC,5236.0,7
543900,,SUBMISSION,VELVETFRUIT_EXTRACT,XIREC,5237.0,10
544300,SUBMISSION,,VELVETFRUIT_EXTRACT,XIREC,5237.0,4
544400,,SUBMISSION,VELVETFRUIT_EXTRACT,XIREC,5239.0,6
544500,,SUBMISSION,VEV_4000,XIREC,1245.0,2
545000,SUBMISSION,,VELVETFRUIT_EXTRACT,XIREC,5236.0,4
546000,,SUBMISSION,VELVETFRUIT_EXTRACT,XIREC,5235.0,13
547300,SUBMISSION,,VELVETFRUIT_EXTRACT,XIREC,5233.0,8
547600,SUBMISSION,,VEV_4000,XIREC,1233.0,2
547600,,,VEV_5400,XIREC,12.0,4
547600,,,VEV_6000,XIREC,0.0,4
547600,,,VEV_6500,XIREC,0.0,4
547800,SUBMISSION,,VELVETFRUIT_EXTRACT,XIREC,5233.0,3
548400,,,VEV_5400,XIREC,12.0,5
548400,,,VEV_6000,XIREC,0.0,5
548400,,,VEV_6500,XIREC,0.0,5
549800,,SUBMISSION,VELVETFRUIT_EXTRACT,XIREC,5235.0,5
550300,,SUBMISSION,VEV_4000,XIREC,1241.0,1
550400,SUBMISSION,,HYDROGEL_PACK,XIREC,9999.0,2
550600,,SUBMISSION,VELVETFRUIT_EXTRACT,XIREC,5232.0,5
550800,,SUBMISSION,HYDROGEL_PACK,XIREC,10003.0,2
550900,SUBMISSION,,VEV_4000,XIREC,1222.0,1
550900,,,VEV_4000,XIREC,1221.0,1
551100,,SUBMISSION,VELVETFRUIT_EXTRACT,XIREC,5234.0,5
551600,SUBMISSION,,VELVETFRUIT_EXTRACT,XIREC,5234.0,8
551600,,,VELVETFRUIT_EXTRACT,XIREC,5234.0,8
552300,SUBMISSION,,VELVETFRUIT_EXTRACT,XIREC,5231.0,14
552500,,SUBMISSION,VELVETFRUIT_EXTRACT,XIREC,5232.0,15
552600,,SUBMISSION,VEV_4000,XIREC,1243.0,3
553100,SUBMISSION,,VEV_4000,XIREC,1229.0,3
553100,,,VEV_5300,XIREC,39.0,4
553100,,,VEV_5500,XIREC,4.0,4
553100,,,VEV_6000,XIREC,0.0,4
553100,,,VEV_6500,XIREC,0.0,4
553300,,,HYDROGEL_PACK,XIREC,10032.0,6
555900,SUBMISSION,,VELVETFRUIT_EXTRACT,XIREC,5226.0,7
556400,,SUBMISSION,VELVETFRUIT_EXTRACT,XIREC,5227.0,8
556900,,,VEV_4000,XIREC,1219.0,3
557200,SUBMISSION,,VELVETFRUIT_EXTRACT,XIREC,5226.0,4
559600,,SUBMISSION,VELVETFRUIT_EXTRACT,XIREC,5229.0,15
561200,,SUBMISSION,VELVETFRUIT_EXTRACT,XIREC,5230.0,8
562600,SUBMISSION,,HYDROGEL_PACK,XIREC,10000.0,10
562700,SUBMISSION,,HYDROGEL_PACK,XIREC,9989.0,7
562700,SUBMISSION,,HYDROGEL_PACK,XIREC,9998.0,13
562700,SUBMISSION,,HYDROGEL_PACK,XIREC,10000.0,29
562800,SUBMISSION,,HYDROGEL_PACK,XIREC,10000.0,10
563300,,SUBMISSION,VELVETFRUIT_EXTRACT,XIREC,5229.0,11
563500,SUBMISSION,,VELVETFRUIT_EXTRACT,XIREC,5227.0,8
563600,SUBMISSION,,HYDROGEL_PACK,XIREC,9992.0,2
564000,SUBMISSION,,VELVETFRUIT_EXTRACT,XIREC,5231.0,12
564000,SUBMISSION,,VELVETFRUIT_EXTRACT,XIREC,5231.0,12
564300,,,VEV_5200,XIREC,84.0,2
564300,,,VEV_5300,XIREC,40.0,2
564300,,,VEV_5400,XIREC,12.0,2
564300,,,VEV_5500,XIREC,4.0,2
564300,,,VEV_6000,XIREC,0.0,2
564300,,,VEV_6500,XIREC,0.0,2
564900,,SUBMISSION,VELVETFRUIT_EXTRACT,XIREC,5235.0,6
565500,,SUBMISSION,VELVETFRUIT_EXTRACT,XIREC,5238.0,7
565600,,SUBMISSION,HYDROGEL_PACK,XIREC,10001.0,15
565700,,SUBMISSION,HYDROGEL_PACK,XIREC,10001.0,14
565800,,SUBMISSION,HYDROGEL_PACK,XIREC,10002.0,14
566000,,SUBMISSION,HYDROGEL_PACK,XIREC,10002.0,14
566100,,SUBMISSION,HYDROGEL_PACK,XIREC,10011.0,9
566100,,SUBMISSION,HYDROGEL_PACK,XIREC,10004.0,5
566100,,SUBMISSION,VELVETFRUIT_EXTRACT,XIREC,5235.0,6
566100,,,HYDROGEL_PACK,XIREC,10011.0,4
566200,,SUBMISSION,VELVETFRUIT_EXTRACT,XIREC,5236.0,9
567100,SUBMISSION,,VELVETFRUIT_EXTRACT,XIREC,5236.0,12
567200,SUBMISSION,,VELVETFRUIT_EXTRACT,XIREC,5235.0,6
567200,,,VEV_5400,XIREC,13.0,2
567200,,,VEV_5500,XIREC,5.0,2
567200,,,VEV_6000,XIREC,0.0,2
567200,,,VEV_6500,XIREC,0.0,2
567700,,SUBMISSION,VEV_4000,XIREC,1245.0,1
568200,,SUBMISSION,VELVETFRUIT_EXTRACT,XIREC,5236.0,7
568600,SUBMISSION,,VELVETFRUIT_EXTRACT,XIREC,5237.0,15
568700,,,HYDROGEL_PACK,XIREC,10000.0,5
568800,,SUBMISSION,VELVETFRUIT_EXTRACT,XIREC,5239.0,9
568800,,SUBMISSION,VEV_4000,XIREC,1249.0,2
568900,SUBMISSION,,VEV_4000,XIREC,1240.0,3
568900,,,VEV_5300,XIREC,43.0,4
568900,,,VEV_5400,XIREC,13.0,4
568900,,,VEV_5500,XIREC,5.0,4
568900,,,VEV_6000,XIREC,0.0,4
568900,,,VEV_6500,XIREC,0.0,4
569000,,SUBMISSION,VELVETFRUIT_EXTRACT,XIREC,5238.0,10
569500,SUBMISSION,,VELVETFRUIT_EXTRACT,XIREC,5236.0,6
569900,,,VEV_4000,XIREC,1227.0,1
570200,SUBMISSION,,VELVETFRUIT_EXTRACT,XIREC,5236.0,7
570200,,,VELVETFRUIT_EXTRACT,XIREC,5236.0,7
570700,SUBMISSION,,VELVETFRUIT_EXTRACT,XIREC,5236.0,14
570800,,SUBMISSION,VELVETFRUIT_EXTRACT,XIREC,5237.0,10
571400,SUBMISSION,,VELVETFRUIT_EXTRACT,XIREC,5239.0,5
571600,SUBMISSION,,VELVETFRUIT_EXTRACT,XIREC,5236.0,7
572400,,SUBMISSION,VELVETFRUIT_EXTRACT,XIREC,5236.0,8
574000,,SUBMISSION,VELVETFRUIT_EXTRACT,XIREC,5237.0,3
574600,SUBMISSION,,VELVETFRUIT_EXTRACT,XIREC,5233.0,8
574800,,,VEV_5400,XIREC,12.0,2
574800,,,VEV_5500,XIREC,4.0,2
574800,,,VEV_6000,XIREC,0.0,2
574800,,,VEV_6500,XIREC,0.0,2
575200,SUBMISSION,,VELVETFRUIT_EXTRACT,XIREC,5231.0,12
575800,SUBMISSION,,VELVETFRUIT_EXTRACT,XIREC,5235.0,8
575800,,,VELVETFRUIT_EXTRACT,XIREC,5235.0,8
575800,,,VEV_5500,XIREC,5.0,5
575800,,,VEV_6000,XIREC,0.0,5
575800,,,VEV_6500,XIREC,0.0,5
576400,SUBMISSION,,VELVETFRUIT_EXTRACT,XIREC,5234.0,3
576700,,SUBMISSION,VEV_4000,XIREC,1244.0,2
577800,,SUBMISSION,VELVETFRUIT_EXTRACT,XIREC,5236.0,8
578200,,SUBMISSION,VELVETFRUIT_EXTRACT,XIREC,5236.0,7
578400,SUBMISSION,,VELVETFRUIT_EXTRACT,XIREC,5237.0,5
578400,,,VELVETFRUIT_EXTRACT,XIREC,5237.0,5
578600,,,HYDROGEL_PACK,XIREC,10014.0,3
578800,SUBMISSION,,HYDROGEL_PACK,XIREC,9999.0,6
579000,SUBMISSION,,VELVETFRUIT_EXTRACT,XIREC,5236.0,5
579800,,SUBMISSION,HYDROGEL_PACK,XIREC,10003.0,4
580600,,SUBMISSION,HYDROGEL_PACK,XIREC,10001.0,2
580600,,,HYDROGEL_PACK,XIREC,10001.0,4
581100,,SUBMISSION,VELVETFRUIT_EXTRACT,XIREC,5239.0,7
581700,,SUBMISSION,VELVETFRUIT_EXTRACT,XIREC,5236.0,3
582900,SUBMISSION,,VELVETFRUIT_EXTRACT,XIREC,5236.0,1
582900,,,VELVETFRUIT_EXTRACT,XIREC,5236.0,9
584800,SUBMISSION,,VELVETFRUIT_EXTRACT,XIREC,5235.0,7
584900,SUBMISSION,,VELVETFRUIT_EXTRACT,XIREC,5235.0,7
587200,SUBMISSION,,VELVETFRUIT_EXTRACT,XIREC,5243.0,3
587700,,SUBMISSION,VELVETFRUIT_EXTRACT,XIREC,5246.0,11
588200,SUBMISSION,,VEV_4000,XIREC,1245.0,2
588200,,,VEV_5300,XIREC,45.0,4
588200,,,VEV_5400,XIREC,14.0,4
588200,,,VEV_5500,XIREC,5.0,4
588200,,,VEV_6000,XIREC,0.0,4
588200,,,VEV_6500,XIREC,0.0,4
588600,,SUBMISSION,VELVETFRUIT_EXTRACT,XIREC,5245.0,3
588600,,SUBMISSION,VELVETFRUIT_EXTRACT,XIREC,5245.0,3
588600,,,VELVETFRUIT_EXTRACT,XIREC,5245.0,2
589100,,,VEV_4000,XIREC,1234.0,3
590100,SUBMISSION,,HYDROGEL_PACK,XIREC,9990.0,2
590700,SUBMISSION,,HYDROGEL_PACK,XIREC,10000.0,8
592000,,SUBMISSION,VELVETFRUIT_EXTRACT,XIREC,5245.0,12
593700,SUBMISSION,,VELVETFRUIT_EXTRACT,XIREC,5237.0,8
594200,,SUBMISSION,HYDROGEL_PACK,XIREC,10003.0,10
594200,,SUBMISSION,VELVETFRUIT_EXTRACT,XIREC,5239.0,15
594900,,SUBMISSION,VELVETFRUIT_EXTRACT,XIREC,5239.0,17
594900,,SUBMISSION,VELVETFRUIT_EXTRACT,XIREC,5239.0,4
595300,SUBMISSION,,VELVETFRUIT_EXTRACT,XIREC,5239.0,8
595600,,SUBMISSION,VELVETFRUIT_EXTRACT,XIREC,5242.0,10
596300,,,HYDROGEL_PACK,XIREC,10027.0,2
597200,SUBMISSION,,VELVETFRUIT_EXTRACT,XIREC,5238.0,7
597400,SUBMISSION,,VELVETFRUIT_EXTRACT,XIREC,5238.0,4
599600,,,VEV_4000,XIREC,1226.0,1
600000,,SUBMISSION,VELVETFRUIT_EXTRACT,XIREC,5236.0,7
600100,,,VEV_4000,XIREC,1223.0,2
600400,,,HYDROGEL_PACK,XIREC,10035.0,4
600700,SUBMISSION,,VELVETFRUIT_EXTRACT,XIREC,5231.0,11
601200,,,VEV_4000,XIREC,1223.0,1
601700,,,HYDROGEL_PACK,XIREC,10013.0,2
603000,,SUBMISSION,VELVETFRUIT_EXTRACT,XIREC,5233.0,6
604600,,,VEV_5300,XIREC,39.0,5
604600,,,VEV_5400,XIREC,11.0,5
604600,,,VEV_5500,XIREC,4.0,5
604600,,,VEV_6000,XIREC,0.0,5
604600,,,VEV_6500,XIREC,0.0,5
604700,,,HYDROGEL_PACK,XIREC,10017.0,5
605700,SUBMISSION,,VELVETFRUIT_EXTRACT,XIREC,5227.0,7
606400,,,HYDROGEL_PACK,XIREC,10020.0,5
608100,,SUBMISSION,VEV_4000,XIREC,1229.0,2
608500,SUBMISSION,,VELVETFRUIT_EXTRACT,XIREC,5218.0,10
608500,,,VELVETFRUIT_EXTRACT,XIREC,5218.0,10
609900,SUBMISSION,,VELVETFRUIT_EXTRACT,XIREC,5223.0,6
611400,,SUBMISSION,VELVETFRUIT_EXTRACT,XIREC,5225.0,9
611900,SUBMISSION,,VELVETFRUIT_EXTRACT,XIREC,5221.0,6
612500,SUBMISSION,,VELVETFRUIT_EXTRACT,XIREC,5220.0,5
612900,SUBMISSION,,VELVETFRUIT_EXTRACT,XIREC,5225.0,3
612900,SUBMISSION,,VELVETFRUIT_EXTRACT,XIREC,5224.0,8
612900,,,VELVETFRUIT_EXTRACT,XIREC,5225.0,10
614100,SUBMISSION,,HYDROGEL_PACK,XIREC,9999.0,4
615300,SUBMISSION,,HYDROGEL_PACK,XIREC,10000.0,13
615600,SUBMISSION,,HYDROGEL_PACK,XIREC,10000.0,13
615700,SUBMISSION,,HYDROGEL_PACK,XIREC,9999.0,13
615800,SUBMISSION,,HYDROGEL_PACK,XIREC,9996.0,13
615800,SUBMISSION,,HYDROGEL_PACK,XIREC,9998.0,24
615900,SUBMISSION,,HYDROGEL_PACK,XIREC,9995.0,10
615900,SUBMISSION,,HYDROGEL_PACK,XIREC,9997.0,24
616000,SUBMISSION,,HYDROGEL_PACK,XIREC,9992.0,13
616000,SUBMISSION,,HYDROGEL_PACK,XIREC,9994.0,30
616100,SUBMISSION,,HYDROGEL_PACK,XIREC,9987.0,14
616100,SUBMISSION,,HYDROGEL_PACK,XIREC,9989.0,26
616200,SUBMISSION,,HYDROGEL_PACK,XIREC,9984.0,3
616300,SUBMISSION,,VELVETFRUIT_EXTRACT,XIREC,5229.0,5
616600,,SUBMISSION,VELVETFRUIT_EXTRACT,XIREC,5231.0,9
617400,SUBMISSION,,VELVETFRUIT_EXTRACT,XIREC,5232.0,7
617900,SUBMISSION,,VEV_4000,XIREC,1233.0,2
617900,,,VEV_5300,XIREC,40.0,2
617900,,,VEV_5400,XIREC,12.0,2
617900,,,VEV_5500,XIREC,4.0,2
617900,,,VEV_6000,XIREC,0.0,2
617900,,,VEV_6500,XIREC,0.0,2
618300,,,VEV_5300,XIREC,40.0,2
618300,,,VEV_5400,XIREC,12.0,2
618300,,,VEV_5500,XIREC,4.0,2
618300,,,VEV_6000,XIREC,0.0,2
618300,,,VEV_6500,XIREC,0.0,2
618900,SUBMISSION,,VELVETFRUIT_EXTRACT,XIREC,5231.0,5
618900,,,VELVETFRUIT_EXTRACT,XIREC,5231.0,3
619500,SUBMISSION,,VELVETFRUIT_EXTRACT,XIREC,5232.0,8
619800,,SUBMISSION,VELVETFRUIT_EXTRACT,XIREC,5235.0,7
619900,,SUBMISSION,HYDROGEL_PACK,XIREC,10001.0,7
620500,,SUBMISSION,VELVETFRUIT_EXTRACT,XIREC,5234.0,3
621700,,SUBMISSION,VEV_4000,XIREC,1244.0,3
621800,SUBMISSION,,HYDROGEL_PACK,XIREC,9994.0,2
621900,,SUBMISSION,VELVETFRUIT_EXTRACT,XIREC,5235.0,6
622400,SUBMISSION,,VELVETFRUIT_EXTRACT,XIREC,5235.0,13
622400,SUBMISSION,,VELVETFRUIT_EXTRACT,XIREC,5235.0,13
622800,SUBMISSION,,VEV_4000,XIREC,1228.0,1
623800,,SUBMISSION,VELVETFRUIT_EXTRACT,XIREC,5239.0,8
624100,,SUBMISSION,HYDROGEL_PACK,XIREC,10000.0,10
624200,,SUBMISSION,HYDROGEL_PACK,XIREC,10001.0,12
624300,,SUBMISSION,HYDROGEL_PACK,XIREC,10001.0,13
624400,,SUBMISSION,HYDROGEL_PACK,XIREC,10002.0,11
624400,SUBMISSION,,VEV_4000,XIREC,1238.0,2
624400,,,VEV_5200,XIREC,88.0,2
624400,,,VEV_5300,XIREC,42.0,2
624400,,,VEV_5400,XIREC,13.0,2
624400,,,VEV_5500,XIREC,5.0,2
624400,,,VEV_6000,XIREC,0.0,2
624400,,,VEV_6500,XIREC,0.0,2
624500,,SUBMISSION,HYDROGEL_PACK,XIREC,10003.0,13
624500,,SUBMISSION,HYDROGEL_PACK,XIREC,10001.0,22
624600,,SUBMISSION,HYDROGEL_PACK,XIREC,10004.0,13
624600,,SUBMISSION,HYDROGEL_PACK,XIREC,10002.0,28
624700,,SUBMISSION,HYDROGEL_PACK,XIREC,10005.0,13
624700,,SUBMISSION,HYDROGEL_PACK,XIREC,10003.0,30
624700,,SUBMISSION,VELVETFRUIT_EXTRACT,XIREC,5241.0,5
624800,,SUBMISSION,HYDROGEL_PACK,XIREC,10007.0,14
624800,,SUBMISSION,HYDROGEL_PACK,XIREC,10005.0,16
625100,,,HYDROGEL_PACK,XIREC,10004.0,2
625200,,SUBMISSION,VELVETFRUIT_EXTRACT,XIREC,5235.0,8
626000,SUBMISSION,,VELVETFRUIT_EXTRACT,XIREC,5234.0,7
626000,SUBMISSION,,VELVETFRUIT_EXTRACT,XIREC,5233.0,4
628100,,SUBMISSION,VELVETFRUIT_EXTRACT,XIREC,5230.0,6
628300,SUBMISSION,,VELVETFRUIT_EXTRACT,XIREC,5226.0,7
630400,,,HYDROGEL_PACK,XIREC,10019.0,5
630500,SUBMISSION,,VELVETFRUIT_EXTRACT,XIREC,5220.0,8
630800,SUBMISSION,,VELVETFRUIT_EXTRACT,XIREC,5221.0,6
631300,SUBMISSION,,VELVETFRUIT_EXTRACT,XIREC,5221.0,5
631500,,SUBMISSION,VEV_4000,XIREC,1229.0,3
631700,SUBMISSION,,VEV_4000,XIREC,1220.0,3
631700,,,VEV_5400,XIREC,10.0,3
631700,,,VEV_6000,XIREC,0.0,3
631700,,,VEV_6500,XIREC,0.0,3
632800,SUBMISSION,,VELVETFRUIT_EXTRACT,XIREC,5216.0,7
632800,,,VELVETFRUIT_EXTRACT,XIREC,5216.0,7
633100,,SUBMISSION,VELVETFRUIT_EXTRACT,XIREC,5215.0,5
634500,,SUBMISSION,VELVETFRUIT_EXTRACT,XIREC,5217.0,5
634800,SUBMISSION,,VELVETFRUIT_EXTRACT,XIREC,5216.0,8
634800,SUBMISSION,,VELVETFRUIT_EXTRACT,XIREC,5215.0,6
634800,,,VELVETFRUIT_EXTRACT,XIREC,5216.0,8
634900,,,HYDROGEL_PACK,XIREC,10010.0,2
635700,,,HYDROGEL_PACK,XIREC,10034.0,3
636100,,,VEV_5200,XIREC,79.0,4
636100,,,VEV_5300,XIREC,37.0,4
636100,,,VEV_5500,XIREC,4.0,4
636100,,,VEV_6000,XIREC,0.0,4
636100,,,VEV_6500,XIREC,0.0,4
637500,,,HYDROGEL_PACK,XIREC,10018.0,4
637700,,SUBMISSION,VELVETFRUIT_EXTRACT,XIREC,5216.0,9
638800,,SUBMISSION,VELVETFRUIT_EXTRACT,XIREC,5214.0,15
640300,,,HYDROGEL_PACK,XIREC,10029.0,3
640500,SUBMISSION,,VELVETFRUIT_EXTRACT,XIREC,5213.0,3
640700,SUBMISSION,,VELVETFRUIT_EXTRACT,XIREC,5213.0,6
640700,,,HYDROGEL_PACK,XIREC,10042.0,4
642100,,,VEV_5200,XIREC,74.0,4
642100,,,VEV_5300,XIREC,34.0,4
642100,,,VEV_5400,XIREC,9.0,4
642100,,,VEV_5500,XIREC,3.0,4
642100,,,VEV_6000,XIREC,0.0,4
642100,,,VEV_6500,XIREC,0.0,4
644900,,SUBMISSION,VELVETFRUIT_EXTRACT,XIREC,5209.0,6
645000,,SUBMISSION,VEV_4000,XIREC,1217.0,3
646100,,SUBMISSION,VELVETFRUIT_EXTRACT,XIREC,5210.0,3
646600,,SUBMISSION,VELVETFRUIT_EXTRACT,XIREC,5205.0,6
647000,,,HYDROGEL_PACK,XIREC,10003.0,3
647200,SUBMISSION,,VEV_4000,XIREC,1197.0,3
647400,SUBMISSION,,HYDROGEL_PACK,XIREC,9994.0,2
647600,SUBMISSION,,HYDROGEL_PACK,XIREC,9992.0,4
647900,SUBMISSION,,HYDROGEL_PACK,XIREC,9990.0,6
648200,,SUBMISSION,VELVETFRUIT_EXTRACT,XIREC,5205.0,8
648200,,SUBMISSION,VELVETFRUIT_EXTRACT,XIREC,5207.0,6
648300,SUBMISSION,,HYDROGEL_PACK,XIREC,9999.0,12
648400,,SUBMISSION,HYDROGEL_PACK,XIREC,10001.0,2
648700,SUBMISSION,,HYDROGEL_PACK,XIREC,10000.0,14
649200,SUBMISSION,,HYDROGEL_PACK,XIREC,10000.0,11
650200,,SUBMISSION,HYDROGEL_PACK,XIREC,10001.0,10
650300,SUBMISSION,,VELVETFRUIT_EXTRACT,XIREC,5199.0,6
650500,,SUBMISSION,VELVETFRUIT_EXTRACT,XIREC,5201.0,12
651600,SUBMISSION,,HYDROGEL_PACK,XIREC,9995.0,9
652100,SUBMISSION,,HYDROGEL_PACK,XIREC,9999.0,11
652100,SUBMISSION,,VELVETFRUIT_EXTRACT,XIREC,5199.0,6
652300,SUBMISSION,,HYDROGEL_PACK,XIREC,9999.0,13
652400,SUBMISSION,,HYDROGEL_PACK,XIREC,9997.0,13
652400,SUBMISSION,,HYDROGEL_PACK,XIREC,9999.0,23
652500,SUBMISSION,,HYDROGEL_PACK,XIREC,9998.0,14
652600,SUBMISSION,,HYDROGEL_PACK,XIREC,9998.0,15
652700,SUBMISSION,,HYDROGEL_PACK,XIREC,9998.0,10
652800,SUBMISSION,,HYDROGEL_PACK,XIREC,9995.0,13
652800,SUBMISSION,,HYDROGEL_PACK,XIREC,9997.0,27
652800,SUBMISSION,,HYDROGEL_PACK,XIREC,9980.0,2
652900,SUBMISSION,,HYDROGEL_PACK,XIREC,9994.0,12
652900,SUBMISSION,,HYDROGEL_PACK,XIREC,9997.0,1
653200,,,HYDROGEL_PACK,XIREC,9975.0,6
653300,,,HYDROGEL_PACK,XIREC,9974.0,5
654200,,,VEV_5400,XIREC,8.0,2
654200,,,VEV_5500,XIREC,3.0,2
654200,,,VEV_6000,XIREC,0.0,2
654200,,,VEV_6500,XIREC,0.0,2
654300,SUBMISSION,,VELVETFRUIT_EXTRACT,XIREC,5206.0,8
655100,,SUBMISSION,VELVETFRUIT_EXTRACT,XIREC,5209.0,8
657500,,SUBMISSION,VELVETFRUIT_EXTRACT,XIREC,5211.0,10
657800,,SUBMISSION,VELVETFRUIT_EXTRACT,XIREC,5212.0,5
658100,,SUBMISSION,VELVETFRUIT_EXTRACT,XIREC,5210.0,10
659200,,SUBMISSION,VELVETFRUIT_EXTRACT,XIREC,5214.0,7
659700,SUBMISSION,,VELVETFRUIT_EXTRACT,XIREC,5214.0,10
659800,,SUBMISSION,VELVETFRUIT_EXTRACT,XIREC,5212.0,10
661100,,SUBMISSION,HYDROGEL_PACK,XIREC,10002.0,5
661300,,SUBMISSION,HYDROGEL_PACK,XIREC,10010.0,6
661500,,SUBMISSION,VELVETFRUIT_EXTRACT,XIREC,5215.0,13
662000,SUBMISSION,,VELVETFRUIT_EXTRACT,XIREC,5215.0,8
663700,,SUBMISSION,HYDROGEL_PACK,XIREC,10005.0,5
663700,,SUBMISSION,VELVETFRUIT_EXTRACT,XIREC,5217.0,6
663800,,SUBMISSION,HYDROGEL_PACK,XIREC,10001.0,12
663900,,SUBMISSION,HYDROGEL_PACK,XIREC,10003.0,15
663900,,SUBMISSION,HYDROGEL_PACK,XIREC,10000.0,22
664000,,SUBMISSION,HYDROGEL_PACK,XIREC,10003.0,10
664000,,SUBMISSION,HYDROGEL_PACK,XIREC,10000.0,22
664100,,SUBMISSION,HYDROGEL_PACK,XIREC,10007.0,11
664100,,SUBMISSION,HYDROGEL_PACK,XIREC,10004.0,26
664200,,SUBMISSION,HYDROGEL_PACK,XIREC,10008.0,11
664200,,SUBMISSION,HYDROGEL_PACK,XIREC,10005.0,26
664300,,SUBMISSION,HYDROGEL_PACK,XIREC,10010.0,14
664300,,SUBMISSION,HYDROGEL_PACK,XIREC,10007.0,15
664500,,SUBMISSION,VELVETFRUIT_EXTRACT,XIREC,5214.0,7
665400,,SUBMISSION,VELVETFRUIT_EXTRACT,XIREC,5220.0,10
666000,SUBMISSION,,VELVETFRUIT_EXTRACT,XIREC,5221.0,9
666100,,,HYDROGEL_PACK,XIREC,10028.0,3
666200,,SUBMISSION,VELVETFRUIT_EXTRACT,XIREC,5222.0,10
666500,SUBMISSION,,VELVETFRUIT_EXTRACT,XIREC,5221.0,7
667300,,SUBMISSION,VELVETFRUIT_EXTRACT,XIREC,5224.0,8
667400,,SUBMISSION,VELVETFRUIT_EXTRACT,XIREC,5226.0,6
668800,,SUBMISSION,VELVETFRUIT_EXTRACT,XIREC,5219.0,7
669200,,,HYDROGEL_PACK,XIREC,10027.0,4
669500,SUBMISSION,,VELVETFRUIT_EXTRACT,XIREC,5219.0,5
669900,SUBMISSION,,VELVETFRUIT_EXTRACT,XIREC,5217.0,7
671100,SUBMISSION,,VELVETFRUIT_EXTRACT,XIREC,5219.0,7
671200,,,VEV_4000,XIREC,1209.0,3
672100,,SUBMISSION,VELVETFRUIT_EXTRACT,XIREC,5219.0,7
672900,,SUBMISSION,VELVETFRUIT_EXTRACT,XIREC,5220.0,7
673800,SUBMISSION,,VELVETFRUIT_EXTRACT,XIREC,5222.0,8
673800,,,HYDROGEL_PACK,XIREC,10000.0,4
674000,,,VEV_5300,XIREC,37.0,3
674000,,,VEV_5400,XIREC,10.0,3
674000,,,VEV_5500,XIREC,4.0,3
674000,,,VEV_6000,XIREC,0.0,3
674000,,,VEV_6500,XIREC,0.0,3
675700,,,VEV_4000,XIREC,1218.0,1
677200,,SUBMISSION,VELVETFRUIT_EXTRACT,XIREC,5226.0,11
679200,,SUBMISSION,VELVETFRUIT_EXTRACT,XIREC,5226.0,10
679600,,SUBMISSION,VELVETFRUIT_EXTRACT,XIREC,5226.0,6
680600,,,VEV_4000,XIREC,1212.0,3
680800,SUBMISSION,,HYDROGEL_PACK,XIREC,9995.0,2
681500,,SUBMISSION,HYDROGEL_PACK,XIREC,10004.0,2
681500,,,HYDROGEL_PACK,XIREC,10005.0,3
682000,,SUBMISSION,VELVETFRUIT_EXTRACT,XIREC,5223.0,9
682600,,,VEV_4000,XIREC,1214.0,1
684000,,,VEV_5400,XIREC,11.0,5
684000,,,VEV_5500,XIREC,4.0,5
684000,,,VEV_6000,XIREC,0.0,5
684000,,,VEV_6500,XIREC,0.0,5
684300,SUBMISSION,,VELVETFRUIT_EXTRACT,XIREC,5229.0,9
684500,SUBMISSION,,HYDROGEL_PACK,XIREC,9990.0,2
684600,SUBMISSION,,VELVETFRUIT_EXTRACT,XIREC,5228.0,9
684800,SUBMISSION,,VELVETFRUIT_EXTRACT,XIREC,5227.0,14
685100,SUBMISSION,,VELVETFRUIT_EXTRACT,XIREC,5226.0,9
685200,,SUBMISSION,VELVETFRUIT_EXTRACT,XIREC,5230.0,6
685600,SUBMISSION,,HYDROGEL_PACK,XIREC,10000.0,11
685700,,SUBMISSION,VELVETFRUIT_EXTRACT,XIREC,5231.0,7
685800,SUBMISSION,,HYDROGEL_PACK,XIREC,9999.0,11
685900,SUBMISSION,,HYDROGEL_PACK,XIREC,9998.0,11
686600,SUBMISSION,,HYDROGEL_PACK,XIREC,9993.0,5
686700,SUBMISSION,,HYDROGEL_PACK,XIREC,10000.0,12
687100,SUBMISSION,,HYDROGEL_PACK,XIREC,10000.0,11
687200,SUBMISSION,,HYDROGEL_PACK,XIREC,9998.0,12
687200,SUBMISSION,,HYDROGEL_PACK,XIREC,10000.0,23
687300,SUBMISSION,,HYDROGEL_PACK,XIREC,9997.0,15
687400,SUBMISSION,,HYDROGEL_PACK,XIREC,9999.0,12
687500,SUBMISSION,,HYDROGEL_PACK,XIREC,9997.0,13
687600,SUBMISSION,,HYDROGEL_PACK,XIREC,9997.0,11
687600,SUBMISSION,,HYDROGEL_PACK,XIREC,9999.0,22
687700,SUBMISSION,,HYDROGEL_PACK,XIREC,9998.0,10
687800,SUBMISSION,,HYDROGEL_PACK,XIREC,9995.0,12
687800,SUBMISSION,,HYDROGEL_PACK,XIREC,9998.0,7
687900,SUBMISSION,,VELVETFRUIT_EXTRACT,XIREC,5231.0,9
688400,,SUBMISSION,VELVETFRUIT_EXTRACT,XIREC,5233.0,7
688400,,SUBMISSION,VELVETFRUIT_EXTRACT,XIREC,5235.0,6
688600,,SUBMISSION,VELVETFRUIT_EXTRACT,XIREC,5236.0,5
688900,,,VEV_4000,XIREC,1226.0,2
689400,,SUBMISSION,VELVETFRUIT_EXTRACT,XIREC,5234.0,6
689500,,SUBMISSION,VELVETFRUIT_EXTRACT,XIREC,5235.0,9
689800,,SUBMISSION,HYDROGEL_PACK,XIREC,10003.0,9
690500,,SUBMISSION,HYDROGEL_PACK,XIREC,10012.0,5
690600,,SUBMISSION,HYDROGEL_PACK,XIREC,10004.0,10
691200,,SUBMISSION,HYDROGEL_PACK,XIREC,10001.0,13
691300,,SUBMISSION,HYDROGEL_PACK,XIREC,10000.0,10
691400,,SUBMISSION,HYDROGEL_PACK,XIREC,10003.0,12
691400,,SUBMISSION,HYDROGEL_PACK,XIREC,10000.0,26
691500,,SUBMISSION,HYDROGEL_PACK,XIREC,10003.0,13
691500,,SUBMISSION,HYDROGEL_PACK,XIREC,10001.0,30
691600,,SUBMISSION,HYDROGEL_PACK,XIREC,10003.0,10
691700,,SUBMISSION,HYDROGEL_PACK,XIREC,10003.0,14
691700,,SUBMISSION,HYDROGEL_PACK,XIREC,10001.0,25
691700,,SUBMISSION,VELVETFRUIT_EXTRACT,XIREC,5239.0,6
691800,,SUBMISSION,HYDROGEL_PACK,XIREC,10002.0,11
691900,,SUBMISSION,HYDROGEL_PACK,XIREC,10003.0,12
692400,SUBMISSION,,VELVETFRUIT_EXTRACT,XIREC,5236.0,15
692900,,SUBMISSION,VELVETFRUIT_EXTRACT,XIREC,5234.0,14
693000,SUBMISSION,,VELVETFRUIT_EXTRACT,XIREC,5231.0,8
693500,SUBMISSION,,VELVETFRUIT_EXTRACT,XIREC,5235.0,6
693600,SUBMISSION,,VELVETFRUIT_EXTRACT,XIREC,5235.0,5
693600,,,VELVETFRUIT_EXTRACT,XIREC,5235.0,5
694600,SUBMISSION,,VELVETFRUIT_EXTRACT,XIREC,5238.0,3
694900,,,HYDROGEL_PACK,XIREC,10011.0,3
695200,,,HYDROGEL_PACK,XIREC,10010.0,6
695900,,,HYDROGEL_PACK,XIREC,10034.0,6
696000,,SUBMISSION,VELVETFRUIT_EXTRACT,XIREC,5238.0,14
696000,,,VEV_4000,XIREC,1227.0,3
696500,SUBMISSION,,VELVETFRUIT_EXTRACT,XIREC,5237.0,13
697300,SUBMISSION,,VELVETFRUIT_EXTRACT,XIREC,5239.0,10
698300,,,HYDROGEL_PACK,XIREC,10048.0,5
699100,,,HYDROGEL_PACK,XIREC,10035.0,5
700100,,SUBMISSION,VELVETFRUIT_EXTRACT,XIREC,5236.0,7
700400,,,HYDROGEL_PACK,XIREC,10052.0,5
701200,,,HYDROGEL_PACK,XIREC,10052.0,5
701200,,,VEV_5400,XIREC,13.0,2
701200,,,VEV_5500,XIREC,5.0,2
701200,,,VEV_6000,XIREC,0.0,2
701200,,,VEV_6500,XIREC,0.0,2
701500,,,HYDROGEL_PACK,XIREC,10054.0,3
702500,,SUBMISSION,VELVETFRUIT_EXTRACT,XIREC,5247.0,4
702600,SUBMISSION,,VELVETFRUIT_EXTRACT,XIREC,5245.0,11
702700,,SUBMISSION,VELVETFRUIT_EXTRACT,XIREC,5248.0,8
703000,,,HYDROGEL_PACK,XIREC,10027.0,3
703100,SUBMISSION,,VELVETFRUIT_EXTRACT,XIREC,5249.0,7
703100,,,VELVETFRUIT_EXTRACT,XIREC,5249.0,7
703200,,,VEV_5400,XIREC,14.0,5
703200,,,VEV_5500,XIREC,6.0,5
703200,,,VEV_6000,XIREC,0.0,5
703200,,,VEV_6500,XIREC,0.0,5
703900,SUBMISSION,,VELVETFRUIT_EXTRACT,XIREC,5254.0,9
704700,,SUBMISSION,VELVETFRUIT_EXTRACT,XIREC,5256.0,8
705100,,SUBMISSION,VELVETFRUIT_EXTRACT,XIREC,5253.0,9
705500,SUBMISSION,,VELVETFRUIT_EXTRACT,XIREC,5256.0,6
705900,,SUBMISSION,VELVETFRUIT_EXTRACT,XIREC,5255.0,10
706000,,SUBMISSION,VELVETFRUIT_EXTRACT,XIREC,5257.0,15
707100,,,HYDROGEL_PACK,XIREC,10056.0,3
707200,,SUBMISSION,VELVETFRUIT_EXTRACT,XIREC,5258.0,11
710500,,,VEV_5300,XIREC,49.0,5
710500,,,VEV_5400,XIREC,15.0,5
710500,,,VEV_5500,XIREC,6.0,5
710500,,,VEV_6000,XIREC,0.0,5
710500,,,VEV_6500,XIREC,0.0,5
712000,SUBMISSION,,VELVETFRUIT_EXTRACT,XIREC,5264.0,9
713400,SUBMISSION,,VELVETFRUIT_EXTRACT,XIREC,5269.0,13
713400,SUBMISSION,,VELVETFRUIT_EXTRACT,XIREC,5269.0,13
713600,SUBMISSION,,VELVETFRUIT_EXTRACT,XIREC,5272.0,11
713900,,SUBMISSION,VELVETFRUIT_EXTRACT,XIREC,5274.0,6
715000,,,VEV_5400,XIREC,18.0,5
715000,,,VEV_5500,XIREC,7.0,5
715000,,,VEV_6000,XIREC,0.0,5
715000,,,VEV_6500,XIREC,0.0,5
716000,SUBMISSION,,VELVETFRUIT_EXTRACT,XIREC,5271.0,7
716700,,,HYDROGEL_PACK,XIREC,10059.0,3
719600,,,VEV_4000,XIREC,1254.0,2
720300,,SUBMISSION,VELVETFRUIT_EXTRACT,XIREC,5265.0,5
720400,,SUBMISSION,VELVETFRUIT_EXTRACT,XIREC,5266.0,8
720500,SUBMISSION,,VELVETFRUIT_EXTRACT,XIREC,5265.0,6
720500,,,VEV_5300,XIREC,53.0,2
720500,,,VEV_5400,XIREC,17.0,2
720500,,,VEV_5500,XIREC,7.0,2
720500,,,VEV_6000,XIREC,0.0,2
720500,,,VEV_6500,XIREC,0.0,2
721200,SUBMISSION,,VELVETFRUIT_EXTRACT,XIREC,5264.0,4
721900,,,VEV_4000,XIREC,1253.0,3
722300,,SUBMISSION,VELVETFRUIT_EXTRACT,XIREC,5264.0,6
724000,,SUBMISSION,VELVETFRUIT_EXTRACT,XIREC,5269.0,8
724400,,,HYDROGEL_PACK,XIREC,10065.0,5
724500,,SUBMISSION,VELVETFRUIT_EXTRACT,XIREC,5269.0,10
724900,SUBMISSION,,VELVETFRUIT_EXTRACT,XIREC,5266.0,10
725000,,,VEV_5300,XIREC,53.0,4
725000,,,VEV_5400,XIREC,17.0,4
725000,,,VEV_5500,XIREC,7.0,4
725000,,,VEV_6000,XIREC,0.0,4
725000,,,VEV_6500,XIREC,0.0,4
725400,,SUBMISSION,VELVETFRUIT_EXTRACT,XIREC,5266.0,5
725800,,SUBMISSION,VELVETFRUIT_EXTRACT,XIREC,5264.0,8
725800,,,HYDROGEL_PACK,XIREC,10068.0,6
726600,,SUBMISSION,VELVETFRUIT_EXTRACT,XIREC,5263.0,7
726700,,,HYDROGEL_PACK,XIREC,10075.0,3
726800,SUBMISSION,,VELVETFRUIT_EXTRACT,XIREC,5258.0,6
727900,,,HYDROGEL_PACK,XIREC,10075.0,4
728300,,SUBMISSION,VELVETFRUIT_EXTRACT,XIREC,5260.0,5
729700,,,HYDROGEL_PACK,XIREC,10072.0,3
730800,,,HYDROGEL_PACK,XIREC,10057.0,6
731000,,,HYDROGEL_PACK,XIREC,10074.0,4
731200,,SUBMISSION,VELVETFRUIT_EXTRACT,XIREC,5275.0,4
732600,SUBMISSION,,VELVETFRUIT_EXTRACT,XIREC,5280.0,3
732600,SUBMISSION,,VELVETFRUIT_EXTRACT,XIREC,5280.0,4
732700,,,HYDROGEL_PACK,XIREC,10035.0,2
733800,,SUBMISSION,VELVETFRUIT_EXTRACT,XIREC,5281.0,3
735100,,,VEV_5400,XIREC,21.0,4
735100,,,VEV_5500,XIREC,9.0,4
735100,,,VEV_6000,XIREC,0.0,4
735100,,,VEV_6500,XIREC,0.0,4
736200,SUBMISSION,,VELVETFRUIT_EXTRACT,XIREC,5275.0,2
736200,SUBMISSION,,VELVETFRUIT_EXTRACT,XIREC,5275.0,10
737600,SUBMISSION,,VELVETFRUIT_EXTRACT,XIREC,5273.0,15
738100,,SUBMISSION,VEV_4000,XIREC,1281.0,2
740800,SUBMISSION,,VELVETFRUIT_EXTRACT,XIREC,5262.0,5
741200,,,HYDROGEL_PACK,XIREC,10052.0,2
741400,SUBMISSION,,VELVETFRUIT_EXTRACT,XIREC,5264.0,8
741600,SUBMISSION,,VELVETFRUIT_EXTRACT,XIREC,5264.0,5
741900,SUBMISSION,,VEV_4000,XIREC,1265.0,2
741900,,,VEV_5400,XIREC,17.0,4
741900,,,VEV_5500,XIREC,7.0,4
741900,,,VEV_6000,XIREC,0.0,4
741900,,,VEV_6500,XIREC,0.0,4
742200,,SUBMISSION,VELVETFRUIT_EXTRACT,XIREC,5264.0,10
742700,,,HYDROGEL_PACK,XIREC,10052.0,2
743600,,,VEV_4000,XIREC,1259.0,3
743800,,SUBMISSION,VEV_4000,XIREC,1278.0,3
744500,,SUBMISSION,VELVETFRUIT_EXTRACT,XIREC,5274.0,9
744600,,SUBMISSION,VELVETFRUIT_EXTRACT,XIREC,5276.0,14
745000,,,HYDROGEL_PACK,XIREC,10036.0,6
746300,SUBMISSION,,VEV_4000,XIREC,1276.0,3
746300,,,VEV_5400,XIREC,20.0,4
746300,,,VEV_5500,XIREC,8.0,4
746300,,,VEV_6000,XIREC,0.0,4
746300,,,VEV_6500,XIREC,0.0,4
747100,SUBMISSION,,VELVETFRUIT_EXTRACT,XIREC,5276.0,5
747400,,,VEV_4000,XIREC,1264.0,3
747600,,SUBMISSION,VELVETFRUIT_EXTRACT,XIREC,5272.0,7
747700,,,VEV_4000,XIREC,1261.0,3
749700,,SUBMISSION,VELVETFRUIT_EXTRACT,XIREC,5276.0,5
749800,,,HYDROGEL_PACK,XIREC,10044.0,2
750500,,SUBMISSION,VELVETFRUIT_EXTRACT,XIREC,5272.0,7
752500,,SUBMISSION,VELVETFRUIT_EXTRACT,XIREC,5271.0,3
753400,,,VEV_4000,XIREC,1253.0,3
754200,,,VEV_5400,XIREC,16.0,3
754200,,,VEV_5500,XIREC,6.0,3
754200,,,VEV_6000,XIREC,0.0,3
754200,,,VEV_6500,XIREC,0.0,3
755800,SUBMISSION,,VELVETFRUIT_EXTRACT,XIREC,5261.0,4
756300,,SUBMISSION,VEV_4000,XIREC,1275.0,2
756600,,,HYDROGEL_PACK,XIREC,10062.0,6
757300,SUBMISSION,,VELVETFRUIT_EXTRACT,XIREC,5269.0,9
758300,SUBMISSION,,VELVETFRUIT_EXTRACT,XIREC,5272.0,6
759100,,,HYDROGEL_PACK,XIREC,10073.0,5
760000,SUBMISSION,,VEV_4000,XIREC,1276.0,2
760000,,,VEV_5400,XIREC,19.0,2
760000,,,VEV_5500,XIREC,8.0,2
760000,,,VEV_6000,XIREC,0.0,2
760000,,,VEV_6500,XIREC,0.0,2
760200,,SUBMISSION,VELVETFRUIT_EXTRACT,XIREC,5276.0,5
760900,,,HYDROGEL_PACK,XIREC,10055.0,2
762400,SUBMISSION,,VELVETFRUIT_EXTRACT,XIREC,5269.0,3
762700,,,VEV_4000,XIREC,1261.0,2
764300,,,VEV_4000,XIREC,1258.0,2
765000,SUBMISSION,,VELVETFRUIT_EXTRACT,XIREC,5267.0,7
765000,SUBMISSION,,VELVETFRUIT_EXTRACT,XIREC,5267.0,1
765100,SUBMISSION,,VELVETFRUIT_EXTRACT,XIREC,5266.0,4
765800,,,HYDROGEL_PACK,XIREC,10048.0,3
767100,,,HYDROGEL_PACK,XIREC,10063.0,4
767200,,SUBMISSION,VELVETFRUIT_EXTRACT,XIREC,5275.0,3
768100,,,HYDROGEL_PACK,XIREC,10056.0,4
768200,,,HYDROGEL_PACK,XIREC,10056.0,3
768700,SUBMISSION,,VELVETFRUIT_EXTRACT,XIREC,5271.0,5
768800,,,HYDROGEL_PACK,XIREC,10071.0,5
770900,,SUBMISSION,VELVETFRUIT_EXTRACT,XIREC,5268.0,5
771700,,SUBMISSION,VELVETFRUIT_EXTRACT,XIREC,5263.0,7
772000,,SUBMISSION,VEV_4000,XIREC,1272.0,3
772000,,,HYDROGEL_PACK,XIREC,10082.0,6
772500,SUBMISSION,,VELVETFRUIT_EXTRACT,XIREC,5261.0,7
772600,,SUBMISSION,VELVETFRUIT_EXTRACT,XIREC,5264.0,8
773900,SUBMISSION,,VELVETFRUIT_EXTRACT,XIREC,5260.0,6
775000,,SUBMISSION,VELVETFRUIT_EXTRACT,XIREC,5265.0,4
775100,,,HYDROGEL_PACK,XIREC,10056.0,5
775300,SUBMISSION,,VEV_4000,XIREC,1251.0,1
777000,,SUBMISSION,VELVETFRUIT_EXTRACT,XIREC,5269.0,6
779800,SUBMISSION,,VELVETFRUIT_EXTRACT,XIREC,5260.0,10
781600,SUBMISSION,,VELVETFRUIT_EXTRACT,XIREC,5256.0,6
781600,SUBMISSION,,VELVETFRUIT_EXTRACT,XIREC,5256.0,3
781800,,SUBMISSION,VELVETFRUIT_EXTRACT,XIREC,5257.0,3
782100,,,HYDROGEL_PACK,XIREC,10078.0,6
782500,,,HYDROGEL_PACK,XIREC,10072.0,6
782700,,,HYDROGEL_PACK,XIREC,10075.0,6
783300,SUBMISSION,,VEV_4000,XIREC,1250.0,2
783300,,,VEV_4000,XIREC,1249.0,1
784400,,,HYDROGEL_PACK,XIREC,10072.0,6
785200,,,HYDROGEL_PACK,XIREC,10056.0,3
785800,,,HYDROGEL_PACK,XIREC,10056.0,3
785800,,,VEV_5400,XIREC,15.0,3
785800,,,VEV_5500,XIREC,6.0,3
785800,,,VEV_6000,XIREC,0.0,3
785800,,,VEV_6500,XIREC,0.0,3
786100,SUBMISSION,,VELVETFRUIT_EXTRACT,XIREC,5252.0,1
786100,SUBMISSION,,VELVETFRUIT_EXTRACT,XIREC,5252.0,12
786700,,,HYDROGEL_PACK,XIREC,10054.0,4
786900,,,VEV_4000,XIREC,1250.0,1
787600,,SUBMISSION,VELVETFRUIT_EXTRACT,XIREC,5258.0,10
787700,,SUBMISSION,VELVETFRUIT_EXTRACT,XIREC,5259.0,6
787800,,SUBMISSION,VELVETFRUIT_EXTRACT,XIREC,5260.0,4
789200,,,VEV_4000,XIREC,1250.0,3
790500,SUBMISSION,,VELVETFRUIT_EXTRACT,XIREC,5263.0,7
790700,SUBMISSION,,VELVETFRUIT_EXTRACT,XIREC,5263.0,2
790700,SUBMISSION,,VELVETFRUIT_EXTRACT,XIREC,5263.0,8
790700,,,HYDROGEL_PACK,XIREC,10063.0,2
791000,SUBMISSION,,VELVETFRUIT_EXTRACT,XIREC,5261.0,8
791200,SUBMISSION,,VELVETFRUIT_EXTRACT,XIREC,5261.0,7
791700,SUBMISSION,,VELVETFRUIT_EXTRACT,XIREC,5258.0,7
792200,SUBMISSION,,VELVETFRUIT_EXTRACT,XIREC,5259.0,6
792200,,,HYDROGEL_PACK,XIREC,10052.0,4
792600,,SUBMISSION,VELVETFRUIT_EXTRACT,XIREC,5256.0,8
794400,,SUBMISSION,VELVETFRUIT_EXTRACT,XIREC,5252.0,11
794800,,SUBMISSION,VELVETFRUIT_EXTRACT,XIREC,5255.0,8
794800,,SUBMISSION,VELVETFRUIT_EXTRACT,XIREC,5257.0,8
794900,SUBMISSION,,VELVETFRUIT_EXTRACT,XIREC,5252.0,6
795600,SUBMISSION,,VELVETFRUIT_EXTRACT,XIREC,5257.0,10
796600,SUBMISSION,,VELVETFRUIT_EXTRACT,XIREC,5252.0,8
797600,,,HYDROGEL_PACK,XIREC,10024.0,4
798100,,,VEV_5400,XIREC,15.0,4
798100,,,VEV_5500,XIREC,6.0,4
798100,,,VEV_6000,XIREC,0.0,4
798100,,,VEV_6500,XIREC,0.0,4
798600,,SUBMISSION,VELVETFRUIT_EXTRACT,XIREC,5255.0,6
798800,SUBMISSION,,VELVETFRUIT_EXTRACT,XIREC,5252.0,12
799500,,,HYDROGEL_PACK,XIREC,10029.0,3
799900,SUBMISSION,,VELVETFRUIT_EXTRACT,XIREC,5250.0,8
800100,,,HYDROGEL_PACK,XIREC,10012.0,5
800200,,SUBMISSION,VELVETFRUIT_EXTRACT,XIREC,5250.0,8
800400,,,VEV_5300,XIREC,45.0,3
800400,,,VEV_5500,XIREC,5.0,3
800400,,,VEV_6000,XIREC,0.0,3
800400,,,VEV_6500,XIREC,0.0,3
800600,,,HYDROGEL_PACK,XIREC,10024.0,5
800900,,SUBMISSION,VELVETFRUIT_EXTRACT,XIREC,5248.0,6
801000,,SUBMISSION,VEV_4000,XIREC,1258.0,2
801100,SUBMISSION,,VELVETFRUIT_EXTRACT,XIREC,5247.0,13
801300,,SUBMISSION,VELVETFRUIT_EXTRACT,XIREC,5248.0,5
801800,SUBMISSION,,VEV_4000,XIREC,1247.0,2
801800,,,VEV_5400,XIREC,13.0,2
801800,,,VEV_5500,XIREC,5.0,2
801800,,,VEV_6000,XIREC,0.0,2
801800,,,VEV_6500,XIREC,0.0,2
802800,,SUBMISSION,VELVETFRUIT_EXTRACT,XIREC,5242.0,3
803000,,,HYDROGEL_PACK,XIREC,10019.0,2
803400,SUBMISSION,,VELVETFRUIT_EXTRACT,XIREC,5240.0,5
803400,,,VELVETFRUIT_EXTRACT,XIREC,5240.0,5
804400,,SUBMISSION,VELVETFRUIT_EXTRACT,XIREC,5240.0,15
804900,,,VEV_4000,XIREC,1230.0,1
805300,SUBMISSION,,HYDROGEL_PACK,XIREC,9999.0,4
805700,SUBMISSION,,VELVETFRUIT_EXTRACT,XIREC,5244.0,10
805900,,SUBMISSION,HYDROGEL_PACK,XIREC,10001.0,4
807400,,SUBMISSION,VELVETFRUIT_EXTRACT,XIREC,5252.0,4
807800,,,VEV_5300,XIREC,45.0,3
807800,,,VEV_5400,XIREC,13.0,3
807800,,,VEV_5500,XIREC,5.0,3
807800,,,VEV_6000,XIREC,0.0,3
807800,,,VEV_6500,XIREC,0.0,3
809700,,,HYDROGEL_PACK,XIREC,10018.0,2
810100,,SUBMISSION,VELVETFRUIT_EXTRACT,XIREC,5244.0,4
810600,,,HYDROGEL_PACK,XIREC,10015.0,2
811700,,SUBMISSION,VELVETFRUIT_EXTRACT,XIREC,5236.0,10
811800,,SUBMISSION,VELVETFRUIT_EXTRACT,XIREC,5236.0,5
812400,SUBMISSION,,VELVETFRUIT_EXTRACT,XIREC,5234.0,8
812500,SUBMISSION,,VELVETFRUIT_EXTRACT,XIREC,5234.0,15
812600,,,VEV_5300,XIREC,40.0,4
812600,,,VEV_5400,XIREC,11.0,4
812600,,,VEV_5500,XIREC,4.0,4
812600,,,VEV_6000,XIREC,0.0,4
812600,,,VEV_6500,XIREC,0.0,4
812900,SUBMISSION,,VELVETFRUIT_EXTRACT,XIREC,5233.0,7
812900,,,VELVETFRUIT_EXTRACT,XIREC,5233.0,7
813000,,,VEV_5500,XIREC,4.0,3
813000,,,VEV_6000,XIREC,0.0,3
813000,,,VEV_6500,XIREC,0.0,3
813200,SUBMISSION,,HYDROGEL_PACK,XIREC,9999.0,4
813400,SUBMISSION,,VELVETFRUIT_EXTRACT,XIREC,5230.0,6
813900,SUBMISSION,,HYDROGEL_PACK,XIREC,9999.0,10
814000,SUBMISSION,,HYDROGEL_PACK,XIREC,9999.0,12
814100,SUBMISSION,,HYDROGEL_PACK,XIREC,9999.0,13
814200,SUBMISSION,,HYDROGEL_PACK,XIREC,9999.0,10
814500,SUBMISSION,,HYDROGEL_PACK,XIREC,9990.0,3
814900,SUBMISSION,,HYDROGEL_PACK,XIREC,10000.0,10
815000,,SUBMISSION,HYDROGEL_PACK,XIREC,10003.0,3
815000,,SUBMISSION,VELVETFRUIT_EXTRACT,XIREC,5229.0,5
816500,,SUBMISSION,VELVETFRUIT_EXTRACT,XIREC,5229.0,7
816800,SUBMISSION,,HYDROGEL_PACK,XIREC,9999.0,4
817900,SUBMISSION,,VELVETFRUIT_EXTRACT,XIREC,5229.0,5
818000,SUBMISSION,,VELVETFRUIT_EXTRACT,XIREC,5231.0,5
818100,,SUBMISSION,VELVETFRUIT_EXTRACT,XIREC,5233.0,7
818500,SUBMISSION,,VELVETFRUIT_EXTRACT,XIREC,5232.0,7
818800,,SUBMISSION,VELVETFRUIT_EXTRACT,XIREC,5233.0,10
819300,,SUBMISSION,HYDROGEL_PACK,XIREC,10001.0,11
819400,,SUBMISSION,HYDROGEL_PACK,XIREC,10002.0,13
819500,,SUBMISSION,HYDROGEL_PACK,XIREC,10002.0,14
819600,,SUBMISSION,HYDROGEL_PACK,XIREC,10003.0,12
819800,,SUBMISSION,VELVETFRUIT_EXTRACT,XIREC,5236.0,9
820300,,SUBMISSION,VELVETFRUIT_EXTRACT,XIREC,5237.0,8
820400,SUBMISSION,,VELVETFRUIT_EXTRACT,XIREC,5239.0,8
820600,,SUBMISSION,HYDROGEL_PACK,XIREC,10010.0,2
821100,SUBMISSION,,HYDROGEL_PACK,XIREC,9994.0,4
821300,,,VEV_4000,XIREC,1233.0,2
821500,,SUBMISSION,VELVETFRUIT_EXTRACT,XIREC,5243.0,9
822000,,SUBMISSION,VELVETFRUIT_EXTRACT,XIREC,5244.0,8
822200,SUBMISSION,,VELVETFRUIT_EXTRACT,XIREC,5242.0,7
822500,SUBMISSION,,VELVETFRUIT_EXTRACT,XIREC,5242.0,9
823300,,SUBMISSION,HYDROGEL_PACK,XIREC,10001.0,10
823400,,SUBMISSION,HYDROGEL_PACK,XIREC,10001.0,5
824200,,SUBMISSION,VELVETFRUIT_EXTRACT,XIREC,5250.0,4
824800,,,VEV_5500,XIREC,5.0,5
824800,,,VEV_6000,XIREC,0.0,5
824800,,,VEV_6500,XIREC,0.0,5
826300,,SUBMISSION,VELVETFRUIT_EXTRACT,XIREC,5248.0,9
826700,SUBMISSION,,VELVETFRUIT_EXTRACT,XIREC,5246.0,5
827000,,SUBMISSION,VELVETFRUIT_EXTRACT,XIREC,5246.0,7
827500,,SUBMISSION,VELVETFRUIT_EXTRACT,XIREC,5246.0,8
828300,SUBMISSION,,VELVETFRUIT_EXTRACT,XIREC,5238.0,8
829500,SUBMISSION,,VELVETFRUIT_EXTRACT,XIREC,5240.0,1
829500,SUBMISSION,,VELVETFRUIT_EXTRACT,XIREC,5240.0,6
829900,,SUBMISSION,VELVETFRUIT_EXTRACT,XIREC,5239.0,6
830000,SUBMISSION,,VELVETFRUIT_EXTRACT,XIREC,5240.0,5
830100,SUBMISSION,,VELVETFRUIT_EXTRACT,XIREC,5240.0,5
830200,SUBMISSION,,VELVETFRUIT_EXTRACT,XIREC,5238.0,14
830900,,SUBMISSION,VELVETFRUIT_EXTRACT,XIREC,5240.0,8
831700,,SUBMISSION,VELVETFRUIT_EXTRACT,XIREC,5240.0,5
832000,,SUBMISSION,VELVETFRUIT_EXTRACT,XIREC,5243.0,6
832100,SUBMISSION,,VELVETFRUIT_EXTRACT,XIREC,5240.0,8
832700,SUBMISSION,,VELVETFRUIT_EXTRACT,XIREC,5242.0,7
832700,,,VELVETFRUIT_EXTRACT,XIREC,5242.0,3
833600,,,HYDROGEL_PACK,XIREC,10025.0,2
833800,,SUBMISSION,VELVETFRUIT_EXTRACT,XIREC,5246.0,7
834900,SUBMISSION,,VELVETFRUIT_EXTRACT,XIREC,5244.0,7
835200,,SUBMISSION,VELVETFRUIT_EXTRACT,XIREC,5248.0,12
836000,SUBMISSION,,VELVETFRUIT_EXTRACT,XIREC,5245.0,6
837000,,,HYDROGEL_PACK,XIREC,10047.0,6
838700,SUBMISSION,,VELVETFRUIT_EXTRACT,XIREC,5252.0,11
838700,SUBMISSION,,VELVETFRUIT_EXTRACT,XIREC,5252.0,11
839600,SUBMISSION,,VELVETFRUIT_EXTRACT,XIREC,5253.0,8
839600,,,VELVETFRUIT_EXTRACT,XIREC,5253.0,8
840400,SUBMISSION,,VELVETFRUIT_EXTRACT,XIREC,5254.0,3
843000,,SUBMISSION,VELVETFRUIT_EXTRACT,XIREC,5258.0,10
843100,SUBMISSION,,VELVETFRUIT_EXTRACT,XIREC,5256.0,4
844200,,,HYDROGEL_PACK,XIREC,10033.0,6
844300,SUBMISSION,,VELVETFRUIT_EXTRACT,XIREC,5259.0,9
844800,,,HYDROGEL_PACK,XIREC,10034.0,3
845400,SUBMISSION,,VELVETFRUIT_EXTRACT,XIREC,5256.0,8
845400,SUBMISSION,,VELVETFRUIT_EXTRACT,XIREC,5256.0,8
845500,,,HYDROGEL_PACK,XIREC,10013.0,6
846900,SUBMISSION,,VELVETFRUIT_EXTRACT,XIREC,5259.0,5
847200,,,HYDROGEL_PACK,XIREC,10022.0,5
848200,,SUBMISSION,VEV_4000,XIREC,1271.0,2
848400,SUBMISSION,,VELVETFRUIT_EXTRACT,XIREC,5262.0,8
848400,,,HYDROGEL_PACK,XIREC,10040.0,3
848900,SUBMISSION,,VEV_4000,XIREC,1264.0,2
848900,,,VEV_5300,XIREC,51.0,5
848900,,,VEV_5500,XIREC,7.0,5
848900,,,VEV_6000,XIREC,0.0,5
848900,,,VEV_6500,XIREC,0.0,5
849200,,,VEV_4000,XIREC,1256.0,2
849300,,SUBMISSION,VELVETFRUIT_EXTRACT,XIREC,5269.0,8
850300,SUBMISSION,,VELVETFRUIT_EXTRACT,XIREC,5262.0,7
850300,SUBMISSION,,VELVETFRUIT_EXTRACT,XIREC,5261.0,7
850600,SUBMISSION,,VELVETFRUIT_EXTRACT,XIREC,5261.0,5
850600,,,VELVETFRUIT_EXTRACT,XIREC,5261.0,5
851100,,SUBMISSION,VELVETFRUIT_EXTRACT,XIREC,5260.0,10
851200,,,VEV_5400,XIREC,16.0,3
851200,,,VEV_5500,XIREC,6.0,3
851200,,,VEV_6000,XIREC,0.0,3
851200,,,VEV_6500,XIREC,0.0,3
851700,SUBMISSION,,VELVETFRUIT_EXTRACT,XIREC,5261.0,6
852200,,SUBMISSION,VELVETFRUIT_EXTRACT,XIREC,5269.0,4
852700,SUBMISSION,,VELVETFRUIT_EXTRACT,XIREC,5267.0,10
852900,SUBMISSION,,VELVETFRUIT_EXTRACT,XIREC,5267.0,10
852900,SUBMISSION,,VELVETFRUIT_EXTRACT,XIREC,5266.0,4
852900,,,VELVETFRUIT_EXTRACT,XIREC,5265.0,3
853500,,,HYDROGEL_PACK,XIREC,10032.0,4
853900,,,HYDROGEL_PACK,XIREC,10047.0,6
854900,,,HYDROGEL_PACK,XIREC,10052.0,2
855500,,,VEV_4000,XIREC,1264.0,3
856600,,,VELVETFRUIT_EXTRACT,XIREC,5269.0,3
860100,,,HYDROGEL_PACK,XIREC,10086.0,2
862000,,SUBMISSION,VELVETFRUIT_EXTRACT,XIREC,5256.0,8
862900,,,HYDROGEL_PACK,XIREC,10038.0,6
863300,SUBMISSION,,VELVETFRUIT_EXTRACT,XIREC,5254.0,8
863300,,,VELVETFRUIT_EXTRACT,XIREC,5254.0,12
864800,,SUBMISSION,VELVETFRUIT_EXTRACT,XIREC,5257.0,7
865400,,,VEV_5400,XIREC,14.0,5
865400,,,VEV_5500,XIREC,6.0,5
865400,,,VEV_6000,XIREC,0.0,5
865400,,,VEV_6500,XIREC,0.0,5
866300,,,HYDROGEL_PACK,XIREC,10060.0,6
867100,,,HYDROGEL_PACK,XIREC,10039.0,5
867800,,SUBMISSION,VEV_4000,XIREC,1260.0,2
868700,SUBMISSION,,VELVETFRUIT_EXTRACT,XIREC,5247.0,4
868800,SUBMISSION,,VEV_4000,XIREC,1248.0,2
868800,,,VEV_5500,XIREC,5.0,2
868800,,,VEV_6000,XIREC,0.0,2
868800,,,VEV_6500,XIREC,0.0,2
869600,SUBMISSION,,VELVETFRUIT_EXTRACT,XIREC,5242.0,3
869600,,,VELVETFRUIT_EXTRACT,XIREC,5241.0,2
870000,,,HYDROGEL_PACK,XIREC,10058.0,3
870100,,,VEV_4000,XIREC,1236.0,3
870200,,SUBMISSION,VEV_4000,XIREC,1256.0,3
871500,,,VELVETFRUIT_EXTRACT,XIREC,5241.0,8
871700,,,HYDROGEL_PACK,XIREC,10027.0,5
871800,,SUBMISSION,VELVETFRUIT_EXTRACT,XIREC,5243.0,8
873600,SUBMISSION,,VELVETFRUIT_EXTRACT,XIREC,5239.0,7
874400,,SUBMISSION,VELVETFRUIT_EXTRACT,XIREC,5245.0,3
875700,,SUBMISSION,VELVETFRUIT_EXTRACT,XIREC,5239.0,11
876000,,,HYDROGEL_PACK,XIREC,10025.0,4
876400,,,HYDROGEL_PACK,XIREC,10020.0,3
