timestamp;buyer;seller;symbol;currency;price;quantity
0;SUBMISSION;;ASH_COATED_OSMIUM;SEASHELLS;10001;6
0;SUBMISSION;;INTARIAN_PEPPER_ROOT;SEASHELLS;13007;9
100;SUBMISSION;;INTARIAN_PEPPER_ROOT;SEASHELLS;13007;8
400;;SUBMISSION;ASH_COATED_OSMIUM;SEASHELLS;10010;8
2100;;SUBMISSION;ASH_COATED_OSMIUM;SEASHELLS;10003;12
2700;SUBMISSION;;INTARIAN_PEPPER_ROOT;SEASHELLS;12998;8
3600;;SUBMISSION;ASH_COATED_OSMIUM;SEASHELLS;10016;3
3800;;SUBMISSION;ASH_COATED_OSMIUM;SEASHELLS;10006;5
4100;;SUBMISSION;ASH_COATED_OSMIUM;SEASHELLS;10006;3
4200;;SUBMISSION;ASH_COATED_OSMIUM;SEASHELLS;10016;2
4400;SUBMISSION;;INTARIAN_PEPPER_ROOT;SEASHELLS;13011;10
4800;SUBMISSION;;INTARIAN_PEPPER_ROOT;SEASHELLS;13007;4
5300;SUBMISSION;;INTARIAN_PEPPER_ROOT;SEASHELLS;13012;8
5400;SUBMISSION;;INTARIAN_PEPPER_ROOT;SEASHELLS;13012;8
6300;SUBMISSION;;INTARIAN_PEPPER_ROOT;SEASHELLS;13013;11
6400;SUBMISSION;;INTARIAN_PEPPER_ROOT;SEASHELLS;13013;9
7200;;SUBMISSION;ASH_COATED_OSMIUM;SEASHELLS;10006;2
7200;SUBMISSION;;INTARIAN_PEPPER_ROOT;SEASHELLS;13014;5
7600;SUBMISSION;;ASH_COATED_OSMIUM;SEASHELLS;10007;5
9100;;SUBMISSION;ASH_COATED_OSMIUM;SEASHELLS;10006;4
9100;SUBMISSION;;ASH_COATED_OSMIUM;SEASHELLS;10006;4
9400;SUBMISSION;;ASH_COATED_OSMIUM;SEASHELLS;10006;10
15100;;SUBMISSION;ASH_COATED_OSMIUM;SEASHELLS;10012;2
15100;;SUBMISSION;ASH_COATED_OSMIUM;SEASHELLS;10012;8
15500;;SUBMISSION;ASH_COATED_OSMIUM;SEASHELLS;10007;10
18500;;SUBMISSION;ASH_COATED_OSMIUM;SEASHELLS;10015;6
23200;SUBMISSION;;ASH_COATED_OSMIUM;SEASHELLS;10001;7
26800;SUBMISSION;;ASH_COATED_OSMIUM;SEASHELLS;9998;8
26900;SUBMISSION;;ASH_COATED_OSMIUM;SEASHELLS;10002;2
30400;;SUBMISSION;ASH_COATED_OSMIUM;SEASHELLS;10007;2
32800;SUBMISSION;;ASH_COATED_OSMIUM;SEASHELLS;9998;9
32800;SUBMISSION;;ASH_COATED_OSMIUM;SEASHELLS;9998;4
33400;SUBMISSION;;ASH_COATED_OSMIUM;SEASHELLS;9999;9
34000;;SUBMISSION;ASH_COATED_OSMIUM;SEASHELLS;10009;7
34500;SUBMISSION;;ASH_COATED_OSMIUM;SEASHELLS;9995;8
36500;;SUBMISSION;ASH_COATED_OSMIUM;SEASHELLS;10009;3
38400;;SUBMISSION;ASH_COATED_OSMIUM;SEASHELLS;10007;3
39100;;SUBMISSION;ASH_COATED_OSMIUM;SEASHELLS;10007;6
39900;;SUBMISSION;ASH_COATED_OSMIUM;SEASHELLS;10007;7
41500;;SUBMISSION;ASH_COATED_OSMIUM;SEASHELLS;10008;5
44800;SUBMISSION;;ASH_COATED_OSMIUM;SEASHELLS;9999;8
45200;SUBMISSION;;ASH_COATED_OSMIUM;SEASHELLS;10001;6
46500;;SUBMISSION;ASH_COATED_OSMIUM;SEASHELLS;10004;9
58100;SUBMISSION;;ASH_COATED_OSMIUM;SEASHELLS;10002;9
59200;;SUBMISSION;ASH_COATED_OSMIUM;SEASHELLS;10004;5
59500;;SUBMISSION;ASH_COATED_OSMIUM;SEASHELLS;10016;2
60300;SUBMISSION;;ASH_COATED_OSMIUM;SEASHELLS;10004;9
61600;SUBMISSION;;ASH_COATED_OSMIUM;SEASHELLS;10004;4
62000;;SUBMISSION;ASH_COATED_OSMIUM;SEASHELLS;10013;6
68000;;SUBMISSION;ASH_COATED_OSMIUM;SEASHELLS;10017;3
72300;SUBMISSION;;ASH_COATED_OSMIUM;SEASHELLS;10004;10
72800;SUBMISSION;;ASH_COATED_OSMIUM;SEASHELLS;10003;5
74000;SUBMISSION;;ASH_COATED_OSMIUM;SEASHELLS;10003;4
74600;;SUBMISSION;ASH_COATED_OSMIUM;SEASHELLS;10004;5
76500;;SUBMISSION;ASH_COATED_OSMIUM;SEASHELLS;10003;5
76500;;SUBMISSION;ASH_COATED_OSMIUM;SEASHELLS;10015;8
77800;SUBMISSION;;ASH_COATED_OSMIUM;SEASHELLS;10003;7
79000;;SUBMISSION;ASH_COATED_OSMIUM;SEASHELLS;10004;5
80400;SUBMISSION;;ASH_COATED_OSMIUM;SEASHELLS;10005;8
83600;;SUBMISSION;ASH_COATED_OSMIUM;SEASHELLS;10005;2
83700;;SUBMISSION;ASH_COATED_OSMIUM;SEASHELLS;10014;2
85700;SUBMISSION;;ASH_COATED_OSMIUM;SEASHELLS;10001;8
85900;SUBMISSION;;ASH_COATED_OSMIUM;SEASHELLS;9996;5
87800;;SUBMISSION;ASH_COATED_OSMIUM;SEASHELLS;10003;5
87900;SUBMISSION;;ASH_COATED_OSMIUM;SEASHELLS;9994;5
88300;;SUBMISSION;ASH_COATED_OSMIUM;SEASHELLS;10011;2
89700;;SUBMISSION;ASH_COATED_OSMIUM;SEASHELLS;10004;9
90200;;SUBMISSION;ASH_COATED_OSMIUM;SEASHELLS;10009;10
96900;;SUBMISSION;ASH_COATED_OSMIUM;SEASHELLS;10009;8
97100;;SUBMISSION;ASH_COATED_OSMIUM;SEASHELLS;10009;6
98700;SUBMISSION;;ASH_COATED_OSMIUM;SEASHELLS;9999;4
106100;;SUBMISSION;ASH_COATED_OSMIUM;SEASHELLS;10011;5
112300;SUBMISSION;;ASH_COATED_OSMIUM;SEASHELLS;10003;4
112700;SUBMISSION;;ASH_COATED_OSMIUM;SEASHELLS;10002;4
120000;SUBMISSION;;ASH_COATED_OSMIUM;SEASHELLS;9997;10
120300;SUBMISSION;;ASH_COATED_OSMIUM;SEASHELLS;9996;9
122000;;SUBMISSION;ASH_COATED_OSMIUM;SEASHELLS;10007;10
122500;;SUBMISSION;ASH_COATED_OSMIUM;SEASHELLS;10008;5
122600;SUBMISSION;;ASH_COATED_OSMIUM;SEASHELLS;9998;9
124400;SUBMISSION;;ASH_COATED_OSMIUM;SEASHELLS;10000;3
124700;SUBMISSION;;ASH_COATED_OSMIUM;SEASHELLS;9992;2
126600;SUBMISSION;;ASH_COATED_OSMIUM;SEASHELLS;9993;6
126700;SUBMISSION;;ASH_COATED_OSMIUM;SEASHELLS;9993;6
126800;SUBMISSION;;ASH_COATED_OSMIUM;SEASHELLS;9997;5
127500;SUBMISSION;;ASH_COATED_OSMIUM;SEASHELLS;9997;10
129900;;SUBMISSION;ASH_COATED_OSMIUM;SEASHELLS;10000;9
137900;;SUBMISSION;ASH_COATED_OSMIUM;SEASHELLS;10011;3
139400;SUBMISSION;;ASH_COATED_OSMIUM;SEASHELLS;9998;5
139600;SUBMISSION;;ASH_COATED_OSMIUM;SEASHELLS;9998;6
142200;SUBMISSION;;ASH_COATED_OSMIUM;SEASHELLS;9998;2
142200;SUBMISSION;;ASH_COATED_OSMIUM;SEASHELLS;9998;6
146900;;SUBMISSION;ASH_COATED_OSMIUM;SEASHELLS;10013;6
147000;;SUBMISSION;ASH_COATED_OSMIUM;SEASHELLS;10003;2
148300;;SUBMISSION;ASH_COATED_OSMIUM;SEASHELLS;10002;2
149500;;SUBMISSION;ASH_COATED_OSMIUM;SEASHELLS;10002;4
149500;;SUBMISSION;ASH_COATED_OSMIUM;SEASHELLS;10014;9
153400;SUBMISSION;;ASH_COATED_OSMIUM;SEASHELLS;10000;5
154800;SUBMISSION;;ASH_COATED_OSMIUM;SEASHELLS;10001;2
155300;;SUBMISSION;ASH_COATED_OSMIUM;SEASHELLS;10015;10
155500;;SUBMISSION;ASH_COATED_OSMIUM;SEASHELLS;10015;6
155700;;SUBMISSION;ASH_COATED_OSMIUM;SEASHELLS;10017;7
162300;;SUBMISSION;ASH_COATED_OSMIUM;SEASHELLS;10004;5
165500;;SUBMISSION;ASH_COATED_OSMIUM;SEASHELLS;10009;4
166100;;SUBMISSION;ASH_COATED_OSMIUM;SEASHELLS;10005;4
169400;;SUBMISSION;ASH_COATED_OSMIUM;SEASHELLS;10008;8
172900;;SUBMISSION;ASH_COATED_OSMIUM;SEASHELLS;10014;4
173300;;SUBMISSION;ASH_COATED_OSMIUM;SEASHELLS;10014;4
179700;;SUBMISSION;ASH_COATED_OSMIUM;SEASHELLS;10008;4
184100;;SUBMISSION;ASH_COATED_OSMIUM;SEASHELLS;10007;4
184700;;SUBMISSION;ASH_COATED_OSMIUM;SEASHELLS;10011;4
185000;SUBMISSION;;ASH_COATED_OSMIUM;SEASHELLS;10006;6
187200;;SUBMISSION;ASH_COATED_OSMIUM;SEASHELLS;10007;3
189700;SUBMISSION;;ASH_COATED_OSMIUM;SEASHELLS;10010;5
190600;;SUBMISSION;ASH_COATED_OSMIUM;SEASHELLS;10017;3
192300;SUBMISSION;;ASH_COATED_OSMIUM;SEASHELLS;10005;7
192900;;SUBMISSION;ASH_COATED_OSMIUM;SEASHELLS;10014;10
193300;;SUBMISSION;ASH_COATED_OSMIUM;SEASHELLS;10007;5
195900;SUBMISSION;;ASH_COATED_OSMIUM;SEASHELLS;10006;5
198600;SUBMISSION;;ASH_COATED_OSMIUM;SEASHELLS;10003;7
200200;SUBMISSION;;ASH_COATED_OSMIUM;SEASHELLS;10004;3
200600;;SUBMISSION;ASH_COATED_OSMIUM;SEASHELLS;10010;2
200700;;SUBMISSION;ASH_COATED_OSMIUM;SEASHELLS;10010;8
200800;;SUBMISSION;ASH_COATED_OSMIUM;SEASHELLS;10010;2
202400;SUBMISSION;;ASH_COATED_OSMIUM;SEASHELLS;10002;2
202500;SUBMISSION;;ASH_COATED_OSMIUM;SEASHELLS;10002;3
206300;SUBMISSION;;ASH_COATED_OSMIUM;SEASHELLS;9999;8
212700;SUBMISSION;;ASH_COATED_OSMIUM;SEASHELLS;10002;5
222700;SUBMISSION;;ASH_COATED_OSMIUM;SEASHELLS;10001;4
223100;;SUBMISSION;ASH_COATED_OSMIUM;SEASHELLS;10009;2
224400;SUBMISSION;;ASH_COATED_OSMIUM;SEASHELLS;9998;5
224900;;SUBMISSION;ASH_COATED_OSMIUM;SEASHELLS;10007;7
225000;;SUBMISSION;ASH_COATED_OSMIUM;SEASHELLS;10007;5
226200;SUBMISSION;;ASH_COATED_OSMIUM;SEASHELLS;9992;6
227100;SUBMISSION;;ASH_COATED_OSMIUM;SEASHELLS;10000;4
227800;SUBMISSION;;ASH_COATED_OSMIUM;SEASHELLS;9991;5
229200;SUBMISSION;;ASH_COATED_OSMIUM;SEASHELLS;10000;2
229400;;SUBMISSION;ASH_COATED_OSMIUM;SEASHELLS;10006;2
229800;;SUBMISSION;ASH_COATED_OSMIUM;SEASHELLS;10006;5
230700;SUBMISSION;;ASH_COATED_OSMIUM;SEASHELLS;9999;4
233500;SUBMISSION;;ASH_COATED_OSMIUM;SEASHELLS;9998;2
235500;SUBMISSION;;ASH_COATED_OSMIUM;SEASHELLS;9997;5
235600;SUBMISSION;;ASH_COATED_OSMIUM;SEASHELLS;9987;8
236300;SUBMISSION;;ASH_COATED_OSMIUM;SEASHELLS;9990;4
236700;SUBMISSION;;ASH_COATED_OSMIUM;SEASHELLS;9989;2
236800;SUBMISSION;;ASH_COATED_OSMIUM;SEASHELLS;9989;4
236900;SUBMISSION;;ASH_COATED_OSMIUM;SEASHELLS;9993;9
239900;SUBMISSION;;ASH_COATED_OSMIUM;SEASHELLS;9998;3
241700;SUBMISSION;;ASH_COATED_OSMIUM;SEASHELLS;9989;7
244600;;SUBMISSION;ASH_COATED_OSMIUM;SEASHELLS;9998;7
245300;SUBMISSION;;ASH_COATED_OSMIUM;SEASHELLS;9997;5
246200;SUBMISSION;;ASH_COATED_OSMIUM;SEASHELLS;9986;9
247700;SUBMISSION;;ASH_COATED_OSMIUM;SEASHELLS;9996;4
247800;SUBMISSION;;ASH_COATED_OSMIUM;SEASHELLS;9993;7
247800;SUBMISSION;;ASH_COATED_OSMIUM;SEASHELLS;9988;6
251200;SUBMISSION;;ASH_COATED_OSMIUM;SEASHELLS;9995;6
251900;SUBMISSION;;ASH_COATED_OSMIUM;SEASHELLS;9990;4
254700;;SUBMISSION;ASH_COATED_OSMIUM;SEASHELLS;9999;10
259400;SUBMISSION;;ASH_COATED_OSMIUM;SEASHELLS;9991;8
261500;SUBMISSION;;ASH_COATED_OSMIUM;SEASHELLS;9991;2
262000;;SUBMISSION;ASH_COATED_OSMIUM;SEASHELLS;10002;8
265000;SUBMISSION;;ASH_COATED_OSMIUM;SEASHELLS;9994;8
267000;SUBMISSION;;ASH_COATED_OSMIUM;SEASHELLS;9990;9
269300;;SUBMISSION;ASH_COATED_OSMIUM;SEASHELLS;9999;4
269600;SUBMISSION;;ASH_COATED_OSMIUM;SEASHELLS;9990;4
281100;SUBMISSION;;ASH_COATED_OSMIUM;SEASHELLS;9991;2
282700;SUBMISSION;;ASH_COATED_OSMIUM;SEASHELLS;9989;4
289400;SUBMISSION;;ASH_COATED_OSMIUM;SEASHELLS;9992;6
291600;SUBMISSION;;ASH_COATED_OSMIUM;SEASHELLS;9989;3
299700;SUBMISSION;;ASH_COATED_OSMIUM;SEASHELLS;9987;2
302800;;SUBMISSION;ASH_COATED_OSMIUM;SEASHELLS;9998;7
306200;SUBMISSION;;ASH_COATED_OSMIUM;SEASHELLS;9987;6
307600;SUBMISSION;;ASH_COATED_OSMIUM;SEASHELLS;9991;1
310300;;SUBMISSION;ASH_COATED_OSMIUM;SEASHELLS;10000;6
312000;;SUBMISSION;ASH_COATED_OSMIUM;SEASHELLS;10001;5
313300;SUBMISSION;;ASH_COATED_OSMIUM;SEASHELLS;9993;2
319100;;SUBMISSION;ASH_COATED_OSMIUM;SEASHELLS;10005;10
321100;;SUBMISSION;ASH_COATED_OSMIUM;SEASHELLS;10011;6
323500;SUBMISSION;;ASH_COATED_OSMIUM;SEASHELLS;9996;6
324800;SUBMISSION;;ASH_COATED_OSMIUM;SEASHELLS;9994;2
325200;;SUBMISSION;ASH_COATED_OSMIUM;SEASHELLS;10011;5
329000;SUBMISSION;;ASH_COATED_OSMIUM;SEASHELLS;9997;9
330000;;SUBMISSION;ASH_COATED_OSMIUM;SEASHELLS;10011;4
330300;;SUBMISSION;ASH_COATED_OSMIUM;SEASHELLS;10005;4
330800;SUBMISSION;;ASH_COATED_OSMIUM;SEASHELLS;9995;2
331800;;SUBMISSION;ASH_COATED_OSMIUM;SEASHELLS;10010;8
332800;;SUBMISSION;ASH_COATED_OSMIUM;SEASHELLS;10007;5
333200;;SUBMISSION;ASH_COATED_OSMIUM;SEASHELLS;10002;6
335800;SUBMISSION;;ASH_COATED_OSMIUM;SEASHELLS;9994;6
336200;SUBMISSION;;ASH_COATED_OSMIUM;SEASHELLS;9994;6
336400;;SUBMISSION;ASH_COATED_OSMIUM;SEASHELLS;10009;9
337000;SUBMISSION;;ASH_COATED_OSMIUM;SEASHELLS;9994;4
337300;SUBMISSION;;ASH_COATED_OSMIUM;SEASHELLS;9995;7
340900;;SUBMISSION;ASH_COATED_OSMIUM;SEASHELLS;10010;2
341400;SUBMISSION;;ASH_COATED_OSMIUM;SEASHELLS;9997;2
342400;SUBMISSION;;ASH_COATED_OSMIUM;SEASHELLS;9997;5
343100;;SUBMISSION;ASH_COATED_OSMIUM;SEASHELLS;10002;3
344400;SUBMISSION;;ASH_COATED_OSMIUM;SEASHELLS;9996;4
346000;SUBMISSION;;ASH_COATED_OSMIUM;SEASHELLS;9996;3
346300;;SUBMISSION;ASH_COATED_OSMIUM;SEASHELLS;10001;2
346400;;SUBMISSION;ASH_COATED_OSMIUM;SEASHELLS;10001;5
348600;;SUBMISSION;ASH_COATED_OSMIUM;SEASHELLS;10001;2
349200;;SUBMISSION;ASH_COATED_OSMIUM;SEASHELLS;10001;3
349600;;SUBMISSION;ASH_COATED_OSMIUM;SEASHELLS;10010;4
350600;;SUBMISSION;ASH_COATED_OSMIUM;SEASHELLS;10009;5
352000;;SUBMISSION;ASH_COATED_OSMIUM;SEASHELLS;10007;5
353000;SUBMISSION;;ASH_COATED_OSMIUM;SEASHELLS;9993;5
356700;;SUBMISSION;ASH_COATED_OSMIUM;SEASHELLS;10009;9
357700;SUBMISSION;;ASH_COATED_OSMIUM;SEASHELLS;9995;3
358600;;SUBMISSION;ASH_COATED_OSMIUM;SEASHELLS;10009;3
361400;SUBMISSION;;ASH_COATED_OSMIUM;SEASHELLS;9996;6
361600;;SUBMISSION;ASH_COATED_OSMIUM;SEASHELLS;10005;8
362600;;SUBMISSION;ASH_COATED_OSMIUM;SEASHELLS;10001;5
363200;;SUBMISSION;ASH_COATED_OSMIUM;SEASHELLS;10005;8
363300;;SUBMISSION;ASH_COATED_OSMIUM;SEASHELLS;10006;8
363400;;SUBMISSION;ASH_COATED_OSMIUM;SEASHELLS;10011;2
365500;SUBMISSION;;ASH_COATED_OSMIUM;SEASHELLS;9999;3
370500;;SUBMISSION;ASH_COATED_OSMIUM;SEASHELLS;10010;5
375500;SUBMISSION;;ASH_COATED_OSMIUM;SEASHELLS;9999;4
375600;;SUBMISSION;ASH_COATED_OSMIUM;SEASHELLS;10012;3
377600;SUBMISSION;;ASH_COATED_OSMIUM;SEASHELLS;9994;4
379600;;SUBMISSION;ASH_COATED_OSMIUM;SEASHELLS;10004;4
380900;SUBMISSION;;ASH_COATED_OSMIUM;SEASHELLS;9997;8
381200;;SUBMISSION;ASH_COATED_OSMIUM;SEASHELLS;10014;2
381700;;SUBMISSION;ASH_COATED_OSMIUM;SEASHELLS;10007;6
382700;;SUBMISSION;ASH_COATED_OSMIUM;SEASHELLS;10003;2
383000;;SUBMISSION;ASH_COATED_OSMIUM;SEASHELLS;10013;6
383600;;SUBMISSION;ASH_COATED_OSMIUM;SEASHELLS;10007;5
384800;;SUBMISSION;ASH_COATED_OSMIUM;SEASHELLS;10005;7
386500;;SUBMISSION;ASH_COATED_OSMIUM;SEASHELLS;10006;5
389800;;SUBMISSION;ASH_COATED_OSMIUM;SEASHELLS;10012;10
392500;;SUBMISSION;ASH_COATED_OSMIUM;SEASHELLS;10012;5
393800;SUBMISSION;;ASH_COATED_OSMIUM;SEASHELLS;10001;9
394700;SUBMISSION;;ASH_COATED_OSMIUM;SEASHELLS;10002;5
401400;;SUBMISSION;ASH_COATED_OSMIUM;SEASHELLS;10006;5
401700;;SUBMISSION;ASH_COATED_OSMIUM;SEASHELLS;10011;9
407400;;SUBMISSION;ASH_COATED_OSMIUM;SEASHELLS;10009;8
409200;SUBMISSION;;ASH_COATED_OSMIUM;SEASHELLS;9999;7
409500;SUBMISSION;;ASH_COATED_OSMIUM;SEASHELLS;9999;7
414200;;SUBMISSION;ASH_COATED_OSMIUM;SEASHELLS;10007;6
416000;SUBMISSION;;ASH_COATED_OSMIUM;SEASHELLS;9991;6
416300;SUBMISSION;;ASH_COATED_OSMIUM;SEASHELLS;9991;2
417700;SUBMISSION;;ASH_COATED_OSMIUM;SEASHELLS;10000;3
425200;;SUBMISSION;ASH_COATED_OSMIUM;SEASHELLS;10010;6
428000;;SUBMISSION;ASH_COATED_OSMIUM;SEASHELLS;10005;8
430300;;SUBMISSION;ASH_COATED_OSMIUM;SEASHELLS;10011;4
439100;;SUBMISSION;ASH_COATED_OSMIUM;SEASHELLS;10009;5
439800;;SUBMISSION;ASH_COATED_OSMIUM;SEASHELLS;10006;7
440500;;SUBMISSION;ASH_COATED_OSMIUM;SEASHELLS;10007;3
441900;SUBMISSION;;ASH_COATED_OSMIUM;SEASHELLS;9999;7
442300;;SUBMISSION;ASH_COATED_OSMIUM;SEASHELLS;10008;6
442700;;SUBMISSION;ASH_COATED_OSMIUM;SEASHELLS;10008;6
444200;;SUBMISSION;ASH_COATED_OSMIUM;SEASHELLS;10010;10
445000;;SUBMISSION;ASH_COATED_OSMIUM;SEASHELLS;10009;8
452000;SUBMISSION;;ASH_COATED_OSMIUM;SEASHELLS;9992;5
453000;SUBMISSION;;ASH_COATED_OSMIUM;SEASHELLS;9996;8
453400;SUBMISSION;;ASH_COATED_OSMIUM;SEASHELLS;9992;6
454000;SUBMISSION;;ASH_COATED_OSMIUM;SEASHELLS;10000;2
455300;SUBMISSION;;ASH_COATED_OSMIUM;SEASHELLS;9999;3
455900;SUBMISSION;;ASH_COATED_OSMIUM;SEASHELLS;9995;10
456200;;SUBMISSION;ASH_COATED_OSMIUM;SEASHELLS;10005;4
456500;SUBMISSION;;ASH_COATED_OSMIUM;SEASHELLS;10000;4
458600;;SUBMISSION;ASH_COATED_OSMIUM;SEASHELLS;10005;6
459300;SUBMISSION;;ASH_COATED_OSMIUM;SEASHELLS;10000;2
461900;SUBMISSION;;ASH_COATED_OSMIUM;SEASHELLS;10001;3
463700;SUBMISSION;;ASH_COATED_OSMIUM;SEASHELLS;9998;8
464100;;SUBMISSION;ASH_COATED_OSMIUM;SEASHELLS;10006;6
464700;SUBMISSION;;ASH_COATED_OSMIUM;SEASHELLS;10001;2
465700;;SUBMISSION;ASH_COATED_OSMIUM;SEASHELLS;10010;6
467700;SUBMISSION;;ASH_COATED_OSMIUM;SEASHELLS;9996;5
467800;;SUBMISSION;ASH_COATED_OSMIUM;SEASHELLS;10006;5
468100;SUBMISSION;;ASH_COATED_OSMIUM;SEASHELLS;9992;8
468300;SUBMISSION;;ASH_COATED_OSMIUM;SEASHELLS;9997;4
471300;SUBMISSION;;ASH_COATED_OSMIUM;SEASHELLS;9998;10
471900;;SUBMISSION;ASH_COATED_OSMIUM;SEASHELLS;10007;6
472400;SUBMISSION;;ASH_COATED_OSMIUM;SEASHELLS;9993;3
476600;;SUBMISSION;ASH_COATED_OSMIUM;SEASHELLS;10005;5
477100;SUBMISSION;;ASH_COATED_OSMIUM;SEASHELLS;9998;3
477200;SUBMISSION;;ASH_COATED_OSMIUM;SEASHELLS;9990;6
478700;SUBMISSION;;ASH_COATED_OSMIUM;SEASHELLS;9988;3
478800;SUBMISSION;;ASH_COATED_OSMIUM;SEASHELLS;9991;6
478900;SUBMISSION;;ASH_COATED_OSMIUM;SEASHELLS;9999;4
479800;SUBMISSION;;ASH_COATED_OSMIUM;SEASHELLS;9988;2
481900;SUBMISSION;;ASH_COATED_OSMIUM;SEASHELLS;9996;3
482300;SUBMISSION;;ASH_COATED_OSMIUM;SEASHELLS;9997;3
482800;SUBMISSION;;ASH_COATED_OSMIUM;SEASHELLS;9986;5
482900;SUBMISSION;;ASH_COATED_OSMIUM;SEASHELLS;9988;5
483400;SUBMISSION;;ASH_COATED_OSMIUM;SEASHELLS;9992;7
486700;SUBMISSION;;ASH_COATED_OSMIUM;SEASHELLS;9995;2
487700;SUBMISSION;;ASH_COATED_OSMIUM;SEASHELLS;9984;4
487900;SUBMISSION;;ASH_COATED_OSMIUM;SEASHELLS;9986;5
488400;SUBMISSION;;ASH_COATED_OSMIUM;SEASHELLS;9995;3
489200;SUBMISSION;;ASH_COATED_OSMIUM;SEASHELLS;9992;7
493000;SUBMISSION;;ASH_COATED_OSMIUM;SEASHELLS;9996;3
493900;;SUBMISSION;ASH_COATED_OSMIUM;SEASHELLS;9997;10
494400;;SUBMISSION;ASH_COATED_OSMIUM;SEASHELLS;9997;6
496600;SUBMISSION;;ASH_COATED_OSMIUM;SEASHELLS;9997;3
498800;;SUBMISSION;ASH_COATED_OSMIUM;SEASHELLS;9996;6
498900;SUBMISSION;;ASH_COATED_OSMIUM;SEASHELLS;9988;8
500200;SUBMISSION;;ASH_COATED_OSMIUM;SEASHELLS;9988;4
501900;;SUBMISSION;ASH_COATED_OSMIUM;SEASHELLS;9998;6
502300;SUBMISSION;;ASH_COATED_OSMIUM;SEASHELLS;9990;4
503100;SUBMISSION;;ASH_COATED_OSMIUM;SEASHELLS;9994;5
511200;SUBMISSION;;ASH_COATED_OSMIUM;SEASHELLS;9993;4
512800;SUBMISSION;;ASH_COATED_OSMIUM;SEASHELLS;9994;7
514500;SUBMISSION;;ASH_COATED_OSMIUM;SEASHELLS;9995;5
516300;;SUBMISSION;ASH_COATED_OSMIUM;SEASHELLS;10011;5
517400;;SUBMISSION;ASH_COATED_OSMIUM;SEASHELLS;10010;5
522000;SUBMISSION;;ASH_COATED_OSMIUM;SEASHELLS;9997;4
522700;;SUBMISSION;ASH_COATED_OSMIUM;SEASHELLS;10010;5
523800;;SUBMISSION;ASH_COATED_OSMIUM;SEASHELLS;10004;5
525300;;SUBMISSION;ASH_COATED_OSMIUM;SEASHELLS;10005;7
525400;;SUBMISSION;ASH_COATED_OSMIUM;SEASHELLS;10001;2
525900;SUBMISSION;;ASH_COATED_OSMIUM;SEASHELLS;9994;4
526300;;SUBMISSION;ASH_COATED_OSMIUM;SEASHELLS;10001;2
526500;;SUBMISSION;ASH_COATED_OSMIUM;SEASHELLS;10005;10
527800;;SUBMISSION;ASH_COATED_OSMIUM;SEASHELLS;10001;3
532500;SUBMISSION;;ASH_COATED_OSMIUM;SEASHELLS;9989;3
532800;SUBMISSION;;ASH_COATED_OSMIUM;SEASHELLS;9996;6
536300;SUBMISSION;;ASH_COATED_OSMIUM;SEASHELLS;9986;6
544400;;SUBMISSION;ASH_COATED_OSMIUM;SEASHELLS;9997;8
545400;SUBMISSION;;ASH_COATED_OSMIUM;SEASHELLS;9997;5
545900;;SUBMISSION;ASH_COATED_OSMIUM;SEASHELLS;9998;7
547300;SUBMISSION;;ASH_COATED_OSMIUM;SEASHELLS;9991;9
548400;;SUBMISSION;ASH_COATED_OSMIUM;SEASHELLS;9999;10
552600;;SUBMISSION;ASH_COATED_OSMIUM;SEASHELLS;9998;7
552900;SUBMISSION;;ASH_COATED_OSMIUM;SEASHELLS;9989;10
554400;SUBMISSION;;ASH_COATED_OSMIUM;SEASHELLS;9989;10
556900;SUBMISSION;;ASH_COATED_OSMIUM;SEASHELLS;9987;2
557400;;SUBMISSION;ASH_COATED_OSMIUM;SEASHELLS;9998;9
557700;SUBMISSION;;ASH_COATED_OSMIUM;SEASHELLS;9990;8
557800;SUBMISSION;;ASH_COATED_OSMIUM;SEASHELLS;9995;6
559300;;SUBMISSION;ASH_COATED_OSMIUM;SEASHELLS;9998;8
560800;;SUBMISSION;ASH_COATED_OSMIUM;SEASHELLS;10001;10
567300;SUBMISSION;;ASH_COATED_OSMIUM;SEASHELLS;9990;10
574200;SUBMISSION;;ASH_COATED_OSMIUM;SEASHELLS;9993;2
574500;SUBMISSION;;ASH_COATED_OSMIUM;SEASHELLS;9994;3
585100;SUBMISSION;;ASH_COATED_OSMIUM;SEASHELLS;9996;5
593000;;SUBMISSION;ASH_COATED_OSMIUM;SEASHELLS;10002;8
597100;;SUBMISSION;ASH_COATED_OSMIUM;SEASHELLS;10002;6
600600;SUBMISSION;;ASH_COATED_OSMIUM;SEASHELLS;9994;6
606700;;SUBMISSION;ASH_COATED_OSMIUM;SEASHELLS;10001;5
607400;SUBMISSION;;ASH_COATED_OSMIUM;SEASHELLS;9993;3
607800;;SUBMISSION;ASH_COATED_OSMIUM;SEASHELLS;10009;5
611600;SUBMISSION;;ASH_COATED_OSMIUM;SEASHELLS;9994;6
611900;SUBMISSION;;ASH_COATED_OSMIUM;SEASHELLS;9990;5
612000;;SUBMISSION;ASH_COATED_OSMIUM;SEASHELLS;10001;2
622900;;SUBMISSION;ASH_COATED_OSMIUM;SEASHELLS;10012;4
624500;SUBMISSION;;ASH_COATED_OSMIUM;SEASHELLS;9995;6
634200;SUBMISSION;;ASH_COATED_OSMIUM;SEASHELLS;9987;2
639200;SUBMISSION;;ASH_COATED_OSMIUM;SEASHELLS;9991;9
640600;SUBMISSION;;ASH_COATED_OSMIUM;SEASHELLS;9992;3
643200;SUBMISSION;;ASH_COATED_OSMIUM;SEASHELLS;9994;3
646600;SUBMISSION;;ASH_COATED_OSMIUM;SEASHELLS;9993;4
653900;SUBMISSION;;ASH_COATED_OSMIUM;SEASHELLS;9991;6
654800;SUBMISSION;;ASH_COATED_OSMIUM;SEASHELLS;9992;6
656300;SUBMISSION;;ASH_COATED_OSMIUM;SEASHELLS;9992;3
656900;SUBMISSION;;ASH_COATED_OSMIUM;SEASHELLS;9991;6
658400;;SUBMISSION;ASH_COATED_OSMIUM;SEASHELLS;10001;8
664400;;SUBMISSION;ASH_COATED_OSMIUM;SEASHELLS;10002;7
666800;SUBMISSION;;ASH_COATED_OSMIUM;SEASHELLS;9992;4
667200;SUBMISSION;;ASH_COATED_OSMIUM;SEASHELLS;9992;5
673600;SUBMISSION;;ASH_COATED_OSMIUM;SEASHELLS;9984;6
699900;;SUBMISSION;ASH_COATED_OSMIUM;SEASHELLS;10009;6
700100;;SUBMISSION;ASH_COATED_OSMIUM;SEASHELLS;10009;6
700700;;SUBMISSION;ASH_COATED_OSMIUM;SEASHELLS;10012;6
700800;SUBMISSION;;ASH_COATED_OSMIUM;SEASHELLS;9996;3
705400;SUBMISSION;;ASH_COATED_OSMIUM;SEASHELLS;9997;7
708200;SUBMISSION;;ASH_COATED_OSMIUM;SEASHELLS;9997;5
709400;;SUBMISSION;ASH_COATED_OSMIUM;SEASHELLS;10008;6
710000;;SUBMISSION;ASH_COATED_OSMIUM;SEASHELLS;10007;6
710000;;SUBMISSION;ASH_COATED_OSMIUM;SEASHELLS;10003;4
710200;;SUBMISSION;ASH_COATED_OSMIUM;SEASHELLS;10012;8
710900;;SUBMISSION;ASH_COATED_OSMIUM;SEASHELLS;10002;5
712500;;SUBMISSION;ASH_COATED_OSMIUM;SEASHELLS;10012;5
713400;;SUBMISSION;ASH_COATED_OSMIUM;SEASHELLS;10006;10
715300;;SUBMISSION;ASH_COATED_OSMIUM;SEASHELLS;10004;3
716400;;SUBMISSION;ASH_COATED_OSMIUM;SEASHELLS;10006;6
721200;;SUBMISSION;ASH_COATED_OSMIUM;SEASHELLS;10005;8
722800;;SUBMISSION;ASH_COATED_OSMIUM;SEASHELLS;10006;7
723500;SUBMISSION;;ASH_COATED_OSMIUM;SEASHELLS;9996;6
725700;SUBMISSION;;ASH_COATED_OSMIUM;SEASHELLS;9994;8
726200;SUBMISSION;;ASH_COATED_OSMIUM;SEASHELLS;9995;5
726700;;SUBMISSION;ASH_COATED_OSMIUM;SEASHELLS;10001;5
727600;;SUBMISSION;ASH_COATED_OSMIUM;SEASHELLS;10001;2
728200;;SUBMISSION;ASH_COATED_OSMIUM;SEASHELLS;10002;2
729100;;SUBMISSION;ASH_COATED_OSMIUM;SEASHELLS;10011;8
729700;SUBMISSION;;ASH_COATED_OSMIUM;SEASHELLS;9997;5
730400;;SUBMISSION;ASH_COATED_OSMIUM;SEASHELLS;10012;6
730900;SUBMISSION;;ASH_COATED_OSMIUM;SEASHELLS;9994;5
731000;;SUBMISSION;ASH_COATED_OSMIUM;SEASHELLS;10005;9
731200;;SUBMISSION;ASH_COATED_OSMIUM;SEASHELLS;10011;9
735200;;SUBMISSION;ASH_COATED_OSMIUM;SEASHELLS;10014;5
736900;;SUBMISSION;ASH_COATED_OSMIUM;SEASHELLS;10012;5
739600;;SUBMISSION;ASH_COATED_OSMIUM;SEASHELLS;10012;6
740500;;SUBMISSION;ASH_COATED_OSMIUM;SEASHELLS;10006;8
742000;;SUBMISSION;ASH_COATED_OSMIUM;SEASHELLS;10016;5
746100;;SUBMISSION;ASH_COATED_OSMIUM;SEASHELLS;10015;8
750300;SUBMISSION;;ASH_COATED_OSMIUM;SEASHELLS;10003;3
750600;SUBMISSION;;ASH_COATED_OSMIUM;SEASHELLS;9999;5
751400;SUBMISSION;;ASH_COATED_OSMIUM;SEASHELLS;10002;5
752000;SUBMISSION;;ASH_COATED_OSMIUM;SEASHELLS;9998;9
752300;;SUBMISSION;ASH_COATED_OSMIUM;SEASHELLS;10008;4
754100;;SUBMISSION;ASH_COATED_OSMIUM;SEASHELLS;10008;4
754400;;SUBMISSION;ASH_COATED_OSMIUM;SEASHELLS;10008;5
755100;SUBMISSION;;ASH_COATED_OSMIUM;SEASHELLS;9998;4
755900;;SUBMISSION;ASH_COATED_OSMIUM;SEASHELLS;10006;4
756600;SUBMISSION;;ASH_COATED_OSMIUM;SEASHELLS;9993;6
756600;SUBMISSION;;ASH_COATED_OSMIUM;SEASHELLS;9993;5
756900;SUBMISSION;;ASH_COATED_OSMIUM;SEASHELLS;9992;5
757200;SUBMISSION;;ASH_COATED_OSMIUM;SEASHELLS;9992;9
758700;SUBMISSION;;ASH_COATED_OSMIUM;SEASHELLS;9992;6
761400;SUBMISSION;;ASH_COATED_OSMIUM;SEASHELLS;9998;4
763900;SUBMISSION;;ASH_COATED_OSMIUM;SEASHELLS;9989;8
764100;SUBMISSION;;ASH_COATED_OSMIUM;SEASHELLS;9989;6
768500;SUBMISSION;;ASH_COATED_OSMIUM;SEASHELLS;9991;5
771800;;SUBMISSION;ASH_COATED_OSMIUM;SEASHELLS;9995;9
775000;SUBMISSION;;ASH_COATED_OSMIUM;SEASHELLS;9989;5
775100;SUBMISSION;;ASH_COATED_OSMIUM;SEASHELLS;9989;9
778500;SUBMISSION;;ASH_COATED_OSMIUM;SEASHELLS;9990;7
779700;SUBMISSION;;ASH_COATED_OSMIUM;SEASHELLS;9989;6
782300;SUBMISSION;;ASH_COATED_OSMIUM;SEASHELLS;9989;4
784800;SUBMISSION;;ASH_COATED_OSMIUM;SEASHELLS;9988;4
789900;SUBMISSION;;ASH_COATED_OSMIUM;SEASHELLS;9985;2
792100;SUBMISSION;;ASH_COATED_OSMIUM;SEASHELLS;9994;3
792100;SUBMISSION;;ASH_COATED_OSMIUM;SEASHELLS;9986;5
795600;;SUBMISSION;ASH_COATED_OSMIUM;SEASHELLS;9995;6
796700;SUBMISSION;;ASH_COATED_OSMIUM;SEASHELLS;9984;4
800300;SUBMISSION;;ASH_COATED_OSMIUM;SEASHELLS;9994;3
801100;SUBMISSION;;ASH_COATED_OSMIUM;SEASHELLS;9992;6
802400;SUBMISSION;;ASH_COATED_OSMIUM;SEASHELLS;9992;6
806200;SUBMISSION;;ASH_COATED_OSMIUM;SEASHELLS;9987;2
833100;SUBMISSION;;ASH_COATED_OSMIUM;SEASHELLS;9994;5
836800;SUBMISSION;;ASH_COATED_OSMIUM;SEASHELLS;9993;1
839800;;SUBMISSION;ASH_COATED_OSMIUM;SEASHELLS;10004;7
839900;;SUBMISSION;ASH_COATED_OSMIUM;SEASHELLS;10009;4
841500;SUBMISSION;;ASH_COATED_OSMIUM;SEASHELLS;9994;6
843500;SUBMISSION;;ASH_COATED_OSMIUM;SEASHELLS;9992;5
850300;;SUBMISSION;ASH_COATED_OSMIUM;SEASHELLS;10001;10
852500;SUBMISSION;;ASH_COATED_OSMIUM;SEASHELLS;9995;3
852700;SUBMISSION;;ASH_COATED_OSMIUM;SEASHELLS;9995;3
859900;SUBMISSION;;ASH_COATED_OSMIUM;SEASHELLS;9991;4
861900;;SUBMISSION;ASH_COATED_OSMIUM;SEASHELLS;9998;6
865000;SUBMISSION;;ASH_COATED_OSMIUM;SEASHELLS;9991;6
868100;;SUBMISSION;ASH_COATED_OSMIUM;SEASHELLS;9998;7
871700;SUBMISSION;;ASH_COATED_OSMIUM;SEASHELLS;9990;2
872000;;SUBMISSION;ASH_COATED_OSMIUM;SEASHELLS;9999;10
874400;SUBMISSION;;ASH_COATED_OSMIUM;SEASHELLS;9991;5
875400;SUBMISSION;;ASH_COATED_OSMIUM;SEASHELLS;9991;5
875900;;SUBMISSION;ASH_COATED_OSMIUM;SEASHELLS;9999;7
877500;;SUBMISSION;ASH_COATED_OSMIUM;SEASHELLS;9998;4
877900;SUBMISSION;;ASH_COATED_OSMIUM;SEASHELLS;9990;7
881000;SUBMISSION;;ASH_COATED_OSMIUM;SEASHELLS;9984;4
882700;SUBMISSION;;ASH_COATED_OSMIUM;SEASHELLS;9991;5
894900;;SUBMISSION;ASH_COATED_OSMIUM;SEASHELLS;10000;5
899100;;SUBMISSION;ASH_COATED_OSMIUM;SEASHELLS;10003;7
901500;;SUBMISSION;ASH_COATED_OSMIUM;SEASHELLS;10003;6
902100;SUBMISSION;;ASH_COATED_OSMIUM;SEASHELLS;9993;3
905000;SUBMISSION;;ASH_COATED_OSMIUM;SEASHELLS;9989;10
905300;SUBMISSION;;ASH_COATED_OSMIUM;SEASHELLS;9992;4
906000;;SUBMISSION;ASH_COATED_OSMIUM;SEASHELLS;10000;5
909600;SUBMISSION;;ASH_COATED_OSMIUM;SEASHELLS;9992;4
910100;;SUBMISSION;ASH_COATED_OSMIUM;SEASHELLS;10001;5
913100;;SUBMISSION;ASH_COATED_OSMIUM;SEASHELLS;10001;7
920900;;SUBMISSION;ASH_COATED_OSMIUM;SEASHELLS;10010;3
921200;;SUBMISSION;ASH_COATED_OSMIUM;SEASHELLS;10009;10
923700;SUBMISSION;;ASH_COATED_OSMIUM;SEASHELLS;9996;3
923800;;SUBMISSION;ASH_COATED_OSMIUM;SEASHELLS;10005;6
923800;;SUBMISSION;ASH_COATED_OSMIUM;SEASHELLS;10005;4
925700;;SUBMISSION;ASH_COATED_OSMIUM;SEASHELLS;10005;10
928500;SUBMISSION;;ASH_COATED_OSMIUM;SEASHELLS;9997;3
929100;SUBMISSION;;ASH_COATED_OSMIUM;SEASHELLS;9996;4
929700;;SUBMISSION;ASH_COATED_OSMIUM;SEASHELLS;10011;2
931000;;SUBMISSION;ASH_COATED_OSMIUM;SEASHELLS;10001;5
932600;;SUBMISSION;ASH_COATED_OSMIUM;SEASHELLS;10013;10
934300;;SUBMISSION;ASH_COATED_OSMIUM;SEASHELLS;10011;3
934400;;SUBMISSION;ASH_COATED_OSMIUM;SEASHELLS;10005;6
935900;SUBMISSION;;ASH_COATED_OSMIUM;SEASHELLS;9996;8
937800;;SUBMISSION;ASH_COATED_OSMIUM;SEASHELLS;10004;10
939100;;SUBMISSION;ASH_COATED_OSMIUM;SEASHELLS;10010;2
939500;;SUBMISSION;ASH_COATED_OSMIUM;SEASHELLS;10010;9
939600;;SUBMISSION;ASH_COATED_OSMIUM;SEASHELLS;10010;6
940000;;SUBMISSION;ASH_COATED_OSMIUM;SEASHELLS;10006;5
941000;SUBMISSION;;ASH_COATED_OSMIUM;SEASHELLS;10002;4
943100;;SUBMISSION;ASH_COATED_OSMIUM;SEASHELLS;10006;4
945100;;SUBMISSION;ASH_COATED_OSMIUM;SEASHELLS;10005;8
947400;;SUBMISSION;ASH_COATED_OSMIUM;SEASHELLS;10004;8
947700;SUBMISSION;;ASH_COATED_OSMIUM;SEASHELLS;10000;6
948400;;SUBMISSION;ASH_COATED_OSMIUM;SEASHELLS;10012;7
949300;SUBMISSION;;ASH_COATED_OSMIUM;SEASHELLS;10000;10
949600;;SUBMISSION;ASH_COATED_OSMIUM;SEASHELLS;10010;2
951100;SUBMISSION;;ASH_COATED_OSMIUM;SEASHELLS;9999;6
953100;SUBMISSION;;ASH_COATED_OSMIUM;SEASHELLS;9996;8
956600;SUBMISSION;;ASH_COATED_OSMIUM;SEASHELLS;9991;3
960000;SUBMISSION;;ASH_COATED_OSMIUM;SEASHELLS;9999;5
960400;SUBMISSION;;ASH_COATED_OSMIUM;SEASHELLS;9990;4
965200;SUBMISSION;;ASH_COATED_OSMIUM;SEASHELLS;9995;2
969100;SUBMISSION;;ASH_COATED_OSMIUM;SEASHELLS;9993;2
969800;SUBMISSION;;ASH_COATED_OSMIUM;SEASHELLS;9988;6
973800;;SUBMISSION;ASH_COATED_OSMIUM;SEASHELLS;9993;4
974200;SUBMISSION;;ASH_COATED_OSMIUM;SEASHELLS;9998;10
975500;SUBMISSION;;ASH_COATED_OSMIUM;SEASHELLS;9986;2
976500;SUBMISSION;;ASH_COATED_OSMIUM;SEASHELLS;9986;6
976700;SUBMISSION;;ASH_COATED_OSMIUM;SEASHELLS;9994;4
977300;SUBMISSION;;ASH_COATED_OSMIUM;SEASHELLS;9992;9
977500;;SUBMISSION;ASH_COATED_OSMIUM;SEASHELLS;9995;10
978600;SUBMISSION;;ASH_COATED_OSMIUM;SEASHELLS;9987;3
984500;SUBMISSION;;ASH_COATED_OSMIUM;SEASHELLS;9990;8
985400;SUBMISSION;;ASH_COATED_OSMIUM;SEASHELLS;9994;2
985700;;SUBMISSION;ASH_COATED_OSMIUM;SEASHELLS;9995;5
986800;SUBMISSION;;ASH_COATED_OSMIUM;SEASHELLS;9988;6
988700;SUBMISSION;;ASH_COATED_OSMIUM;SEASHELLS;9992;8
989300;SUBMISSION;;ASH_COATED_OSMIUM;SEASHELLS;9986;2
990100;SUBMISSION;;ASH_COATED_OSMIUM;SEASHELLS;9992;3
991400;SUBMISSION;;ASH_COATED_OSMIUM;SEASHELLS;9984;9
993200;SUBMISSION;;ASH_COATED_OSMIUM;SEASHELLS;9989;7
