timestamp;buyer;seller;symbol;currency;price;quantity
2500;;SUBMISSION;VELVETFRUIT_EXTRACT;SEASHELLS;5249;4
5200;SUBMISSION;;VELVETFRUIT_EXTRACT;SEASHELLS;5237;3
5500;;SUBMISSION;VELVETFRUIT_EXTRACT;SEASHELLS;5240;8
8000;;SUBMISSION;HYDROGEL_PACK;SEASHELLS;10017;6
9300;SUBMISSION;;VELVETFRUIT_EXTRACT;SEASHELLS;5230;6
10100;;SUBMISSION;HYDROGEL_PACK;SEASHELLS;10012;5
11900;;SUBMISSION;VELVETFRUIT_EXTRACT;SEASHELLS;5236;4
14000;;SUBMISSION;VELVETFRUIT_EXTRACT;SEASHELLS;5242;7
15300;;SUBMISSION;HYDROGEL_PACK;SEASHELLS;10024;3
15700;SUBMISSION;;HYDROGEL_PACK;SEASHELLS;10011;2
16400;SUBMISSION;;HYDROGEL_PACK;SEASHELLS;10011;4
19900;SUBMISSION;;VELVETFRUIT_EXTRACT;SEASHELLS;5237;7
20300;SUBMISSION;;HYDROGEL_PACK;SEASHELLS;10004;5
20500;SUBMISSION;;HYDROGEL_PACK;SEASHELLS;10002;3
20700;;SUBMISSION;VELVETFRUIT_EXTRACT;SEASHELLS;5237;5
22500;SUBMISSION;;VELVETFRUIT_EXTRACT;SEASHELLS;5235;4
23300;;SUBMISSION;HYDROGEL_PACK;SEASHELLS;9996;2
27300;SUBMISSION;;VELVETFRUIT_EXTRACT;SEASHELLS;5231;3
28400;SUBMISSION;;VELVETFRUIT_EXTRACT;SEASHELLS;5231;8
28500;;SUBMISSION;HYDROGEL_PACK;SEASHELLS;9993;5
29100;SUBMISSION;;HYDROGEL_PACK;SEASHELLS;9974;6
29800;;SUBMISSION;VELVETFRUIT_EXTRACT;SEASHELLS;5231;4
33300;;SUBMISSION;VELVETFRUIT_EXTRACT;SEASHELLS;5232;6
36500;SUBMISSION;;VELVETFRUIT_EXTRACT;SEASHELLS;5230;7
36800;SUBMISSION;;VELVETFRUIT_EXTRACT;SEASHELLS;5229;7
37300;SUBMISSION;;VELVETFRUIT_EXTRACT;SEASHELLS;5232;5
38400;;SUBMISSION;VELVETFRUIT_EXTRACT;SEASHELLS;5234;3
38700;;SUBMISSION;VELVETFRUIT_EXTRACT;SEASHELLS;5235;6
39900;SUBMISSION;;VELVETFRUIT_EXTRACT;SEASHELLS;5231;8
45800;SUBMISSION;;HYDROGEL_PACK;SEASHELLS;9979;2
54300;SUBMISSION;;VELVETFRUIT_EXTRACT;SEASHELLS;5240;4
54600;;SUBMISSION;HYDROGEL_PACK;SEASHELLS;9985;3
54900;;SUBMISSION;VELVETFRUIT_EXTRACT;SEASHELLS;5239;4
55000;;SUBMISSION;HYDROGEL_PACK;SEASHELLS;9985;6
56700;;SUBMISSION;HYDROGEL_PACK;SEASHELLS;9989;6
57500;;SUBMISSION;VELVETFRUIT_EXTRACT;SEASHELLS;5245;4
60000;SUBMISSION;;HYDROGEL_PACK;SEASHELLS;9991;4
61900;;SUBMISSION;VELVETFRUIT_EXTRACT;SEASHELLS;5241;5
63900;SUBMISSION;;HYDROGEL_PACK;SEASHELLS;9989;5
65600;;SUBMISSION;VELVETFRUIT_EXTRACT;SEASHELLS;5237;8
67600;;SUBMISSION;HYDROGEL_PACK;SEASHELLS;9991;5
69200;SUBMISSION;;VELVETFRUIT_EXTRACT;SEASHELLS;5239;7
73000;SUBMISSION;;HYDROGEL_PACK;SEASHELLS;9982;3
75500;;SUBMISSION;VELVETFRUIT_EXTRACT;SEASHELLS;5242;6
75800;SUBMISSION;;VELVETFRUIT_EXTRACT;SEASHELLS;5241;3
76300;;SUBMISSION;VELVETFRUIT_EXTRACT;SEASHELLS;5246;8
77800;;SUBMISSION;HYDROGEL_PACK;SEASHELLS;9988;2
79800;SUBMISSION;;VELVETFRUIT_EXTRACT;SEASHELLS;5248;6
85300;;SUBMISSION;VELVETFRUIT_EXTRACT;SEASHELLS;5244;6
85800;SUBMISSION;;VELVETFRUIT_EXTRACT;SEASHELLS;5239;4
86300;;SUBMISSION;VELVETFRUIT_EXTRACT;SEASHELLS;5243;7
86800;;SUBMISSION;VELVETFRUIT_EXTRACT;SEASHELLS;5244;6
87100;SUBMISSION;;HYDROGEL_PACK;SEASHELLS;9953;14
87100;SUBMISSION;;HYDROGEL_PACK;SEASHELLS;9956;16
87200;SUBMISSION;;HYDROGEL_PACK;SEASHELLS;9954;13
87200;SUBMISSION;;HYDROGEL_PACK;SEASHELLS;9957;17
87300;SUBMISSION;;HYDROGEL_PACK;SEASHELLS;9952;12
87300;SUBMISSION;;HYDROGEL_PACK;SEASHELLS;9955;18
87400;SUBMISSION;;HYDROGEL_PACK;SEASHELLS;9953;11
87400;SUBMISSION;;HYDROGEL_PACK;SEASHELLS;9955;19
87500;SUBMISSION;;HYDROGEL_PACK;SEASHELLS;9955;14
87500;SUBMISSION;;HYDROGEL_PACK;SEASHELLS;9958;16
87600;SUBMISSION;;HYDROGEL_PACK;SEASHELLS;9955;10
87600;SUBMISSION;;HYDROGEL_PACK;SEASHELLS;9957;20
87700;SUBMISSION;;HYDROGEL_PACK;SEASHELLS;9954;13
87700;SUBMISSION;;HYDROGEL_PACK;SEASHELLS;9957;11
90000;;SUBMISSION;HYDROGEL_PACK;SEASHELLS;9944;6
90100;SUBMISSION;;HYDROGEL_PACK;SEASHELLS;9952;6
93200;;SUBMISSION;HYDROGEL_PACK;SEASHELLS;9943;6
93300;SUBMISSION;;HYDROGEL_PACK;SEASHELLS;9949;6
101800;;SUBMISSION;VELVETFRUIT_EXTRACT;SEASHELLS;5240;4
102600;SUBMISSION;;VELVETFRUIT_EXTRACT;SEASHELLS;5237;4
104800;;SUBMISSION;VELVETFRUIT_EXTRACT;SEASHELLS;5234;6
108800;;SUBMISSION;HYDROGEL_PACK;SEASHELLS;9944;2
109000;SUBMISSION;;HYDROGEL_PACK;SEASHELLS;9948;2
120900;SUBMISSION;;VELVETFRUIT_EXTRACT;SEASHELLS;5221;5
123200;SUBMISSION;;VELVETFRUIT_EXTRACT;SEASHELLS;5231;5
125000;;SUBMISSION;HYDROGEL_PACK;SEASHELLS;9967;4
133600;;SUBMISSION;HYDROGEL_PACK;SEASHELLS;9964;5
136800;;SUBMISSION;HYDROGEL_PACK;SEASHELLS;9950;5
141700;;SUBMISSION;VELVETFRUIT_EXTRACT;SEASHELLS;5233;6
142400;SUBMISSION;;VELVETFRUIT_EXTRACT;SEASHELLS;5232;5
144100;SUBMISSION;;VELVETFRUIT_EXTRACT;SEASHELLS;5228;7
144500;;SUBMISSION;HYDROGEL_PACK;SEASHELLS;9961;3
148100;SUBMISSION;;VELVETFRUIT_EXTRACT;SEASHELLS;5224;3
148700;SUBMISSION;;VELVETFRUIT_EXTRACT;SEASHELLS;5224;8
152200;;SUBMISSION;VELVETFRUIT_EXTRACT;SEASHELLS;5236;3
152400;SUBMISSION;;VELVETFRUIT_EXTRACT;SEASHELLS;5232;3
155200;;SUBMISSION;HYDROGEL_PACK;SEASHELLS;9986;5
156600;;SUBMISSION;VELVETFRUIT_EXTRACT;SEASHELLS;5243;4
158100;;SUBMISSION;HYDROGEL_PACK;SEASHELLS;9971;5
159000;;SUBMISSION;VELVETFRUIT_EXTRACT;SEASHELLS;5248;6
163300;;SUBMISSION;HYDROGEL_PACK;SEASHELLS;9972;3
171500;;SUBMISSION;HYDROGEL_PACK;SEASHELLS;9978;5
172800;;SUBMISSION;VELVETFRUIT_EXTRACT;SEASHELLS;5251;3
173200;;SUBMISSION;VELVETFRUIT_EXTRACT;SEASHELLS;5252;5
173900;SUBMISSION;;VELVETFRUIT_EXTRACT;SEASHELLS;5246;5
175300;;SUBMISSION;HYDROGEL_PACK;SEASHELLS;9966;6
178300;;SUBMISSION;VELVETFRUIT_EXTRACT;SEASHELLS;5238;6
178800;SUBMISSION;;VELVETFRUIT_EXTRACT;SEASHELLS;5238;5
179500;SUBMISSION;;VELVETFRUIT_EXTRACT;SEASHELLS;5237;3
181900;;SUBMISSION;HYDROGEL_PACK;SEASHELLS;9976;3
182400;;SUBMISSION;HYDROGEL_PACK;SEASHELLS;9974;5
183300;;SUBMISSION;HYDROGEL_PACK;SEASHELLS;9970;4
190500;SUBMISSION;;VELVETFRUIT_EXTRACT;SEASHELLS;5233;10
195800;;SUBMISSION;VELVETFRUIT_EXTRACT;SEASHELLS;5233;8
196500;SUBMISSION;;VELVETFRUIT_EXTRACT;SEASHELLS;5228;7
197000;;SUBMISSION;HYDROGEL_PACK;SEASHELLS;9963;6
198200;SUBMISSION;;VEV_5300;SEASHELLS;42;4
199300;;SUBMISSION;VELVETFRUIT_EXTRACT;SEASHELLS;5232;7
199700;SUBMISSION;;VELVETFRUIT_EXTRACT;SEASHELLS;5228;4
200700;;SUBMISSION;VELVETFRUIT_EXTRACT;SEASHELLS;5234;7
201900;SUBMISSION;;VELVETFRUIT_EXTRACT;SEASHELLS;5231;4
203900;;SUBMISSION;HYDROGEL_PACK;SEASHELLS;9973;6
206200;;SUBMISSION;HYDROGEL_PACK;SEASHELLS;9978;5
207600;;SUBMISSION;HYDROGEL_PACK;SEASHELLS;9975;6
209000;;SUBMISSION;HYDROGEL_PACK;SEASHELLS;9984;5
210700;;SUBMISSION;VELVETFRUIT_EXTRACT;SEASHELLS;5237;6
213100;;SUBMISSION;VELVETFRUIT_EXTRACT;SEASHELLS;5223;6
216000;SUBMISSION;;VELVETFRUIT_EXTRACT;SEASHELLS;5223;3
216600;SUBMISSION;;VELVETFRUIT_EXTRACT;SEASHELLS;5223;7
218800;;SUBMISSION;HYDROGEL_PACK;SEASHELLS;9982;4
220100;SUBMISSION;;VEV_5200;SEASHELLS;84;4
222700;;SUBMISSION;HYDROGEL_PACK;SEASHELLS;9998;6
225900;;SUBMISSION;VELVETFRUIT_EXTRACT;SEASHELLS;5234;5
230000;SUBMISSION;;VEV_5500;SEASHELLS;7;1
232700;SUBMISSION;;VELVETFRUIT_EXTRACT;SEASHELLS;5235;3
235100;SUBMISSION;;VEV_5300;SEASHELLS;46;1
235500;SUBMISSION;;VELVETFRUIT_EXTRACT;SEASHELLS;5234;8
235900;SUBMISSION;;VELVETFRUIT_EXTRACT;SEASHELLS;5232;8
238700;;SUBMISSION;VELVETFRUIT_EXTRACT;SEASHELLS;5232;6
239200;SUBMISSION;;VELVETFRUIT_EXTRACT;SEASHELLS;5230;5
242100;;SUBMISSION;VELVETFRUIT_EXTRACT;SEASHELLS;5236;3
243300;;SUBMISSION;HYDROGEL_PACK;SEASHELLS;9974;2
247100;;SUBMISSION;HYDROGEL_PACK;SEASHELLS;9968;5
248500;SUBMISSION;;VELVETFRUIT_EXTRACT;SEASHELLS;5242;8
248700;;SUBMISSION;HYDROGEL_PACK;SEASHELLS;9964;3
250200;SUBMISSION;;VELVETFRUIT_EXTRACT;SEASHELLS;5245;7
251800;;SUBMISSION;VELVETFRUIT_EXTRACT;SEASHELLS;5248;4
256100;;SUBMISSION;HYDROGEL_PACK;SEASHELLS;9968;5
256100;;SUBMISSION;VELVETFRUIT_EXTRACT;SEASHELLS;5242;4
257100;;SUBMISSION;VELVETFRUIT_EXTRACT;SEASHELLS;5244;7
260100;;SUBMISSION;HYDROGEL_PACK;SEASHELLS;9996;2
260200;SUBMISSION;;VELVETFRUIT_EXTRACT;SEASHELLS;5236;3
261500;;SUBMISSION;HYDROGEL_PACK;SEASHELLS;10006;5
266800;SUBMISSION;;HYDROGEL_PACK;SEASHELLS;9994;6
267500;SUBMISSION;;VELVETFRUIT_EXTRACT;SEASHELLS;5239;8
270900;SUBMISSION;;VELVETFRUIT_EXTRACT;SEASHELLS;5243;8
273500;;SUBMISSION;HYDROGEL_PACK;SEASHELLS;9991;4
273700;;SUBMISSION;VELVETFRUIT_EXTRACT;SEASHELLS;5250;3
277200;;SUBMISSION;VELVETFRUIT_EXTRACT;SEASHELLS;5253;6
278200;;SUBMISSION;HYDROGEL_PACK;SEASHELLS;9993;5
278600;SUBMISSION;;HYDROGEL_PACK;SEASHELLS;9992;4
280000;;SUBMISSION;HYDROGEL_PACK;SEASHELLS;9987;3
281300;;SUBMISSION;VELVETFRUIT_EXTRACT;SEASHELLS;5241;8
281500;SUBMISSION;;HYDROGEL_PACK;SEASHELLS;9974;5
282600;;SUBMISSION;VELVETFRUIT_EXTRACT;SEASHELLS;5242;7
283800;;SUBMISSION;HYDROGEL_PACK;SEASHELLS;9986;2
284700;;SUBMISSION;HYDROGEL_PACK;SEASHELLS;9975;2
286800;SUBMISSION;;VELVETFRUIT_EXTRACT;SEASHELLS;5233;6
287600;;SUBMISSION;HYDROGEL_PACK;SEASHELLS;9976;6
287700;;SUBMISSION;HYDROGEL_PACK;SEASHELLS;9980;3
289500;;SUBMISSION;VELVETFRUIT_EXTRACT;SEASHELLS;5249;7
290800;;SUBMISSION;HYDROGEL_PACK;SEASHELLS;9995;5
291200;SUBMISSION;;VELVETFRUIT_EXTRACT;SEASHELLS;5238;7
292400;;SUBMISSION;VELVETFRUIT_EXTRACT;SEASHELLS;5244;6
293200;SUBMISSION;;VELVETFRUIT_EXTRACT;SEASHELLS;5243;7
294900;;SUBMISSION;HYDROGEL_PACK;SEASHELLS;10003;6
297300;SUBMISSION;;VELVETFRUIT_EXTRACT;SEASHELLS;5246;3
297600;SUBMISSION;;VELVETFRUIT_EXTRACT;SEASHELLS;5246;8
297800;;SUBMISSION;VELVETFRUIT_EXTRACT;SEASHELLS;5250;5
299300;;SUBMISSION;HYDROGEL_PACK;SEASHELLS;10012;6
299300;;SUBMISSION;HYDROGEL_PACK;SEASHELLS;10004;14
299300;;SUBMISSION;HYDROGEL_PACK;SEASHELLS;10002;10
299600;;SUBMISSION;HYDROGEL_PACK;SEASHELLS;10009;11
299600;;SUBMISSION;HYDROGEL_PACK;SEASHELLS;10007;19
299700;;SUBMISSION;HYDROGEL_PACK;SEASHELLS;10009;13
299700;;SUBMISSION;HYDROGEL_PACK;SEASHELLS;10007;17
304700;;SUBMISSION;HYDROGEL_PACK;SEASHELLS;10009;15
304700;;SUBMISSION;HYDROGEL_PACK;SEASHELLS;10006;15
304700;;SUBMISSION;VELVETFRUIT_EXTRACT;SEASHELLS;5254;4
305700;SUBMISSION;;VELVETFRUIT_EXTRACT;SEASHELLS;5253;8
306300;;SUBMISSION;HYDROGEL_PACK;SEASHELLS;10010;13
306300;;SUBMISSION;HYDROGEL_PACK;SEASHELLS;10007;17
306400;;SUBMISSION;HYDROGEL_PACK;SEASHELLS;10009;10
306400;;SUBMISSION;HYDROGEL_PACK;SEASHELLS;10006;20
306500;;SUBMISSION;HYDROGEL_PACK;SEASHELLS;10011;11
306500;;SUBMISSION;HYDROGEL_PACK;SEASHELLS;10008;19
306600;;SUBMISSION;HYDROGEL_PACK;SEASHELLS;10011;10
306600;;SUBMISSION;HYDROGEL_PACK;SEASHELLS;10008;20
306700;;SUBMISSION;HYDROGEL_PACK;SEASHELLS;10012;10
306700;;SUBMISSION;HYDROGEL_PACK;SEASHELLS;10009;6
310200;SUBMISSION;;HYDROGEL_PACK;SEASHELLS;10021;2
310300;;SUBMISSION;HYDROGEL_PACK;SEASHELLS;10015;2
313200;;SUBMISSION;VEV_5100;SEASHELLS;179;22
313200;;SUBMISSION;VEV_5200;SEASHELLS;105;22
313300;;SUBMISSION;VEV_5000;SEASHELLS;265;6
313300;;SUBMISSION;VEV_5000;SEASHELLS;264;12
313300;;SUBMISSION;VEV_5100;SEASHELLS;180;6
313300;;SUBMISSION;VEV_5100;SEASHELLS;179;12
313300;;SUBMISSION;VEV_5200;SEASHELLS;106;6
313300;;SUBMISSION;VEV_5200;SEASHELLS;105;12
313400;;SUBMISSION;VELVETFRUIT_EXTRACT;SEASHELLS;5261;7
313400;;SUBMISSION;VELVETFRUIT_EXTRACT;SEASHELLS;5259;23
313400;;SUBMISSION;VEV_5100;SEASHELLS;179;30
313400;;SUBMISSION;VEV_5200;SEASHELLS;105;30
313500;;SUBMISSION;VEV_5000;SEASHELLS;265;11
313500;;SUBMISSION;VEV_5000;SEASHELLS;264;16
313500;;SUBMISSION;VEV_5100;SEASHELLS;179;27
313500;;SUBMISSION;VEV_5200;SEASHELLS;106;11
313500;;SUBMISSION;VEV_5200;SEASHELLS;105;16
313600;;SUBMISSION;VEV_5000;SEASHELLS;265;11
313600;;SUBMISSION;VEV_5000;SEASHELLS;264;13
313600;;SUBMISSION;VEV_5100;SEASHELLS;179;24
313600;;SUBMISSION;VEV_5200;SEASHELLS;106;11
313600;;SUBMISSION;VEV_5200;SEASHELLS;105;13
313700;;SUBMISSION;VELVETFRUIT_EXTRACT;SEASHELLS;5260;30
313700;;SUBMISSION;VEV_4000;SEASHELLS;1252;7
313700;;SUBMISSION;VEV_4000;SEASHELLS;1250;23
313700;;SUBMISSION;VEV_4500;SEASHELLS;755;12
313700;;SUBMISSION;VEV_4500;SEASHELLS;753;15
313700;;SUBMISSION;VEV_5000;SEASHELLS;265;27
313700;;SUBMISSION;VEV_5100;SEASHELLS;180;27
313700;;SUBMISSION;VEV_5200;SEASHELLS;106;27
313800;;SUBMISSION;VELVETFRUIT_EXTRACT;SEASHELLS;5261;20
313800;;SUBMISSION;VELVETFRUIT_EXTRACT;SEASHELLS;5260;10
313800;;SUBMISSION;VEV_4000;SEASHELLS;1253;12
313800;;SUBMISSION;VEV_4000;SEASHELLS;1250;18
313800;;SUBMISSION;VEV_4500;SEASHELLS;755;9
313800;;SUBMISSION;VEV_4500;SEASHELLS;753;15
313800;;SUBMISSION;VEV_5000;SEASHELLS;265;24
313800;;SUBMISSION;VEV_5100;SEASHELLS;180;24
313800;;SUBMISSION;VEV_5200;SEASHELLS;106;24
313900;;SUBMISSION;VEV_5000;SEASHELLS;265;6
313900;;SUBMISSION;VEV_5000;SEASHELLS;264;16
313900;;SUBMISSION;VEV_5100;SEASHELLS;179;22
313900;;SUBMISSION;VEV_5200;SEASHELLS;106;6
313900;;SUBMISSION;VEV_5200;SEASHELLS;105;16
314000;;SUBMISSION;VEV_5100;SEASHELLS;179;29
314000;;SUBMISSION;VEV_5200;SEASHELLS;105;29
314100;;SUBMISSION;VEV_5100;SEASHELLS;179;11
314100;;SUBMISSION;VEV_5100;SEASHELLS;178;19
314200;;SUBMISSION;VEV_5100;SEASHELLS;179;7
314200;;SUBMISSION;VEV_5100;SEASHELLS;178;21
314300;;SUBMISSION;VEV_5100;SEASHELLS;178;14
316500;;SUBMISSION;VEV_5200;SEASHELLS;105;30
316600;;SUBMISSION;VEV_5000;SEASHELLS;265;9
316600;;SUBMISSION;VEV_5000;SEASHELLS;264;14
316600;;SUBMISSION;VEV_5200;SEASHELLS;106;23
316700;;SUBMISSION;VELVETFRUIT_EXTRACT;SEASHELLS;5261;30
316700;;SUBMISSION;VEV_5200;SEASHELLS;107;23
316800;;SUBMISSION;VELVETFRUIT_EXTRACT;SEASHELLS;5261;18
316800;;SUBMISSION;VELVETFRUIT_EXTRACT;SEASHELLS;5260;12
316800;;SUBMISSION;VEV_4000;SEASHELLS;1253;13
316800;;SUBMISSION;VEV_4000;SEASHELLS;1250;17
316800;;SUBMISSION;VEV_5000;SEASHELLS;266;6
316800;;SUBMISSION;VEV_5000;SEASHELLS;265;23
316900;;SUBMISSION;VELVETFRUIT_EXTRACT;SEASHELLS;5262;17
316900;;SUBMISSION;VELVETFRUIT_EXTRACT;SEASHELLS;5261;13
316900;;SUBMISSION;VEV_4000;SEASHELLS;1254;15
316900;;SUBMISSION;VEV_4000;SEASHELLS;1251;15
316900;;SUBMISSION;VEV_4500;SEASHELLS;756;6
316900;;SUBMISSION;VEV_4500;SEASHELLS;754;24
316900;;SUBMISSION;VEV_5000;SEASHELLS;267;6
316900;;SUBMISSION;VEV_5000;SEASHELLS;266;24
316900;;SUBMISSION;VEV_5300;SEASHELLS;56;9
316900;;SUBMISSION;VEV_5300;SEASHELLS;55;18
317000;;SUBMISSION;VELVETFRUIT_EXTRACT;SEASHELLS;5262;16
317000;;SUBMISSION;VELVETFRUIT_EXTRACT;SEASHELLS;5261;13
317000;;SUBMISSION;VEV_4000;SEASHELLS;1254;14
317000;;SUBMISSION;VEV_4000;SEASHELLS;1251;16
317000;;SUBMISSION;VEV_4500;SEASHELLS;756;6
317000;;SUBMISSION;VEV_4500;SEASHELLS;755;15
317000;;SUBMISSION;VEV_5000;SEASHELLS;267;6
317000;;SUBMISSION;VEV_5000;SEASHELLS;266;15
317000;;SUBMISSION;VEV_5300;SEASHELLS;56;8
317000;;SUBMISSION;VEV_5300;SEASHELLS;55;14
317100;;SUBMISSION;VEV_4000;SEASHELLS;1254;13
317100;;SUBMISSION;VEV_4000;SEASHELLS;1252;16
317100;;SUBMISSION;VEV_4500;SEASHELLS;757;7
317100;;SUBMISSION;VEV_4500;SEASHELLS;755;15
317100;;SUBMISSION;VEV_5000;SEASHELLS;267;7
317100;;SUBMISSION;VEV_5000;SEASHELLS;266;15
317100;;SUBMISSION;VEV_5300;SEASHELLS;56;9
317100;;SUBMISSION;VEV_5300;SEASHELLS;55;12
317200;;SUBMISSION;VEV_4000;SEASHELLS;1254;15
317200;;SUBMISSION;VEV_4000;SEASHELLS;1252;15
317200;;SUBMISSION;VEV_4500;SEASHELLS;757;6
317200;;SUBMISSION;VEV_4500;SEASHELLS;755;15
317200;;SUBMISSION;VEV_5000;SEASHELLS;267;21
317200;;SUBMISSION;VEV_5300;SEASHELLS;56;27
317300;;SUBMISSION;VEV_4000;SEASHELLS;1254;12
317300;;SUBMISSION;VEV_4000;SEASHELLS;1252;18
317300;;SUBMISSION;VEV_4500;SEASHELLS;757;6
317300;;SUBMISSION;VEV_4500;SEASHELLS;755;19
317300;;SUBMISSION;VEV_5000;SEASHELLS;267;6
317300;;SUBMISSION;VEV_5000;SEASHELLS;266;1
317300;;SUBMISSION;VEV_5300;SEASHELLS;56;16
317400;;SUBMISSION;VEV_4000;SEASHELLS;1254;13
317400;;SUBMISSION;VEV_4000;SEASHELLS;1252;17
317400;;SUBMISSION;VEV_4500;SEASHELLS;757;10
317400;;SUBMISSION;VEV_4500;SEASHELLS;755;13
317400;;SUBMISSION;VEV_5300;SEASHELLS;56;10
317400;;SUBMISSION;VEV_5300;SEASHELLS;55;14
317500;;SUBMISSION;VEV_4000;SEASHELLS;1255;12
317500;;SUBMISSION;VEV_4000;SEASHELLS;1252;14
317500;;SUBMISSION;VEV_4500;SEASHELLS;757;7
317500;;SUBMISSION;VEV_4500;SEASHELLS;755;12
317500;;SUBMISSION;VEV_5300;SEASHELLS;56;21
317700;;SUBMISSION;VEV_4500;SEASHELLS;755;7
317700;;SUBMISSION;VEV_4500;SEASHELLS;754;18
317800;;SUBMISSION;VEV_4500;SEASHELLS;756;9
317800;;SUBMISSION;VEV_4500;SEASHELLS;754;15
317900;;SUBMISSION;VEV_4500;SEASHELLS;756;9
317900;;SUBMISSION;VEV_4500;SEASHELLS;754;18
317900;;SUBMISSION;VEV_5300;SEASHELLS;56;9
317900;;SUBMISSION;VEV_5300;SEASHELLS;55;16
318000;;SUBMISSION;VEV_4500;SEASHELLS;756;7
318100;;SUBMISSION;VEV_5300;SEASHELLS;56;8
318100;;SUBMISSION;VEV_5300;SEASHELLS;55;10
318400;;SUBMISSION;VEV_5300;SEASHELLS;56;23
318500;;SUBMISSION;VEV_5300;SEASHELLS;56;19
318600;;SUBMISSION;VEV_5300;SEASHELLS;57;8
318600;;SUBMISSION;VEV_5300;SEASHELLS;56;14
318700;SUBMISSION;;HYDROGEL_PACK;SEASHELLS;10019;6
318700;;SUBMISSION;VEV_5300;SEASHELLS;57;21
318800;;SUBMISSION;HYDROGEL_PACK;SEASHELLS;10011;6
318800;;SUBMISSION;VEV_5300;SEASHELLS;57;14
320300;SUBMISSION;;VEV_4000;SEASHELLS;1258;2
321200;SUBMISSION;;HYDROGEL_PACK;SEASHELLS;10015;4
321300;;SUBMISSION;HYDROGEL_PACK;SEASHELLS;10013;4
322800;SUBMISSION;;VEV_4000;SEASHELLS;1255;1
323500;SUBMISSION;;VEV_4000;SEASHELLS;1252;3
325100;;SUBMISSION;VEV_4000;SEASHELLS;1254;6
326800;;SUBMISSION;VEV_5400;SEASHELLS;24;27
326900;;SUBMISSION;VEV_5400;SEASHELLS;24;20
327000;;SUBMISSION;VEV_5400;SEASHELLS;24;26
327300;;SUBMISSION;VEV_5400;SEASHELLS;24;26
327400;;SUBMISSION;VEV_5400;SEASHELLS;24;10
327400;;SUBMISSION;VEV_5400;SEASHELLS;23;19
327500;;SUBMISSION;VEV_5400;SEASHELLS;24;25
327600;SUBMISSION;;VELVETFRUIT_EXTRACT;SEASHELLS;5273;3
327600;;SUBMISSION;VEV_5400;SEASHELLS;24;19
327700;;SUBMISSION;VELVETFRUIT_EXTRACT;SEASHELLS;5268;3
327700;;SUBMISSION;VEV_5400;SEASHELLS;24;16
327800;;SUBMISSION;VEV_5400;SEASHELLS;24;25
328800;SUBMISSION;;VEV_4000;SEASHELLS;1261;3
328900;;SUBMISSION;VEV_4000;SEASHELLS;1256;3
329700;SUBMISSION;;VELVETFRUIT_EXTRACT;SEASHELLS;5269;3
329800;;SUBMISSION;VELVETFRUIT_EXTRACT;SEASHELLS;5264;3
331400;SUBMISSION;;HYDROGEL_PACK;SEASHELLS;10031;2
331500;;SUBMISSION;HYDROGEL_PACK;SEASHELLS;10027;2
332300;SUBMISSION;;VEV_5300;SEASHELLS;59;4
332400;;SUBMISSION;VEV_5300;SEASHELLS;58;4
332700;SUBMISSION;;HYDROGEL_PACK;SEASHELLS;10036;6
332800;;SUBMISSION;HYDROGEL_PACK;SEASHELLS;10030;6
336800;SUBMISSION;;HYDROGEL_PACK;SEASHELLS;10040;5
336900;;SUBMISSION;HYDROGEL_PACK;SEASHELLS;10035;5
340000;SUBMISSION;;HYDROGEL_PACK;SEASHELLS;10034;6
340100;;SUBMISSION;HYDROGEL_PACK;SEASHELLS;10024;6
345000;SUBMISSION;;HYDROGEL_PACK;SEASHELLS;10021;4
345100;;SUBMISSION;HYDROGEL_PACK;SEASHELLS;10015;4
345100;SUBMISSION;;VEV_4000;SEASHELLS;1248;2
345400;SUBMISSION;;VELVETFRUIT_EXTRACT;SEASHELLS;5254;8
346400;SUBMISSION;;VELVETFRUIT_EXTRACT;SEASHELLS;5262;3
347200;;SUBMISSION;VELVETFRUIT_EXTRACT;SEASHELLS;5263;11
347200;;SUBMISSION;VEV_4000;SEASHELLS;1255;2
347400;SUBMISSION;;VEV_4000;SEASHELLS;1258;1
347700;;SUBMISSION;VEV_4000;SEASHELLS;1256;1
350700;;SUBMISSION;VEV_5500;SEASHELLS;10;22
350800;;SUBMISSION;VEV_5500;SEASHELLS;10;25
350900;;SUBMISSION;VEV_5500;SEASHELLS;10;23
351100;SUBMISSION;;VELVETFRUIT_EXTRACT;SEASHELLS;5275;7
351100;;SUBMISSION;VEV_5500;SEASHELLS;10;23
351200;;SUBMISSION;VELVETFRUIT_EXTRACT;SEASHELLS;5269;7
351500;;SUBMISSION;VEV_5500;SEASHELLS;10;22
351600;;SUBMISSION;VEV_5400;SEASHELLS;24;23
351600;;SUBMISSION;VEV_5500;SEASHELLS;11;23
351700;;SUBMISSION;VEV_5400;SEASHELLS;24;23
351700;;SUBMISSION;VEV_5500;SEASHELLS;11;23
351800;SUBMISSION;;VEV_4000;SEASHELLS;1270;1
351800;;SUBMISSION;VEV_5400;SEASHELLS;24;21
351800;;SUBMISSION;VEV_5500;SEASHELLS;11;9
351800;;SUBMISSION;VEV_5500;SEASHELLS;10;12
351900;;SUBMISSION;VEV_4000;SEASHELLS;1263;1
351900;;SUBMISSION;VEV_5400;SEASHELLS;24;15
351900;;SUBMISSION;VEV_5500;SEASHELLS;10;23
352000;;SUBMISSION;VEV_5500;SEASHELLS;10;25
354000;SUBMISSION;;VELVETFRUIT_EXTRACT;SEASHELLS;5274;3
354100;;SUBMISSION;VELVETFRUIT_EXTRACT;SEASHELLS;5269;3
354400;SUBMISSION;;VELVETFRUIT_EXTRACT;SEASHELLS;5275;4
354400;;SUBMISSION;VEV_5500;SEASHELLS;10;18
354500;;SUBMISSION;VELVETFRUIT_EXTRACT;SEASHELLS;5270;4
354900;;SUBMISSION;VEV_5500;SEASHELLS;10;21
355500;;SUBMISSION;VEV_5500;SEASHELLS;10;24
355600;;SUBMISSION;VEV_5500;SEASHELLS;10;3
356200;SUBMISSION;;VEV_4000;SEASHELLS;1267;1
356300;;SUBMISSION;VEV_4000;SEASHELLS;1260;1
358200;SUBMISSION;;HYDROGEL_PACK;SEASHELLS;10000;6
359500;SUBMISSION;;VELVETFRUIT_EXTRACT;SEASHELLS;5283;6
359600;;SUBMISSION;VELVETFRUIT_EXTRACT;SEASHELLS;5280;6
364600;;SUBMISSION;HYDROGEL_PACK;SEASHELLS;10019;6
365100;SUBMISSION;;VEV_4000;SEASHELLS;1271;1
365200;;SUBMISSION;VEV_4000;SEASHELLS;1266;1
369300;SUBMISSION;;VEV_4000;SEASHELLS;1268;1
369400;;SUBMISSION;VEV_4000;SEASHELLS;1264;1
369900;SUBMISSION;;VELVETFRUIT_EXTRACT;SEASHELLS;5278;8
370000;;SUBMISSION;VELVETFRUIT_EXTRACT;SEASHELLS;5274;8
370600;SUBMISSION;;HYDROGEL_PACK;SEASHELLS;10036;4
370700;;SUBMISSION;HYDROGEL_PACK;SEASHELLS;10032;4
378100;SUBMISSION;;VEV_4000;SEASHELLS;1272;3
378200;;SUBMISSION;VEV_4000;SEASHELLS;1265;3
380500;SUBMISSION;;HYDROGEL_PACK;SEASHELLS;10048;4
380600;;SUBMISSION;HYDROGEL_PACK;SEASHELLS;10045;4
381200;SUBMISSION;;VELVETFRUIT_EXTRACT;SEASHELLS;5273;7
381300;;SUBMISSION;VELVETFRUIT_EXTRACT;SEASHELLS;5269;7
381400;SUBMISSION;;HYDROGEL_PACK;SEASHELLS;10039;4
381500;;SUBMISSION;HYDROGEL_PACK;SEASHELLS;10037;4
383100;SUBMISSION;;HYDROGEL_PACK;SEASHELLS;10037;6
383200;;SUBMISSION;HYDROGEL_PACK;SEASHELLS;10033;6
390400;SUBMISSION;;HYDROGEL_PACK;SEASHELLS;10009;6
394200;SUBMISSION;;VELVETFRUIT_EXTRACT;SEASHELLS;5265;7
394400;;SUBMISSION;HYDROGEL_PACK;SEASHELLS;10020;6
395500;SUBMISSION;;VELVETFRUIT_EXTRACT;SEASHELLS;5265;3
397900;SUBMISSION;;VELVETFRUIT_EXTRACT;SEASHELLS;5265;6
399700;SUBMISSION;;VELVETFRUIT_EXTRACT;SEASHELLS;5263;6
402100;SUBMISSION;;VEV_5400;SEASHELLS;22;3
404300;SUBMISSION;;VELVETFRUIT_EXTRACT;SEASHELLS;5264;8
405800;SUBMISSION;;VELVETFRUIT_EXTRACT;SEASHELLS;5264;7
407400;;SUBMISSION;VELVETFRUIT_EXTRACT;SEASHELLS;5267;30
407600;;SUBMISSION;VELVETFRUIT_EXTRACT;SEASHELLS;5268;7
407800;SUBMISSION;;VELVETFRUIT_EXTRACT;SEASHELLS;5271;9
407900;;SUBMISSION;VELVETFRUIT_EXTRACT;SEASHELLS;5269;9
409600;SUBMISSION;;VELVETFRUIT_EXTRACT;SEASHELLS;5273;6
409800;;SUBMISSION;VELVETFRUIT_EXTRACT;SEASHELLS;5269;6
416400;SUBMISSION;;HYDROGEL_PACK;SEASHELLS;9970;5
419500;SUBMISSION;;VELVETFRUIT_EXTRACT;SEASHELLS;5266;5
420400;SUBMISSION;;VEV_5400;SEASHELLS;22;3
423100;SUBMISSION;;VELVETFRUIT_EXTRACT;SEASHELLS;5268;6
428200;SUBMISSION;;VELVETFRUIT_EXTRACT;SEASHELLS;5260;8
429100;SUBMISSION;;HYDROGEL_PACK;SEASHELLS;9985;3
437100;SUBMISSION;;VELVETFRUIT_EXTRACT;SEASHELLS;5249;5
442300;SUBMISSION;;VELVETFRUIT_EXTRACT;SEASHELLS;5248;7
446500;SUBMISSION;;VEV_4000;SEASHELLS;1245;1
447400;SUBMISSION;;HYDROGEL_PACK;SEASHELLS;9951;5
447600;SUBMISSION;;HYDROGEL_PACK;SEASHELLS;9955;13
447600;SUBMISSION;;HYDROGEL_PACK;SEASHELLS;9958;17
447700;SUBMISSION;;HYDROGEL_PACK;SEASHELLS;9954;14
447700;SUBMISSION;;HYDROGEL_PACK;SEASHELLS;9957;16
447800;SUBMISSION;;HYDROGEL_PACK;SEASHELLS;9954;10
447800;SUBMISSION;;HYDROGEL_PACK;SEASHELLS;9956;20
447800;SUBMISSION;;VEV_4000;SEASHELLS;1245;3
447800;SUBMISSION;;VEV_5300;SEASHELLS;50;5
447800;SUBMISSION;;VEV_5500;SEASHELLS;8;5
447900;SUBMISSION;;HYDROGEL_PACK;SEASHELLS;9951;12
447900;SUBMISSION;;HYDROGEL_PACK;SEASHELLS;9953;18
448000;SUBMISSION;;HYDROGEL_PACK;SEASHELLS;9951;10
448000;SUBMISSION;;HYDROGEL_PACK;SEASHELLS;9954;20
448000;;SUBMISSION;HYDROGEL_PACK;SEASHELLS;9949;4
448100;SUBMISSION;;HYDROGEL_PACK;SEASHELLS;9952;15
448100;SUBMISSION;;HYDROGEL_PACK;SEASHELLS;9955;15
448100;SUBMISSION;;VEV_4000;SEASHELLS;1245;2
449300;SUBMISSION;;HYDROGEL_PACK;SEASHELLS;9955;13
449300;SUBMISSION;;HYDROGEL_PACK;SEASHELLS;9958;17
450100;SUBMISSION;;VELVETFRUIT_EXTRACT;SEASHELLS;5246;5
450300;SUBMISSION;;VELVETFRUIT_EXTRACT;SEASHELLS;5247;7
450400;SUBMISSION;;VEV_4000;SEASHELLS;1240;3
453100;SUBMISSION;;VEV_5300;SEASHELLS;46;3
453100;SUBMISSION;;VEV_5500;SEASHELLS;7;3
454500;SUBMISSION;;VELVETFRUIT_EXTRACT;SEASHELLS;5244;8
454500;SUBMISSION;;VEV_4000;SEASHELLS;1237;2
455100;SUBMISSION;;HYDROGEL_PACK;SEASHELLS;9963;5
455600;SUBMISSION;;VELVETFRUIT_EXTRACT;SEASHELLS;5245;4
458100;SUBMISSION;;VELVETFRUIT_EXTRACT;SEASHELLS;5241;8
459200;SUBMISSION;;VEV_4000;SEASHELLS;1234;3
460000;;SUBMISSION;HYDROGEL_PACK;SEASHELLS;9977;6
460100;;SUBMISSION;HYDROGEL_PACK;SEASHELLS;9979;3
461100;SUBMISSION;;VEV_5400;SEASHELLS;16;20
461200;SUBMISSION;;VEV_5400;SEASHELLS;16;22
461300;SUBMISSION;;VEV_5400;SEASHELLS;16;23
461400;SUBMISSION;;VEV_5400;SEASHELLS;15;19
461500;SUBMISSION;;VEV_5400;SEASHELLS;15;23
461600;SUBMISSION;;VEV_5400;SEASHELLS;15;6
461600;SUBMISSION;;VEV_5400;SEASHELLS;16;17
461700;SUBMISSION;;VEV_5400;SEASHELLS;15;26
461800;SUBMISSION;;VEV_5400;SEASHELLS;15;29
461900;SUBMISSION;;VEV_5400;SEASHELLS;15;23
462000;SUBMISSION;;VEV_5400;SEASHELLS;15;25
462100;SUBMISSION;;VEV_5400;SEASHELLS;15;24
462200;SUBMISSION;;VEV_5400;SEASHELLS;15;22
462300;SUBMISSION;;VEV_5400;SEASHELLS;15;22
462400;SUBMISSION;;VEV_5400;SEASHELLS;16;16
462500;SUBMISSION;;VEV_5400;SEASHELLS;16;21
462600;SUBMISSION;;VEV_5400;SEASHELLS;16;25
462700;SUBMISSION;;VEV_5400;SEASHELLS;16;21
462800;SUBMISSION;;VEV_5400;SEASHELLS;16;20
462900;;SUBMISSION;HYDROGEL_PACK;SEASHELLS;9975;5
462900;SUBMISSION;;VEV_5400;SEASHELLS;15;6
462900;SUBMISSION;;VEV_5400;SEASHELLS;16;15
463000;;SUBMISSION;HYDROGEL_PACK;SEASHELLS;9972;3
463000;SUBMISSION;;VEV_5400;SEASHELLS;15;27
463100;SUBMISSION;;VEV_5400;SEASHELLS;16;29
463200;SUBMISSION;;VEV_5400;SEASHELLS;15;24
463300;SUBMISSION;;VELVETFRUIT_EXTRACT;SEASHELLS;5230;8
463300;SUBMISSION;;VEV_5400;SEASHELLS;15;21
463400;SUBMISSION;;VEV_5400;SEASHELLS;15;16
463500;SUBMISSION;;VEV_5400;SEASHELLS;15;23
463600;SUBMISSION;;VEV_5400;SEASHELLS;15;9
463600;SUBMISSION;;VEV_5400;SEASHELLS;16;10
467600;SUBMISSION;;HYDROGEL_PACK;SEASHELLS;9968;3
471700;;SUBMISSION;HYDROGEL_PACK;SEASHELLS;9977;3
472600;SUBMISSION;;VELVETFRUIT_EXTRACT;SEASHELLS;5236;7
472700;SUBMISSION;;VELVETFRUIT_EXTRACT;SEASHELLS;5237;6
473100;;SUBMISSION;HYDROGEL_PACK;SEASHELLS;9968;3
474900;;SUBMISSION;HYDROGEL_PACK;SEASHELLS;9962;5
476200;;SUBMISSION;HYDROGEL_PACK;SEASHELLS;9956;4
477700;;SUBMISSION;HYDROGEL_PACK;SEASHELLS;9957;5
478700;SUBMISSION;;VELVETFRUIT_EXTRACT;SEASHELLS;5237;3
479200;SUBMISSION;;VEV_5500;SEASHELLS;7;2
479300;SUBMISSION;;HYDROGEL_PACK;SEASHELLS;9951;11
479300;SUBMISSION;;HYDROGEL_PACK;SEASHELLS;9954;19
479400;SUBMISSION;;HYDROGEL_PACK;SEASHELLS;9952;13
479400;SUBMISSION;;HYDROGEL_PACK;SEASHELLS;9955;17
479600;SUBMISSION;;HYDROGEL_PACK;SEASHELLS;9952;12
479600;SUBMISSION;;HYDROGEL_PACK;SEASHELLS;9954;18
481200;SUBMISSION;;HYDROGEL_PACK;SEASHELLS;9953;12
481200;SUBMISSION;;HYDROGEL_PACK;SEASHELLS;9955;18
481300;SUBMISSION;;HYDROGEL_PACK;SEASHELLS;9953;11
481300;SUBMISSION;;HYDROGEL_PACK;SEASHELLS;9955;19
481400;SUBMISSION;;HYDROGEL_PACK;SEASHELLS;9953;12
481400;SUBMISSION;;HYDROGEL_PACK;SEASHELLS;9955;18
481600;;SUBMISSION;HYDROGEL_PACK;SEASHELLS;9951;3
481800;SUBMISSION;;HYDROGEL_PACK;SEASHELLS;9952;12
481800;SUBMISSION;;HYDROGEL_PACK;SEASHELLS;9955;11
483100;SUBMISSION;;VELVETFRUIT_EXTRACT;SEASHELLS;5250;3
487100;SUBMISSION;;VELVETFRUIT_EXTRACT;SEASHELLS;5243;9
487500;;SUBMISSION;HYDROGEL_PACK;SEASHELLS;9953;4
490300;SUBMISSION;;VEV_5300;SEASHELLS;46;2
493600;;SUBMISSION;HYDROGEL_PACK;SEASHELLS;9976;2
498300;SUBMISSION;;VEV_4000;SEASHELLS;1239;3
499400;SUBMISSION;;VELVETFRUIT_EXTRACT;SEASHELLS;5250;7
501400;;SUBMISSION;HYDROGEL_PACK;SEASHELLS;9981;5
501600;;SUBMISSION;HYDROGEL_PACK;SEASHELLS;9980;6
502000;;SUBMISSION;HYDROGEL_PACK;SEASHELLS;9979;3
503200;SUBMISSION;;VEV_4000;SEASHELLS;1233;3
504400;SUBMISSION;;VEV_4000;SEASHELLS;1233;3
504900;SUBMISSION;;VEV_4000;SEASHELLS;1232;3
505700;SUBMISSION;;VEV_5300;SEASHELLS;46;4
506200;SUBMISSION;;VEV_4000;SEASHELLS;1238;1
507500;SUBMISSION;;VELVETFRUIT_EXTRACT;SEASHELLS;5234;6
511900;SUBMISSION;;HYDROGEL_PACK;SEASHELLS;9951;11
511900;SUBMISSION;;HYDROGEL_PACK;SEASHELLS;9953;9
512300;SUBMISSION;;VELVETFRUIT_EXTRACT;SEASHELLS;5227;7
512600;SUBMISSION;;VELVETFRUIT_EXTRACT;SEASHELLS;5228;10
517700;SUBMISSION;;VEV_4000;SEASHELLS;1229;2
517900;;SUBMISSION;HYDROGEL_PACK;SEASHELLS;9948;3
518000;SUBMISSION;;VELVETFRUIT_EXTRACT;SEASHELLS;5236;7
518000;SUBMISSION;;VEV_4000;SEASHELLS;1232;2
518100;SUBMISSION;;HYDROGEL_PACK;SEASHELLS;9951;3
519000;SUBMISSION;;VELVETFRUIT_EXTRACT;SEASHELLS;5240;11
519600;SUBMISSION;;VELVETFRUIT_EXTRACT;SEASHELLS;5243;5
520200;SUBMISSION;;VELVETFRUIT_EXTRACT;SEASHELLS;5244;4
521000;SUBMISSION;;VELVETFRUIT_EXTRACT;SEASHELLS;5248;5
521400;;SUBMISSION;HYDROGEL_PACK;SEASHELLS;9959;6
521500;SUBMISSION;;VELVETFRUIT_EXTRACT;SEASHELLS;5250;4
522300;;SUBMISSION;HYDROGEL_PACK;SEASHELLS;9965;6
522400;SUBMISSION;;VELVETFRUIT_EXTRACT;SEASHELLS;5250;7
523700;SUBMISSION;;VEV_4000;SEASHELLS;1246;1
525200;SUBMISSION;;VEV_4000;SEASHELLS;1249;3
526600;SUBMISSION;;VEV_4000;SEASHELLS;1250;2
526800;;SUBMISSION;HYDROGEL_PACK;SEASHELLS;9984;2
528700;SUBMISSION;;VEV_4000;SEASHELLS;1254;2
534700;SUBMISSION;;VEV_5300;SEASHELLS;52;5
535000;SUBMISSION;;VELVETFRUIT_EXTRACT;SEASHELLS;5250;3
537500;SUBMISSION;;VELVETFRUIT_EXTRACT;SEASHELLS;5248;8
540300;;SUBMISSION;HYDROGEL_PACK;SEASHELLS;9974;2
542600;;SUBMISSION;VELVETFRUIT_EXTRACT;SEASHELLS;5248;7
543200;SUBMISSION;;VELVETFRUIT_EXTRACT;SEASHELLS;5242;8
544700;SUBMISSION;;VELVETFRUIT_EXTRACT;SEASHELLS;5235;10
546200;;SUBMISSION;VELVETFRUIT_EXTRACT;SEASHELLS;5242;5
547400;SUBMISSION;;VELVETFRUIT_EXTRACT;SEASHELLS;5239;3
551200;SUBMISSION;;VELVETFRUIT_EXTRACT;SEASHELLS;5245;4
552800;;SUBMISSION;VELVETFRUIT_EXTRACT;SEASHELLS;5247;7
553800;SUBMISSION;;VELVETFRUIT_EXTRACT;SEASHELLS;5242;15
554300;SUBMISSION;;VELVETFRUIT_EXTRACT;SEASHELLS;5241;3
557400;;SUBMISSION;HYDROGEL_PACK;SEASHELLS;9955;2
558300;;SUBMISSION;HYDROGEL_PACK;SEASHELLS;9966;3
559800;;SUBMISSION;HYDROGEL_PACK;SEASHELLS;9967;6
560800;;SUBMISSION;VELVETFRUIT_EXTRACT;SEASHELLS;5237;4
566400;;SUBMISSION;VELVETFRUIT_EXTRACT;SEASHELLS;5245;6
566500;;SUBMISSION;HYDROGEL_PACK;SEASHELLS;9953;3
568200;SUBMISSION;;VELVETFRUIT_EXTRACT;SEASHELLS;5248;7
568500;;SUBMISSION;HYDROGEL_PACK;SEASHELLS;9960;3
569000;;SUBMISSION;VELVETFRUIT_EXTRACT;SEASHELLS;5253;8
571700;;SUBMISSION;VELVETFRUIT_EXTRACT;SEASHELLS;5248;8
574400;SUBMISSION;;VELVETFRUIT_EXTRACT;SEASHELLS;5240;5
575000;SUBMISSION;;VEV_5300;SEASHELLS;47;5
579000;;SUBMISSION;VELVETFRUIT_EXTRACT;SEASHELLS;5243;5
579200;SUBMISSION;;VELVETFRUIT_EXTRACT;SEASHELLS;5241;4
579300;;SUBMISSION;HYDROGEL_PACK;SEASHELLS;9965;2
579800;;SUBMISSION;VELVETFRUIT_EXTRACT;SEASHELLS;5244;6
581000;SUBMISSION;;VELVETFRUIT_EXTRACT;SEASHELLS;5242;7
584300;SUBMISSION;;VELVETFRUIT_EXTRACT;SEASHELLS;5238;8
585100;;SUBMISSION;VELVETFRUIT_EXTRACT;SEASHELLS;5245;6
585800;SUBMISSION;;VELVETFRUIT_EXTRACT;SEASHELLS;5234;6
588900;;SUBMISSION;HYDROGEL_PACK;SEASHELLS;9986;3
591100;SUBMISSION;;VEV_5300;SEASHELLS;47;2
593200;;SUBMISSION;VELVETFRUIT_EXTRACT;SEASHELLS;5248;3
596500;;SUBMISSION;HYDROGEL_PACK;SEASHELLS;9991;6
599000;;SUBMISSION;VELVETFRUIT_EXTRACT;SEASHELLS;5251;3
599500;;SUBMISSION;HYDROGEL_PACK;SEASHELLS;9997;2
600300;SUBMISSION;;VELVETFRUIT_EXTRACT;SEASHELLS;5245;8
601600;;SUBMISSION;HYDROGEL_PACK;SEASHELLS;9991;6
603000;SUBMISSION;;VEV_5300;SEASHELLS;47;2
604600;;SUBMISSION;VELVETFRUIT_EXTRACT;SEASHELLS;5242;7
605600;;SUBMISSION;VELVETFRUIT_EXTRACT;SEASHELLS;5238;5
606800;SUBMISSION;;VELVETFRUIT_EXTRACT;SEASHELLS;5237;3
608000;SUBMISSION;;VELVETFRUIT_EXTRACT;SEASHELLS;5237;8
616500;;SUBMISSION;HYDROGEL_PACK;SEASHELLS;10011;6
620400;SUBMISSION;;VELVETFRUIT_EXTRACT;SEASHELLS;5225;4
621900;;SUBMISSION;VELVETFRUIT_EXTRACT;SEASHELLS;5224;8
622000;;SUBMISSION;HYDROGEL_PACK;SEASHELLS;10006;6
622100;SUBMISSION;;VEV_4000;SEASHELLS;1218;2
622700;SUBMISSION;;VELVETFRUIT_EXTRACT;SEASHELLS;5221;7
622800;SUBMISSION;;VEV_5000;SEASHELLS;232;10
622800;SUBMISSION;;VEV_5000;SEASHELLS;233;18
622800;SUBMISSION;;VEV_5100;SEASHELLS;150;28
622800;SUBMISSION;;VEV_5200;SEASHELLS;84;28
622900;SUBMISSION;;VEV_5000;SEASHELLS;232;10
622900;SUBMISSION;;VEV_5000;SEASHELLS;233;16
622900;SUBMISSION;;VEV_5100;SEASHELLS;149;10
622900;SUBMISSION;;VEV_5100;SEASHELLS;150;16
622900;SUBMISSION;;VEV_5200;SEASHELLS;84;26
623000;SUBMISSION;;VEV_5100;SEASHELLS;150;9
623000;SUBMISSION;;VEV_5100;SEASHELLS;151;21
623100;SUBMISSION;;VEV_5000;SEASHELLS;232;11
623100;SUBMISSION;;VEV_5000;SEASHELLS;233;19
623100;SUBMISSION;;VEV_5100;SEASHELLS;149;11
623100;SUBMISSION;;VEV_5100;SEASHELLS;150;19
623100;SUBMISSION;;VEV_5200;SEASHELLS;84;30
623200;SUBMISSION;;VEV_5100;SEASHELLS;150;7
623200;SUBMISSION;;VEV_5100;SEASHELLS;151;14
623300;SUBMISSION;;VELVETFRUIT_EXTRACT;SEASHELLS;5219;3
623300;SUBMISSION;;VEV_5000;SEASHELLS;232;9
623300;SUBMISSION;;VEV_5000;SEASHELLS;233;21
623300;SUBMISSION;;VEV_5100;SEASHELLS;150;30
623300;SUBMISSION;;VEV_5200;SEASHELLS;84;30
623400;SUBMISSION;;VEV_5100;SEASHELLS;150;21
623500;SUBMISSION;;VEV_5000;SEASHELLS;232;11
623500;SUBMISSION;;VEV_5000;SEASHELLS;233;17
623500;SUBMISSION;;VEV_5100;SEASHELLS;150;28
623500;SUBMISSION;;VEV_5200;SEASHELLS;84;28
623600;SUBMISSION;;VEV_5000;SEASHELLS;232;30
623600;SUBMISSION;;VEV_5100;SEASHELLS;149;30
623600;SUBMISSION;;VEV_5200;SEASHELLS;84;30
623700;SUBMISSION;;VEV_5000;SEASHELLS;232;9
623700;SUBMISSION;;VEV_5000;SEASHELLS;233;13
623700;SUBMISSION;;VEV_5100;SEASHELLS;149;9
623700;SUBMISSION;;VEV_5100;SEASHELLS;150;13
623700;SUBMISSION;;VEV_5200;SEASHELLS;84;22
623800;SUBMISSION;;VEV_5000;SEASHELLS;232;26
623800;SUBMISSION;;VEV_5100;SEASHELLS;149;12
623800;SUBMISSION;;VEV_5100;SEASHELLS;150;14
623800;SUBMISSION;;VEV_5200;SEASHELLS;84;26
623900;SUBMISSION;;VEV_4000;SEASHELLS;1229;15
623900;SUBMISSION;;VEV_4000;SEASHELLS;1232;15
623900;SUBMISSION;;VEV_4500;SEASHELLS;727;11
623900;SUBMISSION;;VEV_4500;SEASHELLS;729;12
623900;SUBMISSION;;VEV_5000;SEASHELLS;231;23
623900;SUBMISSION;;VEV_5100;SEASHELLS;149;23
623900;SUBMISSION;;VEV_5200;SEASHELLS;83;23
623900;SUBMISSION;;VEV_5300;SEASHELLS;39;5
623900;SUBMISSION;;VEV_5300;SEASHELLS;40;10
624000;SUBMISSION;;VEV_5000;SEASHELLS;231;10
624000;SUBMISSION;;VEV_5000;SEASHELLS;232;13
624000;SUBMISSION;;VEV_5100;SEASHELLS;149;23
624000;SUBMISSION;;VEV_5200;SEASHELLS;83;10
624000;SUBMISSION;;VEV_5200;SEASHELLS;84;13
624100;SUBMISSION;;VEV_4000;SEASHELLS;1229;11
624100;SUBMISSION;;VEV_4000;SEASHELLS;1232;18
624100;SUBMISSION;;VEV_5000;SEASHELLS;231;6
624100;SUBMISSION;;VEV_5000;SEASHELLS;232;15
624100;SUBMISSION;;VEV_5100;SEASHELLS;149;21
624100;SUBMISSION;;VEV_5200;SEASHELLS;83;21
624100;SUBMISSION;;VEV_5300;SEASHELLS;39;9
624100;SUBMISSION;;VEV_5300;SEASHELLS;40;15
624200;SUBMISSION;;VEV_5000;SEASHELLS;231;7
624200;SUBMISSION;;VEV_5000;SEASHELLS;232;15
624200;SUBMISSION;;VEV_5100;SEASHELLS;149;22
624200;SUBMISSION;;VEV_5200;SEASHELLS;83;22
624300;SUBMISSION;;VEV_5000;SEASHELLS;232;6
624300;SUBMISSION;;VEV_5000;SEASHELLS;233;12
624300;SUBMISSION;;VEV_5100;SEASHELLS;150;18
624300;SUBMISSION;;VEV_5200;SEASHELLS;84;18
624500;SUBMISSION;;VEV_5100;SEASHELLS;150;10
624500;SUBMISSION;;VEV_5100;SEASHELLS;151;20
624600;SUBMISSION;;VEV_5000;SEASHELLS;232;10
624600;SUBMISSION;;VEV_5000;SEASHELLS;233;15
624600;SUBMISSION;;VEV_5100;SEASHELLS;149;10
624600;SUBMISSION;;VEV_5100;SEASHELLS;150;15
624600;SUBMISSION;;VEV_5200;SEASHELLS;84;25
624700;SUBMISSION;;VEV_5000;SEASHELLS;232;6
624700;SUBMISSION;;VEV_5000;SEASHELLS;233;22
624700;SUBMISSION;;VEV_5100;SEASHELLS;149;6
624700;SUBMISSION;;VEV_5100;SEASHELLS;150;22
624700;SUBMISSION;;VEV_5200;SEASHELLS;84;28
624800;SUBMISSION;;VELVETFRUIT_EXTRACT;SEASHELLS;5220;6
624800;SUBMISSION;;VELVETFRUIT_EXTRACT;SEASHELLS;5223;24
624800;SUBMISSION;;VEV_5000;SEASHELLS;232;12
624800;SUBMISSION;;VEV_5000;SEASHELLS;233;17
624800;SUBMISSION;;VEV_5100;SEASHELLS;150;29
624800;SUBMISSION;;VEV_5200;SEASHELLS;84;29
624900;SUBMISSION;;VEV_5100;SEASHELLS;150;6
624900;SUBMISSION;;VEV_5100;SEASHELLS;151;23
625700;SUBMISSION;;VEV_5100;SEASHELLS;150;12
625700;SUBMISSION;;VEV_5100;SEASHELLS;151;18
625800;SUBMISSION;;VEV_5100;SEASHELLS;150;12
625800;SUBMISSION;;VEV_5100;SEASHELLS;151;8
626000;SUBMISSION;;VEV_5000;SEASHELLS;232;30
626000;SUBMISSION;;VEV_5200;SEASHELLS;84;30
626100;SUBMISSION;;VEV_5000;SEASHELLS;232;26
626100;SUBMISSION;;VEV_5200;SEASHELLS;84;26
626200;SUBMISSION;;VEV_5000;SEASHELLS;231;10
626200;SUBMISSION;;VEV_5000;SEASHELLS;232;14
626200;SUBMISSION;;VEV_5200;SEASHELLS;83;10
626200;SUBMISSION;;VEV_5200;SEASHELLS;84;14
626300;SUBMISSION;;VEV_5200;SEASHELLS;84;30
626400;SUBMISSION;;VELVETFRUIT_EXTRACT;SEASHELLS;5220;10
626400;SUBMISSION;;VELVETFRUIT_EXTRACT;SEASHELLS;5223;20
626400;SUBMISSION;;VEV_5200;SEASHELLS;84;25
626500;SUBMISSION;;VEV_4000;SEASHELLS;1220;2
626500;SUBMISSION;;VEV_4000;SEASHELLS;1231;10
626500;SUBMISSION;;VEV_4000;SEASHELLS;1233;18
626500;SUBMISSION;;VEV_4500;SEASHELLS;720;2
626500;SUBMISSION;;VEV_4500;SEASHELLS;728;12
626500;SUBMISSION;;VEV_4500;SEASHELLS;730;12
626500;SUBMISSION;;VEV_5000;SEASHELLS;229;2
626500;SUBMISSION;;VEV_5000;SEASHELLS;232;12
626500;SUBMISSION;;VEV_5000;SEASHELLS;233;12
626500;SUBMISSION;;VEV_5200;SEASHELLS;82;2
626500;SUBMISSION;;VEV_5200;SEASHELLS;84;24
626500;SUBMISSION;;VEV_5300;SEASHELLS;39;2
626700;SUBMISSION;;VEV_5000;SEASHELLS;231;9
626700;SUBMISSION;;VEV_5000;SEASHELLS;232;13
626700;SUBMISSION;;VEV_5200;SEASHELLS;83;9
626700;SUBMISSION;;VEV_5200;SEASHELLS;84;11
626700;SUBMISSION;;VEV_5300;SEASHELLS;39;22
626800;SUBMISSION;;VEV_5000;SEASHELLS;232;25
626900;SUBMISSION;;VEV_5000;SEASHELLS;232;27
627000;SUBMISSION;;VEV_5000;SEASHELLS;231;1
627000;SUBMISSION;;VEV_5300;SEASHELLS;39;21
627100;SUBMISSION;;VEV_5300;SEASHELLS;39;9
627100;SUBMISSION;;VEV_5300;SEASHELLS;40;12
627200;SUBMISSION;;VEV_5300;SEASHELLS;39;7
627200;SUBMISSION;;VEV_5300;SEASHELLS;40;16
627400;;SUBMISSION;HYDROGEL_PACK;SEASHELLS;9985;5
627400;SUBMISSION;;VEV_5300;SEASHELLS;39;8
627400;SUBMISSION;;VEV_5300;SEASHELLS;40;12
627500;SUBMISSION;;VELVETFRUIT_EXTRACT;SEASHELLS;5221;20
627500;SUBMISSION;;VELVETFRUIT_EXTRACT;SEASHELLS;5222;10
627500;SUBMISSION;;VEV_4000;SEASHELLS;1229;15
627500;SUBMISSION;;VEV_4000;SEASHELLS;1232;15
627500;SUBMISSION;;VEV_4500;SEASHELLS;727;6
627500;SUBMISSION;;VEV_4500;SEASHELLS;728;20
627500;SUBMISSION;;VEV_5300;SEASHELLS;39;24
627600;SUBMISSION;;VELVETFRUIT_EXTRACT;SEASHELLS;5221;20
627600;SUBMISSION;;VELVETFRUIT_EXTRACT;SEASHELLS;5222;10
627600;SUBMISSION;;VEV_4000;SEASHELLS;1229;8
627600;SUBMISSION;;VEV_4000;SEASHELLS;1231;17
627600;SUBMISSION;;VEV_4500;SEASHELLS;726;6
627600;SUBMISSION;;VEV_4500;SEASHELLS;728;15
627600;SUBMISSION;;VEV_5300;SEASHELLS;39;19
627700;SUBMISSION;;VELVETFRUIT_EXTRACT;SEASHELLS;5220;30
627700;SUBMISSION;;VEV_4000;SEASHELLS;1228;15
627700;SUBMISSION;;VEV_4000;SEASHELLS;1230;15
627700;SUBMISSION;;VEV_4500;SEASHELLS;725;11
627700;SUBMISSION;;VEV_4500;SEASHELLS;727;15
627700;SUBMISSION;;VEV_5300;SEASHELLS;39;20
627800;SUBMISSION;;VELVETFRUIT_EXTRACT;SEASHELLS;5220;23
627800;SUBMISSION;;VELVETFRUIT_EXTRACT;SEASHELLS;5221;7
627800;SUBMISSION;;VEV_4000;SEASHELLS;1228;8
627800;SUBMISSION;;VEV_4000;SEASHELLS;1230;19
627800;SUBMISSION;;VEV_4500;SEASHELLS;725;7
627800;SUBMISSION;;VEV_4500;SEASHELLS;727;15
627800;SUBMISSION;;VEV_5300;SEASHELLS;39;24
627900;SUBMISSION;;VELVETFRUIT_EXTRACT;SEASHELLS;5221;2
627900;SUBMISSION;;VEV_4000;SEASHELLS;1229;15
627900;SUBMISSION;;VEV_4000;SEASHELLS;1232;15
627900;SUBMISSION;;VEV_4500;SEASHELLS;727;7
627900;SUBMISSION;;VEV_4500;SEASHELLS;728;15
627900;SUBMISSION;;VEV_5300;SEASHELLS;39;16
628000;SUBMISSION;;VEV_4000;SEASHELLS;1228;15
628000;SUBMISSION;;VEV_4000;SEASHELLS;1231;15
628000;SUBMISSION;;VEV_4500;SEASHELLS;726;12
628000;SUBMISSION;;VEV_4500;SEASHELLS;728;13
628000;SUBMISSION;;VEV_5300;SEASHELLS;39;21
628100;SUBMISSION;;VEV_5300;SEASHELLS;39;6
628100;SUBMISSION;;VEV_5300;SEASHELLS;40;19
628200;SUBMISSION;;VEV_5300;SEASHELLS;39;10
628200;SUBMISSION;;VEV_5300;SEASHELLS;40;10
628300;SUBMISSION;;VEV_5300;SEASHELLS;39;9
628300;SUBMISSION;;VEV_5300;SEASHELLS;40;14
629300;;SUBMISSION;HYDROGEL_PACK;SEASHELLS;9993;4
631100;;SUBMISSION;HYDROGEL_PACK;SEASHELLS;10001;3
631900;SUBMISSION;;VEV_4000;SEASHELLS;1220;4
631900;SUBMISSION;;VEV_4000;SEASHELLS;1230;14
631900;SUBMISSION;;VEV_4000;SEASHELLS;1233;12
631900;SUBMISSION;;VEV_4500;SEASHELLS;720;4
631900;SUBMISSION;;VEV_4500;SEASHELLS;728;12
631900;SUBMISSION;;VEV_4500;SEASHELLS;730;14
632700;SUBMISSION;;VEV_4000;SEASHELLS;1228;12
632700;SUBMISSION;;VEV_4000;SEASHELLS;1231;18
632700;SUBMISSION;;VEV_4500;SEASHELLS;726;10
632700;SUBMISSION;;VEV_4500;SEASHELLS;728;20
632700;SUBMISSION;;VEV_5300;SEASHELLS;39;17
632800;SUBMISSION;;VEV_4000;SEASHELLS;1229;14
632800;SUBMISSION;;VEV_4000;SEASHELLS;1232;16
632800;SUBMISSION;;VEV_4500;SEASHELLS;727;12
632800;SUBMISSION;;VEV_4500;SEASHELLS;728;18
632800;SUBMISSION;;VEV_5300;SEASHELLS;39;24
634800;;SUBMISSION;HYDROGEL_PACK;SEASHELLS;10008;2
635000;;SUBMISSION;VELVETFRUIT_EXTRACT;SEASHELLS;5224;5
636700;;SUBMISSION;HYDROGEL_PACK;SEASHELLS;10012;3
637800;;SUBMISSION;VELVETFRUIT_EXTRACT;SEASHELLS;5228;4
638500;;SUBMISSION;HYDROGEL_PACK;SEASHELLS;10000;6
639800;;SUBMISSION;VELVETFRUIT_EXTRACT;SEASHELLS;5229;5
640100;;SUBMISSION;HYDROGEL_PACK;SEASHELLS;9994;4
641800;;SUBMISSION;VELVETFRUIT_EXTRACT;SEASHELLS;5229;6
642700;SUBMISSION;;VELVETFRUIT_EXTRACT;SEASHELLS;5229;13
642700;;SUBMISSION;VELVETFRUIT_EXTRACT;SEASHELLS;5229;13
643900;;SUBMISSION;HYDROGEL_PACK;SEASHELLS;10007;6
644700;;SUBMISSION;VELVETFRUIT_EXTRACT;SEASHELLS;5229;4
645000;;SUBMISSION;VEV_4000;SEASHELLS;1239;1
645500;;SUBMISSION;HYDROGEL_PACK;SEASHELLS;10021;2
646500;;SUBMISSION;HYDROGEL_PACK;SEASHELLS;10026;6
646800;;SUBMISSION;VELVETFRUIT_EXTRACT;SEASHELLS;5229;5
647000;;SUBMISSION;HYDROGEL_PACK;SEASHELLS;10015;13
647000;;SUBMISSION;HYDROGEL_PACK;SEASHELLS;10012;17
647100;;SUBMISSION;HYDROGEL_PACK;SEASHELLS;10015;12
647100;;SUBMISSION;HYDROGEL_PACK;SEASHELLS;10012;18
647300;;SUBMISSION;HYDROGEL_PACK;SEASHELLS;10016;10
647300;;SUBMISSION;HYDROGEL_PACK;SEASHELLS;10013;20
647400;;SUBMISSION;HYDROGEL_PACK;SEASHELLS;10018;14
647400;;SUBMISSION;HYDROGEL_PACK;SEASHELLS;10015;16
647500;;SUBMISSION;HYDROGEL_PACK;SEASHELLS;10020;15
647500;;SUBMISSION;HYDROGEL_PACK;SEASHELLS;10017;15
647600;;SUBMISSION;HYDROGEL_PACK;SEASHELLS;10019;15
647600;;SUBMISSION;HYDROGEL_PACK;SEASHELLS;10016;15
647700;;SUBMISSION;HYDROGEL_PACK;SEASHELLS;10019;10
647700;;SUBMISSION;HYDROGEL_PACK;SEASHELLS;10017;20
647800;;SUBMISSION;HYDROGEL_PACK;SEASHELLS;10019;15
647800;;SUBMISSION;HYDROGEL_PACK;SEASHELLS;10016;15
647900;;SUBMISSION;HYDROGEL_PACK;SEASHELLS;10019;15
647900;;SUBMISSION;HYDROGEL_PACK;SEASHELLS;10017;15
648000;;SUBMISSION;HYDROGEL_PACK;SEASHELLS;10017;12
648000;;SUBMISSION;HYDROGEL_PACK;SEASHELLS;10014;3
648100;;SUBMISSION;VELVETFRUIT_EXTRACT;SEASHELLS;5224;3
649600;SUBMISSION;;HYDROGEL_PACK;SEASHELLS;10018;2
652300;SUBMISSION;;HYDROGEL_PACK;SEASHELLS;10011;3
653500;SUBMISSION;;HYDROGEL_PACK;SEASHELLS;10018;6
658000;;SUBMISSION;HYDROGEL_PACK;SEASHELLS;10016;11
658800;;SUBMISSION;VEV_4000;SEASHELLS;1247;2
662400;SUBMISSION;;HYDROGEL_PACK;SEASHELLS;10009;5
662500;;SUBMISSION;VEV_4000;SEASHELLS;1255;1
663100;SUBMISSION;;HYDROGEL_PACK;SEASHELLS;10003;5
663300;;SUBMISSION;VELVETFRUIT_EXTRACT;SEASHELLS;5241;3
664000;;SUBMISSION;VEV_4000;SEASHELLS;1250;2
664100;;SUBMISSION;VEV_4000;SEASHELLS;1252;2
665500;;SUBMISSION;VEV_4000;SEASHELLS;1252;2
668000;SUBMISSION;;HYDROGEL_PACK;SEASHELLS;10004;6
668300;;SUBMISSION;VELVETFRUIT_EXTRACT;SEASHELLS;5241;4
670800;SUBMISSION;;HYDROGEL_PACK;SEASHELLS;9999;5
672800;;SUBMISSION;VELVETFRUIT_EXTRACT;SEASHELLS;5239;4
676600;;SUBMISSION;VELVETFRUIT_EXTRACT;SEASHELLS;5233;6
678200;SUBMISSION;;VELVETFRUIT_EXTRACT;SEASHELLS;5236;11
678200;;SUBMISSION;VELVETFRUIT_EXTRACT;SEASHELLS;5236;11
679600;;SUBMISSION;VELVETFRUIT_EXTRACT;SEASHELLS;5240;4
680000;;SUBMISSION;VELVETFRUIT_EXTRACT;SEASHELLS;5239;9
680300;;SUBMISSION;VELVETFRUIT_EXTRACT;SEASHELLS;5240;7
681600;;SUBMISSION;VEV_4000;SEASHELLS;1248;3
682200;SUBMISSION;;HYDROGEL_PACK;SEASHELLS;9972;6
685500;;SUBMISSION;VELVETFRUIT_EXTRACT;SEASHELLS;5243;5
685800;;SUBMISSION;VEV_4000;SEASHELLS;1253;1
686000;SUBMISSION;;HYDROGEL_PACK;SEASHELLS;9995;4
691300;SUBMISSION;;HYDROGEL_PACK;SEASHELLS;9987;6
693500;;SUBMISSION;VELVETFRUIT_EXTRACT;SEASHELLS;5246;6
693900;;SUBMISSION;VELVETFRUIT_EXTRACT;SEASHELLS;5248;3
696200;;SUBMISSION;VELVETFRUIT_EXTRACT;SEASHELLS;5248;5
696300;;SUBMISSION;VELVETFRUIT_EXTRACT;SEASHELLS;5249;6
696800;;SUBMISSION;VELVETFRUIT_EXTRACT;SEASHELLS;5248;5
699400;SUBMISSION;;HYDROGEL_PACK;SEASHELLS;10014;3
700100;;SUBMISSION;HYDROGEL_PACK;SEASHELLS;10019;13
700100;;SUBMISSION;HYDROGEL_PACK;SEASHELLS;10017;17
700200;;SUBMISSION;HYDROGEL_PACK;SEASHELLS;10018;10
707400;SUBMISSION;;HYDROGEL_PACK;SEASHELLS;10030;4
707500;;SUBMISSION;HYDROGEL_PACK;SEASHELLS;10026;4
707600;;SUBMISSION;VELVETFRUIT_EXTRACT;SEASHELLS;5250;6
708700;;SUBMISSION;VELVETFRUIT_EXTRACT;SEASHELLS;5255;3
710400;;SUBMISSION;VELVETFRUIT_EXTRACT;SEASHELLS;5249;3
711900;;SUBMISSION;VELVETFRUIT_EXTRACT;SEASHELLS;5248;3
712800;SUBMISSION;;HYDROGEL_PACK;SEASHELLS;10024;5
712900;;SUBMISSION;VELVETFRUIT_EXTRACT;SEASHELLS;5247;6
713000;;SUBMISSION;HYDROGEL_PACK;SEASHELLS;10018;5
713700;;SUBMISSION;VEV_4000;SEASHELLS;1255;1
713800;;SUBMISSION;VEV_4000;SEASHELLS;1256;2
714900;SUBMISSION;;HYDROGEL_PACK;SEASHELLS;10012;2
715000;SUBMISSION;;HYDROGEL_PACK;SEASHELLS;10010;2
721300;SUBMISSION;;HYDROGEL_PACK;SEASHELLS;10010;5
721400;SUBMISSION;;HYDROGEL_PACK;SEASHELLS;10008;5
722600;SUBMISSION;;HYDROGEL_PACK;SEASHELLS;10006;4
723800;;SUBMISSION;VEV_5100;SEASHELLS;182;7
723800;;SUBMISSION;VEV_5100;SEASHELLS;181;17
723900;;SUBMISSION;VEV_5100;SEASHELLS;182;21
724000;;SUBMISSION;VEV_5100;SEASHELLS;182;22
724100;;SUBMISSION;VEV_5100;SEASHELLS;182;30
724100;;SUBMISSION;VEV_5200;SEASHELLS;109;11
724100;;SUBMISSION;VEV_5200;SEASHELLS;108;19
724200;;SUBMISSION;VEV_4000;SEASHELLS;1267;5
724200;;SUBMISSION;VEV_4000;SEASHELLS;1257;13
724200;;SUBMISSION;VEV_4000;SEASHELLS;1255;12
724200;;SUBMISSION;VEV_4500;SEASHELLS;767;5
724200;;SUBMISSION;VEV_4500;SEASHELLS;760;11
724200;;SUBMISSION;VEV_4500;SEASHELLS;758;14
724200;;SUBMISSION;VEV_5000;SEASHELLS;272;5
724200;;SUBMISSION;VEV_5000;SEASHELLS;269;25
724200;;SUBMISSION;VEV_5100;SEASHELLS;184;5
724200;;SUBMISSION;VEV_5100;SEASHELLS;182;25
724200;;SUBMISSION;VEV_5200;SEASHELLS;110;5
724200;;SUBMISSION;VEV_5200;SEASHELLS;109;11
724200;;SUBMISSION;VEV_5200;SEASHELLS;108;14
724300;;SUBMISSION;VEV_5100;SEASHELLS;182;25
724400;;SUBMISSION;VEV_5100;SEASHELLS;182;8
724400;;SUBMISSION;VEV_5100;SEASHELLS;181;17
724500;;SUBMISSION;VEV_5100;SEASHELLS;182;23
724500;;SUBMISSION;VEV_5200;SEASHELLS;109;9
724500;;SUBMISSION;VEV_5200;SEASHELLS;108;14
724600;;SUBMISSION;VEV_5100;SEASHELLS;182;27
724600;;SUBMISSION;VEV_5200;SEASHELLS;109;8
724600;;SUBMISSION;VEV_5200;SEASHELLS;108;19
724700;;SUBMISSION;VEV_4500;SEASHELLS;761;9
724700;;SUBMISSION;VEV_4500;SEASHELLS;759;18
724700;;SUBMISSION;VEV_5000;SEASHELLS;270;27
724700;;SUBMISSION;VEV_5100;SEASHELLS;183;27
724700;;SUBMISSION;VEV_5200;SEASHELLS;109;27
724800;;SUBMISSION;VEV_5000;SEASHELLS;270;9
724800;;SUBMISSION;VEV_5000;SEASHELLS;269;20
724800;;SUBMISSION;VEV_5100;SEASHELLS;183;9
724800;;SUBMISSION;VEV_5100;SEASHELLS;182;20
724800;;SUBMISSION;VEV_5200;SEASHELLS;109;29
724900;;SUBMISSION;VELVETFRUIT_EXTRACT;SEASHELLS;5266;30
724900;;SUBMISSION;VEV_4000;SEASHELLS;1258;12
724900;;SUBMISSION;VEV_4000;SEASHELLS;1256;18
724900;;SUBMISSION;VEV_4500;SEASHELLS;761;9
724900;;SUBMISSION;VEV_4500;SEASHELLS;759;19
724900;;SUBMISSION;VEV_5000;SEASHELLS;270;28
724900;;SUBMISSION;VEV_5100;SEASHELLS;183;28
724900;;SUBMISSION;VEV_5200;SEASHELLS;109;28
725000;;SUBMISSION;VEV_5000;SEASHELLS;270;11
725000;;SUBMISSION;VEV_5000;SEASHELLS;269;19
725000;;SUBMISSION;VEV_5100;SEASHELLS;183;30
725000;;SUBMISSION;VEV_5200;SEASHELLS;109;30
725100;;SUBMISSION;VEV_5100;SEASHELLS;182;30
725100;;SUBMISSION;VEV_5200;SEASHELLS;109;11
725100;;SUBMISSION;VEV_5200;SEASHELLS;108;19
725600;;SUBMISSION;VEV_5100;SEASHELLS;182;24
725900;;SUBMISSION;VEV_5000;SEASHELLS;270;7
725900;;SUBMISSION;VEV_5000;SEASHELLS;269;15
725900;;SUBMISSION;VEV_5100;SEASHELLS;183;7
725900;;SUBMISSION;VEV_5100;SEASHELLS;182;15
725900;;SUBMISSION;VEV_5200;SEASHELLS;109;22
726000;;SUBMISSION;VEV_5000;SEASHELLS;270;23
726000;;SUBMISSION;VEV_5100;SEASHELLS;183;23
726000;;SUBMISSION;VEV_5200;SEASHELLS;109;23
726100;;SUBMISSION;VELVETFRUIT_EXTRACT;SEASHELLS;5271;7
726100;;SUBMISSION;VELVETFRUIT_EXTRACT;SEASHELLS;5269;23
726100;;SUBMISSION;VEV_4000;SEASHELLS;1261;13
726100;;SUBMISSION;VEV_4000;SEASHELLS;1258;17
726100;;SUBMISSION;VEV_4500;SEASHELLS;763;12
726100;;SUBMISSION;VEV_4500;SEASHELLS;761;18
726100;;SUBMISSION;VEV_5000;SEASHELLS;273;12
726100;;SUBMISSION;VEV_5000;SEASHELLS;272;18
726100;;SUBMISSION;VEV_5100;SEASHELLS;185;30
726100;;SUBMISSION;VEV_5200;SEASHELLS;111;30
726200;;SUBMISSION;VELVETFRUIT_EXTRACT;SEASHELLS;5268;30
726200;;SUBMISSION;VEV_4000;SEASHELLS;1260;10
726200;;SUBMISSION;VEV_4000;SEASHELLS;1258;20
726200;;SUBMISSION;VEV_4500;SEASHELLS;763;7
726200;;SUBMISSION;VEV_4500;SEASHELLS;761;22
726200;;SUBMISSION;VEV_5000;SEASHELLS;272;29
726200;;SUBMISSION;VEV_5100;SEASHELLS;185;7
726200;;SUBMISSION;VEV_5100;SEASHELLS;184;22
726200;;SUBMISSION;VEV_5200;SEASHELLS;110;29
726300;;SUBMISSION;VELVETFRUIT_EXTRACT;SEASHELLS;5269;24
726300;;SUBMISSION;VELVETFRUIT_EXTRACT;SEASHELLS;5268;6
726300;;SUBMISSION;VEV_4000;SEASHELLS;1261;9
726300;;SUBMISSION;VEV_4000;SEASHELLS;1258;15
726300;;SUBMISSION;VEV_4500;SEASHELLS;763;10
726300;;SUBMISSION;VEV_4500;SEASHELLS;761;14
726300;;SUBMISSION;VEV_5000;SEASHELLS;273;10
726300;;SUBMISSION;VEV_5000;SEASHELLS;272;14
726300;;SUBMISSION;VEV_5100;SEASHELLS;185;24
726300;;SUBMISSION;VEV_5200;SEASHELLS;111;24
726400;;SUBMISSION;VELVETFRUIT_EXTRACT;SEASHELLS;5268;30
726400;;SUBMISSION;VEV_4000;SEASHELLS;1260;8
726400;;SUBMISSION;VEV_4000;SEASHELLS;1258;16
726400;;SUBMISSION;VEV_4500;SEASHELLS;763;7
726400;;SUBMISSION;VEV_4500;SEASHELLS;761;23
726400;;SUBMISSION;VEV_5000;SEASHELLS;272;30
726400;;SUBMISSION;VEV_5100;SEASHELLS;185;7
726400;;SUBMISSION;VEV_5100;SEASHELLS;184;23
726400;;SUBMISSION;VEV_5200;SEASHELLS;111;7
726400;;SUBMISSION;VEV_5200;SEASHELLS;110;23
726500;;SUBMISSION;VELVETFRUIT_EXTRACT;SEASHELLS;5269;16
726500;;SUBMISSION;VELVETFRUIT_EXTRACT;SEASHELLS;5268;14
726500;;SUBMISSION;VEV_4000;SEASHELLS;1261;12
726500;;SUBMISSION;VEV_4000;SEASHELLS;1258;18
726500;;SUBMISSION;VEV_4500;SEASHELLS;763;12
726500;;SUBMISSION;VEV_4500;SEASHELLS;761;14
726500;;SUBMISSION;VEV_5000;SEASHELLS;273;12
726500;;SUBMISSION;VEV_5000;SEASHELLS;272;14
726500;;SUBMISSION;VEV_5100;SEASHELLS;185;26
726500;;SUBMISSION;VEV_5200;SEASHELLS;111;26
726600;;SUBMISSION;VELVETFRUIT_EXTRACT;SEASHELLS;5268;30
726600;;SUBMISSION;VEV_4000;SEASHELLS;1260;10
726600;;SUBMISSION;VEV_4000;SEASHELLS;1258;15
726600;;SUBMISSION;VEV_4500;SEASHELLS;763;9
726600;;SUBMISSION;VEV_4500;SEASHELLS;761;17
726600;;SUBMISSION;VEV_5000;SEASHELLS;272;26
726600;;SUBMISSION;VEV_5100;SEASHELLS;185;9
726600;;SUBMISSION;VEV_5100;SEASHELLS;184;2
726600;;SUBMISSION;VEV_5200;SEASHELLS;111;9
726600;;SUBMISSION;VEV_5200;SEASHELLS;110;17
726700;;SUBMISSION;VELVETFRUIT_EXTRACT;SEASHELLS;5268;30
726700;;SUBMISSION;VEV_4000;SEASHELLS;1260;8
726700;;SUBMISSION;VEV_4000;SEASHELLS;1258;22
726700;;SUBMISSION;VEV_4500;SEASHELLS;763;6
726700;;SUBMISSION;VEV_4500;SEASHELLS;761;19
726700;;SUBMISSION;VEV_5000;SEASHELLS;272;25
726700;;SUBMISSION;VEV_5200;SEASHELLS;111;6
726700;;SUBMISSION;VEV_5200;SEASHELLS;110;19
726800;;SUBMISSION;VELVETFRUIT_EXTRACT;SEASHELLS;5268;30
726800;;SUBMISSION;VEV_4000;SEASHELLS;1260;11
726800;;SUBMISSION;VEV_4000;SEASHELLS;1258;15
726800;;SUBMISSION;VEV_4500;SEASHELLS;763;6
726800;;SUBMISSION;VEV_5000;SEASHELLS;272;22
726800;;SUBMISSION;VEV_5200;SEASHELLS;110;22
726900;;SUBMISSION;VEV_4000;SEASHELLS;1259;13
726900;;SUBMISSION;VEV_4000;SEASHELLS;1257;16
726900;;SUBMISSION;VEV_5000;SEASHELLS;271;30
726900;;SUBMISSION;VEV_5200;SEASHELLS;110;30
727000;;SUBMISSION;VEV_4000;SEASHELLS;1260;10
727000;;SUBMISSION;VEV_4000;SEASHELLS;1258;20
727000;;SUBMISSION;VEV_5000;SEASHELLS;272;29
727000;;SUBMISSION;VEV_5200;SEASHELLS;111;6
727000;;SUBMISSION;VEV_5200;SEASHELLS;110;23
727100;;SUBMISSION;VEV_4000;SEASHELLS;1260;7
727100;;SUBMISSION;VEV_4000;SEASHELLS;1258;20
727100;;SUBMISSION;VEV_5000;SEASHELLS;272;30
727100;;SUBMISSION;VEV_5200;SEASHELLS;111;11
727100;;SUBMISSION;VEV_5200;SEASHELLS;110;9
727200;;SUBMISSION;VEV_4000;SEASHELLS;1260;10
727200;;SUBMISSION;VEV_5000;SEASHELLS;272;10
727200;;SUBMISSION;VEV_5000;SEASHELLS;271;20
727300;;SUBMISSION;VEV_5000;SEASHELLS;272;11
727300;;SUBMISSION;VEV_5000;SEASHELLS;271;19
727400;;SUBMISSION;VEV_5000;SEASHELLS;272;12
727400;;SUBMISSION;VEV_5000;SEASHELLS;271;12
727500;;SUBMISSION;VEV_5000;SEASHELLS;273;8
727500;;SUBMISSION;VEV_5000;SEASHELLS;272;8
729100;SUBMISSION;;VEV_5500;SEASHELLS;10;3
730000;;SUBMISSION;VEV_5300;SEASHELLS;57;23
730100;;SUBMISSION;VEV_5300;SEASHELLS;58;25
730200;;SUBMISSION;HYDROGEL_PACK;SEASHELLS;10018;14
730200;;SUBMISSION;HYDROGEL_PACK;SEASHELLS;10016;4
730300;;SUBMISSION;VEV_5300;SEASHELLS;57;22
730400;;SUBMISSION;VEV_5300;SEASHELLS;58;19
730500;;SUBMISSION;VEV_5300;SEASHELLS;58;7
730500;;SUBMISSION;VEV_5300;SEASHELLS;57;10
730600;;SUBMISSION;VEV_5300;SEASHELLS;57;26
730700;;SUBMISSION;VEV_5300;SEASHELLS;57;24
730800;;SUBMISSION;VEV_5300;SEASHELLS;57;21
731500;;SUBMISSION;VEV_5300;SEASHELLS;57;19
731700;;SUBMISSION;VEV_5300;SEASHELLS;58;7
731700;;SUBMISSION;VEV_5300;SEASHELLS;57;12
731800;;SUBMISSION;VEV_5300;SEASHELLS;57;22
732700;SUBMISSION;;VELVETFRUIT_EXTRACT;SEASHELLS;5272;8
732800;;SUBMISSION;VELVETFRUIT_EXTRACT;SEASHELLS;5268;8
732900;;SUBMISSION;VEV_5300;SEASHELLS;57;22
735800;SUBMISSION;;VELVETFRUIT_EXTRACT;SEASHELLS;5271;3
735900;;SUBMISSION;VELVETFRUIT_EXTRACT;SEASHELLS;5268;3
735900;SUBMISSION;;VEV_4000;SEASHELLS;1265;2
736000;;SUBMISSION;VEV_4000;SEASHELLS;1259;2
736400;;SUBMISSION;VEV_5300;SEASHELLS;58;7
736400;;SUBMISSION;VEV_5300;SEASHELLS;57;16
736700;SUBMISSION;;VEV_5500;SEASHELLS;10;2
736800;SUBMISSION;;VEV_5500;SEASHELLS;10;2
738300;SUBMISSION;;HYDROGEL_PACK;SEASHELLS;10043;5
738400;;SUBMISSION;HYDROGEL_PACK;SEASHELLS;10038;5
746600;SUBMISSION;;VELVETFRUIT_EXTRACT;SEASHELLS;5273;7
746700;;SUBMISSION;VELVETFRUIT_EXTRACT;SEASHELLS;5270;7
746700;;SUBMISSION;VEV_5300;SEASHELLS;58;6
746700;;SUBMISSION;VEV_5300;SEASHELLS;57;10
746900;;SUBMISSION;VEV_5300;SEASHELLS;58;17
747200;;SUBMISSION;VEV_5300;SEASHELLS;58;8
747200;;SUBMISSION;VEV_5300;SEASHELLS;57;15
747700;;SUBMISSION;VEV_5300;SEASHELLS;58;18
747800;;SUBMISSION;VEV_5300;SEASHELLS;58;24
747900;;SUBMISSION;VEV_5300;SEASHELLS;58;27
748000;;SUBMISSION;VEV_5300;SEASHELLS;59;2
748100;;SUBMISSION;VEV_5500;SEASHELLS;10;17
751300;;SUBMISSION;VEV_5400;SEASHELLS;23;19
751400;;SUBMISSION;VEV_5400;SEASHELLS;23;24
751500;;SUBMISSION;VEV_5400;SEASHELLS;23;24
751600;;SUBMISSION;VEV_5400;SEASHELLS;24;20
751700;;SUBMISSION;VEV_5400;SEASHELLS;24;9
751700;;SUBMISSION;VEV_5400;SEASHELLS;23;12
751800;;SUBMISSION;VEV_5400;SEASHELLS;24;16
751900;;SUBMISSION;VEV_5400;SEASHELLS;24;27
752000;;SUBMISSION;VEV_5400;SEASHELLS;24;27
752100;;SUBMISSION;VEV_5400;SEASHELLS;24;19
752200;;SUBMISSION;VEV_5400;SEASHELLS;24;24
752300;;SUBMISSION;VEV_5400;SEASHELLS;23;19
752400;;SUBMISSION;VEV_5400;SEASHELLS;23;23
752500;;SUBMISSION;VEV_5400;SEASHELLS;23;23
752600;;SUBMISSION;VEV_5400;SEASHELLS;23;20
761600;SUBMISSION;;VEV_4000;SEASHELLS;1250;3
762200;SUBMISSION;;HYDROGEL_PACK;SEASHELLS;10009;3
762800;SUBMISSION;;HYDROGEL_PACK;SEASHELLS;10008;5
764200;SUBMISSION;;HYDROGEL_PACK;SEASHELLS;10001;4
764400;SUBMISSION;;HYDROGEL_PACK;SEASHELLS;10000;5
775200;SUBMISSION;;VELVETFRUIT_EXTRACT;SEASHELLS;5261;3
776900;SUBMISSION;;HYDROGEL_PACK;SEASHELLS;10004;4
778400;SUBMISSION;;HYDROGEL_PACK;SEASHELLS;10004;6
781500;SUBMISSION;;VELVETFRUIT_EXTRACT;SEASHELLS;5251;7
784600;SUBMISSION;;VELVETFRUIT_EXTRACT;SEASHELLS;5248;8
785300;SUBMISSION;;HYDROGEL_PACK;SEASHELLS;9990;6
787300;SUBMISSION;;VEV_4000;SEASHELLS;1242;3
792300;SUBMISSION;;VELVETFRUIT_EXTRACT;SEASHELLS;5243;5
793900;SUBMISSION;;VELVETFRUIT_EXTRACT;SEASHELLS;5245;6
794900;SUBMISSION;;HYDROGEL_PACK;SEASHELLS;9996;4
795700;SUBMISSION;;HYDROGEL_PACK;SEASHELLS;9987;4
797900;SUBMISSION;;VELVETFRUIT_EXTRACT;SEASHELLS;5245;5
799800;SUBMISSION;;VELVETFRUIT_EXTRACT;SEASHELLS;5249;6
800600;SUBMISSION;;VELVETFRUIT_EXTRACT;SEASHELLS;5251;4
802300;SUBMISSION;;HYDROGEL_PACK;SEASHELLS;9989;2
804800;SUBMISSION;;HYDROGEL_PACK;SEASHELLS;9985;4
805900;SUBMISSION;;HYDROGEL_PACK;SEASHELLS;9983;3
806200;SUBMISSION;;HYDROGEL_PACK;SEASHELLS;9980;4
809500;SUBMISSION;;VELVETFRUIT_EXTRACT;SEASHELLS;5244;5
810000;SUBMISSION;;VEV_5300;SEASHELLS;48;5
810200;SUBMISSION;;HYDROGEL_PACK;SEASHELLS;9974;5
810600;SUBMISSION;;VELVETFRUIT_EXTRACT;SEASHELLS;5250;4
815500;SUBMISSION;;VELVETFRUIT_EXTRACT;SEASHELLS;5252;7
822000;SUBMISSION;;VELVETFRUIT_EXTRACT;SEASHELLS;5256;8
822400;SUBMISSION;;VELVETFRUIT_EXTRACT;SEASHELLS;5253;8
825200;SUBMISSION;;VELVETFRUIT_EXTRACT;SEASHELLS;5247;3
830900;SUBMISSION;;VELVETFRUIT_EXTRACT;SEASHELLS;5257;7
835500;SUBMISSION;;VEV_5300;SEASHELLS;51;5
836300;SUBMISSION;;VELVETFRUIT_EXTRACT;SEASHELLS;5255;7
841500;SUBMISSION;;HYDROGEL_PACK;SEASHELLS;9987;2
841600;SUBMISSION;;VEV_4000;SEASHELLS;1251;3
842900;SUBMISSION;;VEV_5300;SEASHELLS;51;5
847900;SUBMISSION;;VEV_4000;SEASHELLS;1253;3
851700;SUBMISSION;;VELVETFRUIT_EXTRACT;SEASHELLS;5255;4
852400;SUBMISSION;;HYDROGEL_PACK;SEASHELLS;10002;2
852600;SUBMISSION;;VEV_4000;SEASHELLS;1248;1
856600;SUBMISSION;;VELVETFRUIT_EXTRACT;SEASHELLS;5259;10
859100;SUBMISSION;;HYDROGEL_PACK;SEASHELLS;10015;6
859100;SUBMISSION;;VEV_5300;SEASHELLS;50;2
859300;SUBMISSION;;VEV_5300;SEASHELLS;51;2
859700;SUBMISSION;;HYDROGEL_PACK;SEASHELLS;10010;4
862100;SUBMISSION;;HYDROGEL_PACK;SEASHELLS;10003;5
862500;SUBMISSION;;VEV_5500;SEASHELLS;8;2
864800;SUBMISSION;;HYDROGEL_PACK;SEASHELLS;10005;6
866200;SUBMISSION;;VELVETFRUIT_EXTRACT;SEASHELLS;5258;3
866800;SUBMISSION;;VELVETFRUIT_EXTRACT;SEASHELLS;5258;10
868000;SUBMISSION;;HYDROGEL_PACK;SEASHELLS;10008;3
868200;SUBMISSION;;HYDROGEL_PACK;SEASHELLS;10011;2
869000;SUBMISSION;;VELVETFRUIT_EXTRACT;SEASHELLS;5267;5
869500;SUBMISSION;;VEV_4000;SEASHELLS;1264;1
874800;SUBMISSION;;HYDROGEL_PACK;SEASHELLS;9994;4
874800;SUBMISSION;;VELVETFRUIT_EXTRACT;SEASHELLS;5258;9
876100;SUBMISSION;;HYDROGEL_PACK;SEASHELLS;9992;6
882600;SUBMISSION;;VELVETFRUIT_EXTRACT;SEASHELLS;5251;10
882800;SUBMISSION;;VELVETFRUIT_EXTRACT;SEASHELLS;5250;8
883900;SUBMISSION;;HYDROGEL_PACK;SEASHELLS;10018;3
884500;SUBMISSION;;HYDROGEL_PACK;SEASHELLS;10020;2
885300;SUBMISSION;;HYDROGEL_PACK;SEASHELLS;10022;5
885800;SUBMISSION;;VELVETFRUIT_EXTRACT;SEASHELLS;5251;5
886000;;SUBMISSION;HYDROGEL_PACK;SEASHELLS;10022;13
886000;;SUBMISSION;HYDROGEL_PACK;SEASHELLS;10020;17
886100;;SUBMISSION;HYDROGEL_PACK;SEASHELLS;10023;14
886100;;SUBMISSION;HYDROGEL_PACK;SEASHELLS;10020;16
886200;;SUBMISSION;HYDROGEL_PACK;SEASHELLS;10023;12
886200;;SUBMISSION;HYDROGEL_PACK;SEASHELLS;10021;18
886300;;SUBMISSION;HYDROGEL_PACK;SEASHELLS;10026;13
886300;;SUBMISSION;HYDROGEL_PACK;SEASHELLS;10024;6
886700;SUBMISSION;;VEV_4000;SEASHELLS;1247;2
891400;SUBMISSION;;VELVETFRUIT_EXTRACT;SEASHELLS;5256;6
891500;SUBMISSION;;VEV_4000;SEASHELLS;1253;3
893500;SUBMISSION;;VELVETFRUIT_EXTRACT;SEASHELLS;5255;3
898300;SUBMISSION;;VELVETFRUIT_EXTRACT;SEASHELLS;5261;8
898800;SUBMISSION;;HYDROGEL_PACK;SEASHELLS;10008;5
899800;SUBMISSION;;VEV_4000;SEASHELLS;1253;3
904700;SUBMISSION;;VELVETFRUIT_EXTRACT;SEASHELLS;5240;7
908800;SUBMISSION;;VELVETFRUIT_EXTRACT;SEASHELLS;5244;7
909100;SUBMISSION;;VELVETFRUIT_EXTRACT;SEASHELLS;5244;3
910400;SUBMISSION;;VELVETFRUIT_EXTRACT;SEASHELLS;5248;5
910900;SUBMISSION;;HYDROGEL_PACK;SEASHELLS;9978;5
912300;SUBMISSION;;HYDROGEL_PACK;SEASHELLS;9980;2
912400;SUBMISSION;;VEV_5300;SEASHELLS;53;4
912800;SUBMISSION;;VELVETFRUIT_EXTRACT;SEASHELLS;5260;5
913400;;SUBMISSION;VELVETFRUIT_EXTRACT;SEASHELLS;5266;5
913800;SUBMISSION;;VELVETFRUIT_EXTRACT;SEASHELLS;5261;7
914400;SUBMISSION;;VELVETFRUIT_EXTRACT;SEASHELLS;5257;7
914600;SUBMISSION;;VEV_4000;SEASHELLS;1254;2
916300;;SUBMISSION;VELVETFRUIT_EXTRACT;SEASHELLS;5258;6
916900;SUBMISSION;;VEV_4000;SEASHELLS;1251;1
917000;SUBMISSION;;HYDROGEL_PACK;SEASHELLS;9964;3
917000;;SUBMISSION;VELVETFRUIT_EXTRACT;SEASHELLS;5258;4
918600;SUBMISSION;;HYDROGEL_PACK;SEASHELLS;9967;5
920600;SUBMISSION;;VELVETFRUIT_EXTRACT;SEASHELLS;5255;7
922000;SUBMISSION;;VELVETFRUIT_EXTRACT;SEASHELLS;5261;6
922400;SUBMISSION;;HYDROGEL_PACK;SEASHELLS;9976;6
923400;SUBMISSION;;VEV_4000;SEASHELLS;1263;3
924100;;SUBMISSION;VELVETFRUIT_EXTRACT;SEASHELLS;5270;30
924100;;SUBMISSION;VEV_4000;SEASHELLS;1262;10
924100;;SUBMISSION;VEV_4000;SEASHELLS;1259;16
924200;;SUBMISSION;VELVETFRUIT_EXTRACT;SEASHELLS;5270;17
924200;;SUBMISSION;VELVETFRUIT_EXTRACT;SEASHELLS;5269;13
924200;;SUBMISSION;VEV_4000;SEASHELLS;1262;2
924300;;SUBMISSION;VELVETFRUIT_EXTRACT;SEASHELLS;5270;30
924400;;SUBMISSION;VELVETFRUIT_EXTRACT;SEASHELLS;5272;17
924400;;SUBMISSION;VELVETFRUIT_EXTRACT;SEASHELLS;5271;13
924500;;SUBMISSION;VELVETFRUIT_EXTRACT;SEASHELLS;5271;30
924600;;SUBMISSION;VELVETFRUIT_EXTRACT;SEASHELLS;5272;22
924600;;SUBMISSION;VELVETFRUIT_EXTRACT;SEASHELLS;5271;8
924700;;SUBMISSION;VELVETFRUIT_EXTRACT;SEASHELLS;5272;30
924800;;SUBMISSION;VELVETFRUIT_EXTRACT;SEASHELLS;5272;3
924900;;SUBMISSION;VEV_5300;SEASHELLS;58;20
925000;;SUBMISSION;VEV_5300;SEASHELLS;59;3
928800;SUBMISSION;;VELVETFRUIT_EXTRACT;SEASHELLS;5277;5
928900;;SUBMISSION;VELVETFRUIT_EXTRACT;SEASHELLS;5272;5
930900;SUBMISSION;;VELVETFRUIT_EXTRACT;SEASHELLS;5268;6
932300;SUBMISSION;;VEV_4000;SEASHELLS;1261;2
932600;SUBMISSION;;VELVETFRUIT_EXTRACT;SEASHELLS;5264;8
932900;SUBMISSION;;HYDROGEL_PACK;SEASHELLS;9999;3
934000;SUBMISSION;;VEV_4000;SEASHELLS;1256;2
935100;SUBMISSION;;VELVETFRUIT_EXTRACT;SEASHELLS;5263;4
936200;SUBMISSION;;VELVETFRUIT_EXTRACT;SEASHELLS;5262;7
937600;SUBMISSION;;VELVETFRUIT_EXTRACT;SEASHELLS;5262;3
937800;SUBMISSION;;VEV_4000;SEASHELLS;1253;1
938300;SUBMISSION;;VELVETFRUIT_EXTRACT;SEASHELLS;5258;4
938600;SUBMISSION;;VELVETFRUIT_EXTRACT;SEASHELLS;5258;6
939100;SUBMISSION;;HYDROGEL_PACK;SEASHELLS;9999;5
943300;SUBMISSION;;HYDROGEL_PACK;SEASHELLS;10002;3
944100;SUBMISSION;;HYDROGEL_PACK;SEASHELLS;10003;4
945000;SUBMISSION;;VEV_4000;SEASHELLS;1241;2
946600;SUBMISSION;;VEV_5300;SEASHELLS;46;4
947800;SUBMISSION;;VEV_5200;SEASHELLS;96;5
950000;SUBMISSION;;VEV_5300;SEASHELLS;45;4
950300;SUBMISSION;;HYDROGEL_PACK;SEASHELLS;10003;3
951600;SUBMISSION;;VELVETFRUIT_EXTRACT;SEASHELLS;5240;5
951800;SUBMISSION;;HYDROGEL_PACK;SEASHELLS;10010;5
952800;SUBMISSION;;VEV_4000;SEASHELLS;1235;1
955100;SUBMISSION;;VELVETFRUIT_EXTRACT;SEASHELLS;5230;8
955700;SUBMISSION;;VEV_5400;SEASHELLS;14;10
955700;SUBMISSION;;VEV_5400;SEASHELLS;15;14
956000;SUBMISSION;;VEV_5400;SEASHELLS;14;19
956300;SUBMISSION;;VEV_5400;SEASHELLS;14;26
956900;SUBMISSION;;VEV_5400;SEASHELLS;14;21
957000;SUBMISSION;;HYDROGEL_PACK;SEASHELLS;10019;3
957000;SUBMISSION;;VEV_5400;SEASHELLS;14;19
958900;SUBMISSION;;VELVETFRUIT_EXTRACT;SEASHELLS;5232;7
959000;;SUBMISSION;HYDROGEL_PACK;SEASHELLS;10024;12
959000;;SUBMISSION;HYDROGEL_PACK;SEASHELLS;10021;18
959100;;SUBMISSION;HYDROGEL_PACK;SEASHELLS;10025;10
959100;;SUBMISSION;HYDROGEL_PACK;SEASHELLS;10023;12
960600;SUBMISSION;;VELVETFRUIT_EXTRACT;SEASHELLS;5234;5
961200;SUBMISSION;;VELVETFRUIT_EXTRACT;SEASHELLS;5234;8
963500;SUBMISSION;;VELVETFRUIT_EXTRACT;SEASHELLS;5239;3
968200;SUBMISSION;;VELVETFRUIT_EXTRACT;SEASHELLS;5235;6
970100;SUBMISSION;;VEV_5400;SEASHELLS;14;26
970200;SUBMISSION;;VEV_5400;SEASHELLS;14;21
970300;SUBMISSION;;VEV_5100;SEASHELLS;152;21
970300;SUBMISSION;;VEV_5200;SEASHELLS;85;21
970300;SUBMISSION;;VEV_5300;SEASHELLS;40;9
970300;SUBMISSION;;VEV_5300;SEASHELLS;41;17
970300;SUBMISSION;;VEV_5400;SEASHELLS;14;26
970400;SUBMISSION;;VEV_5100;SEASHELLS;152;10
970400;SUBMISSION;;VEV_5100;SEASHELLS;153;20
970400;SUBMISSION;;VEV_5400;SEASHELLS;14;24
970500;SUBMISSION;;VEV_5100;SEASHELLS;152;9
970500;SUBMISSION;;VEV_5100;SEASHELLS;153;13
970500;SUBMISSION;;VEV_5400;SEASHELLS;14;19
970600;SUBMISSION;;VEV_5100;SEASHELLS;152;30
970600;SUBMISSION;;VEV_5200;SEASHELLS;85;30
970600;SUBMISSION;;VEV_5400;SEASHELLS;14;21
970700;SUBMISSION;;VEV_5100;SEASHELLS;152;30
970700;SUBMISSION;;VEV_5200;SEASHELLS;85;30
970700;SUBMISSION;;VEV_5400;SEASHELLS;14;19
970800;SUBMISSION;;VEV_5400;SEASHELLS;14;22
970900;SUBMISSION;;VEV_5100;SEASHELLS;152;9
970900;SUBMISSION;;VEV_5100;SEASHELLS;153;20
970900;SUBMISSION;;VEV_5400;SEASHELLS;14;19
971000;SUBMISSION;;VEV_5100;SEASHELLS;152;30
971000;SUBMISSION;;VEV_5200;SEASHELLS;85;30
971000;SUBMISSION;;VEV_5300;SEASHELLS;40;10
971000;SUBMISSION;;VEV_5300;SEASHELLS;41;13
971100;SUBMISSION;;VEV_5100;SEASHELLS;151;7
971100;SUBMISSION;;VEV_5100;SEASHELLS;152;14
971100;SUBMISSION;;VEV_5200;SEASHELLS;85;21
971100;SUBMISSION;;VEV_5300;SEASHELLS;40;26
971600;SUBMISSION;;VELVETFRUIT_EXTRACT;SEASHELLS;5228;7
976600;SUBMISSION;;VELVETFRUIT_EXTRACT;SEASHELLS;5234;7
980400;SUBMISSION;;HYDROGEL_PACK;SEASHELLS;10001;2
980400;SUBMISSION;;VELVETFRUIT_EXTRACT;SEASHELLS;5242;8
984900;SUBMISSION;;VELVETFRUIT_EXTRACT;SEASHELLS;5242;4
985800;SUBMISSION;;VELVETFRUIT_EXTRACT;SEASHELLS;5242;5
989700;SUBMISSION;;VEV_4000;SEASHELLS;1239;2
989900;SUBMISSION;;VELVETFRUIT_EXTRACT;SEASHELLS;5243;4
990400;SUBMISSION;;HYDROGEL_PACK;SEASHELLS;9993;4
994300;SUBMISSION;;VEV_5300;SEASHELLS;47;3
997000;SUBMISSION;;HYDROGEL_PACK;SEASHELLS;9981;5
