timestamp;buyer;seller;symbol;currency;price;quantity
0;;SUBMISSION;VELVETFRUIT_EXTRACT;XIREC;5293.0;35
100;;SUBMISSION;VELVETFRUIT_EXTRACT;XIREC;5294.0;16
100;;SUBMISSION;VELVETFRUIT_EXTRACT;XIREC;5293.0;19
200;;SUBMISSION;VELVETFRUIT_EXTRACT;XIREC;5294.0;20
200;;SUBMISSION;VELVETFRUIT_EXTRACT;XIREC;5293.0;15
300;;SUBMISSION;VELVETFRUIT_EXTRACT;XIREC;5294.0;23
300;;SUBMISSION;VELVETFRUIT_EXTRACT;XIREC;5293.0;12
400;;SUBMISSION;VELVETFRUIT_EXTRACT;XIREC;5293.0;10
400;;SUBMISSION;VEV_5000;XIREC;293.0;11
400;;SUBMISSION;VEV_5000;XIREC;292.0;13
400;;SUBMISSION;VEV_5100;XIREC;199.0;1
500;;SUBMISSION;VEV_5000;XIREC;293.0;8
500;;SUBMISSION;VEV_5000;XIREC;292.0;18
500;;SUBMISSION;VEV_5100;XIREC;198.0;9
600;;SUBMISSION;VEV_5000;XIREC;293.0;7
600;;SUBMISSION;VEV_5000;XIREC;292.0;13
600;;SUBMISSION;VEV_5100;XIREC;199.0;7
600;;SUBMISSION;VEV_5100;XIREC;198.0;8
700;;SUBMISSION;VEV_5000;XIREC;294.0;8
700;;SUBMISSION;VEV_5000;XIREC;293.0;12
700;;SUBMISSION;VEV_5100;XIREC;199.0;15
800;;SUBMISSION;VEV_5000;XIREC;295.0;6
800;;SUBMISSION;VEV_5000;XIREC;294.0;22
800;;SUBMISSION;VEV_5100;XIREC;201.0;6
800;;SUBMISSION;VEV_5100;XIREC;200.0;1
900;;SUBMISSION;VEV_5000;XIREC;294.0;22
900;;SUBMISSION;VEV_5100;XIREC;200.0;13
1000;;SUBMISSION;VEV_5000;XIREC;295.0;9
1000;;SUBMISSION;VEV_5000;XIREC;294.0;23
1000;;SUBMISSION;VEV_5100;XIREC;200.0;3
1100;;SUBMISSION;VEV_5000;XIREC;296.0;10
1100;;SUBMISSION;VEV_5000;XIREC;295.0;15
1100;;SUBMISSION;VEV_5100;XIREC;201.0;10
1200;;SUBMISSION;VEV_5000;XIREC;296.0;10
1200;;SUBMISSION;VEV_5000;XIREC;295.0;23
1200;;SUBMISSION;VEV_5100;XIREC;201.0;2
1300;;SUBMISSION;VEV_5100;XIREC;202.0;8
1300;;SUBMISSION;VEV_5100;XIREC;201.0;15
1300;;SUBMISSION;VEV_5200;XIREC;120.0;12
1400;;SUBMISSION;VEV_5100;XIREC;201.0;31
1400;;SUBMISSION;VEV_5200;XIREC;119.0;4
1500;;SUBMISSION;VEV_5100;XIREC;201.0;25
1500;;SUBMISSION;VEV_5200;XIREC;119.0;10
1600;;SUBMISSION;VEV_5100;XIREC;201.0;11
1600;;SUBMISSION;VEV_5100;XIREC;201.0;1
1600;;SUBMISSION;VEV_5100;XIREC;200.0;10
1600;;SUBMISSION;VEV_5200;XIREC;119.0;13
1700;;SUBMISSION;VEV_5200;XIREC;120.0;10
1700;;SUBMISSION;VEV_5200;XIREC;119.0;12
1700;;SUBMISSION;VEV_5300;XIREC;58.0;13
1700;Mark 14;Mark 38;VEV_4000;XIREC;1287.0;2
1800;;SUBMISSION;VEV_5200;XIREC;120.0;26
1800;;SUBMISSION;VEV_5300;XIREC;59.0;9
1900;;SUBMISSION;VEV_5200;XIREC;120.0;26
1900;;SUBMISSION;VEV_5300;XIREC;59.0;9
2000;;SUBMISSION;VEV_5200;XIREC;119.0;2
2000;;SUBMISSION;VEV_5200;XIREC;119.0;2
2000;;SUBMISSION;VEV_5300;XIREC;58.0;8
2000;;SUBMISSION;VEV_5300;XIREC;57.0;18
2100;;SUBMISSION;VEV_5300;XIREC;58.0;28
2200;;SUBMISSION;VEV_5300;XIREC;58.0;5
3100;;SUBMISSION;VELVETFRUIT_EXTRACT;XIREC;5291.0;20
3100;;SUBMISSION;VELVETFRUIT_EXTRACT;XIREC;5290.0;4
3100;;SUBMISSION;VEV_5000;XIREC;291.0;7
3100;;SUBMISSION;VEV_5200;XIREC;116.0;5
3100;;SUBMISSION;VEV_5300;XIREC;56.0;5
4100;;SUBMISSION;VEV_4000;XIREC;1294.0;5
4100;;SUBMISSION;VEV_4500;XIREC;794.0;5
4400;Mark 38;SUBMISSION;HYDROGEL_PACK;XIREC;10027.0;6
4500;Mark 14;Mark 38;HYDROGEL_PACK;XIREC;10010.0;3
4700;;SUBMISSION;VEV_4000;XIREC;1296.0;4
4700;;SUBMISSION;VEV_4500;XIREC;796.0;4
5300;;SUBMISSION;HYDROGEL_PACK;XIREC;10016.0;2
5400;;SUBMISSION;HYDROGEL_PACK;XIREC;10017.0;3
5800;;SUBMISSION;VEV_4000;XIREC;1296.0;5
5800;;SUBMISSION;VEV_4500;XIREC;796.0;5
6300;;SUBMISSION;VELVETFRUIT_EXTRACT;XIREC;5294.0;8
6600;;SUBMISSION;VELVETFRUIT_EXTRACT;XIREC;5295.0;5
7600;;SUBMISSION;VEV_4000;XIREC;1296.0;5
7600;;SUBMISSION;VEV_4500;XIREC;796.0;5
8100;Mark 14;Mark 38;HYDROGEL_PACK;XIREC;10008.0;5
8700;Mark 38;Mark 14;VEV_4000;XIREC;1310.0;2
10600;Mark 55;SUBMISSION;VELVETFRUIT_EXTRACT;XIREC;5295.0;3
14200;Mark 55;SUBMISSION;VELVETFRUIT_EXTRACT;XIREC;5292.0;3
14200;Mark 55;Mark 01;VELVETFRUIT_EXTRACT;XIREC;5293.0;2
17100;Mark 01;Mark 55;VELVETFRUIT_EXTRACT;XIREC;5283.0;5
17600;;SUBMISSION;VEV_4000;XIREC;1283.0;2
17600;;SUBMISSION;VEV_4500;XIREC;783.0;2
18600;Mark 01;Mark 55;VELVETFRUIT_EXTRACT;XIREC;5275.0;3
18700;Mark 14;Mark 38;HYDROGEL_PACK;XIREC;10004.0;2
19200;Mark 38;SUBMISSION;HYDROGEL_PACK;XIREC;10019.0;4
19500;Mark 38;SUBMISSION;HYDROGEL_PACK;XIREC;10018.0;2
20100;Mark 55;SUBMISSION;VELVETFRUIT_EXTRACT;XIREC;5278.0;2
20100;Mark 55;Mark 14;VELVETFRUIT_EXTRACT;XIREC;5279.0;3
20900;;SUBMISSION;HYDROGEL_PACK;XIREC;10010.0;1
21000;;SUBMISSION;HYDROGEL_PACK;XIREC;10010.0;1
21100;;SUBMISSION;HYDROGEL_PACK;XIREC;10011.0;3
21200;;SUBMISSION;HYDROGEL_PACK;XIREC;10011.0;3
21300;;SUBMISSION;HYDROGEL_PACK;XIREC;10010.0;1
21400;;SUBMISSION;HYDROGEL_PACK;XIREC;10010.0;1
21500;;SUBMISSION;HYDROGEL_PACK;XIREC;10013.0;6
21600;;SUBMISSION;HYDROGEL_PACK;XIREC;10014.0;7
21700;;SUBMISSION;HYDROGEL_PACK;XIREC;10014.0;7
21800;;SUBMISSION;HYDROGEL_PACK;XIREC;10017.0;12
21900;;SUBMISSION;HYDROGEL_PACK;XIREC;10018.0;10
21900;;SUBMISSION;HYDROGEL_PACK;XIREC;10015.0;3
22000;;SUBMISSION;HYDROGEL_PACK;XIREC;10018.0;10
22000;;SUBMISSION;HYDROGEL_PACK;XIREC;10015.0;3
22100;;SUBMISSION;HYDROGEL_PACK;XIREC;10018.0;13
22200;;SUBMISSION;HYDROGEL_PACK;XIREC;10018.0;13
22300;;SUBMISSION;HYDROGEL_PACK;XIREC;10021.0;10
22300;Mark 38;SUBMISSION;HYDROGEL_PACK;XIREC;10036.0;4
22500;;SUBMISSION;HYDROGEL_PACK;XIREC;10025.0;3
22500;Mark 38;SUBMISSION;HYDROGEL_PACK;XIREC;10040.0;6
22800;Mark 38;Mark 14;VEV_4000;XIREC;1283.0;3
23200;;SUBMISSION;HYDROGEL_PACK;XIREC;10030.0;2
23900;Mark 14;Mark 38;HYDROGEL_PACK;XIREC;10022.0;2
24500;Mark 14;Mark 38;HYDROGEL_PACK;XIREC;10026.0;5
25600;Mark 14;Mark 38;HYDROGEL_PACK;XIREC;10026.0;3
28000;Mark 55;SUBMISSION;VELVETFRUIT_EXTRACT;XIREC;5274.0;1
28000;Mark 55;Mark 01;VELVETFRUIT_EXTRACT;XIREC;5275.0;4
28400;Mark 38;SUBMISSION;HYDROGEL_PACK;XIREC;10036.0;3
28500;Mark 14;Mark 55;VELVETFRUIT_EXTRACT;XIREC;5271.0;7
31300;Mark 14;Mark 38;HYDROGEL_PACK;XIREC;10032.0;3
31400;Mark 67;SUBMISSION;VELVETFRUIT_EXTRACT;XIREC;5263.0;1
31400;Mark 67;Mark 22;VELVETFRUIT_EXTRACT;XIREC;5264.0;6
32700;Mark 14;Mark 55;VELVETFRUIT_EXTRACT;XIREC;5265.0;5
32900;Mark 01;Mark 22;VEV_5300;XIREC;45.0;3
32900;Mark 01;Mark 22;VEV_5400;XIREC;14.0;3
32900;Mark 01;Mark 22;VEV_5500;XIREC;4.0;3
32900;Mark 01;Mark 22;VEV_6000;XIREC;0.0;3
32900;Mark 01;Mark 22;VEV_6500;XIREC;0.0;3
33400;Mark 14;Mark 55;VELVETFRUIT_EXTRACT;XIREC;5268.0;3
33600;Mark 01;Mark 22;VEV_5300;XIREC;46.0;2
33600;Mark 14;Mark 22;VEV_5400;XIREC;15.0;2
33600;Mark 01;Mark 22;VEV_5500;XIREC;4.0;2
33600;Mark 01;Mark 22;VEV_6000;XIREC;0.0;2
33600;Mark 01;Mark 22;VEV_6500;XIREC;0.0;2
33900;Mark 14;Mark 38;HYDROGEL_PACK;XIREC;10028.0;3
34200;Mark 38;SUBMISSION;HYDROGEL_PACK;XIREC;10038.0;6
35100;Mark 14;Mark 38;HYDROGEL_PACK;XIREC;10024.0;2
35500;Mark 14;Mark 38;HYDROGEL_PACK;XIREC;10024.0;5
37000;Mark 01;Mark 22;VEV_5400;XIREC;15.0;5
37000;Mark 01;Mark 22;VEV_5500;XIREC;4.0;5
37000;Mark 01;Mark 22;VEV_6000;XIREC;0.0;5
37000;Mark 01;Mark 22;VEV_6500;XIREC;0.0;5
37100;Mark 14;Mark 38;HYDROGEL_PACK;XIREC;10015.0;3
38400;Mark 14;Mark 38;HYDROGEL_PACK;XIREC;10016.0;4
38600;Mark 14;Mark 38;HYDROGEL_PACK;XIREC;10014.0;5
39100;Mark 01;Mark 55;VELVETFRUIT_EXTRACT;XIREC;5258.0;5
39500;Mark 14;Mark 55;VELVETFRUIT_EXTRACT;XIREC;5257.0;4
39800;Mark 55;SUBMISSION;VELVETFRUIT_EXTRACT;XIREC;5261.0;1
39800;Mark 55;Mark 14;VELVETFRUIT_EXTRACT;XIREC;5262.0;2
40200;Mark 01;Mark 22;VEV_5300;XIREC;41.0;3
40200;Mark 14;Mark 22;VEV_5400;XIREC;13.0;3
40200;Mark 01;Mark 22;VEV_6000;XIREC;0.0;3
40200;Mark 01;Mark 22;VEV_6500;XIREC;0.0;3
41900;SUBMISSION;;VELVETFRUIT_EXTRACT;XIREC;5251.0;25
43200;Mark 55;Mark 14;VELVETFRUIT_EXTRACT;XIREC;5249.0;6
43600;SUBMISSION;Mark 38;VEV_4000;XIREC;1241.0;1
45600;Mark 01;Mark 22;VEV_5400;XIREC;11.0;4
45600;Mark 01;Mark 22;VEV_5500;XIREC;3.0;4
45600;Mark 01;Mark 22;VEV_6000;XIREC;0.0;4
45600;Mark 01;Mark 22;VEV_6500;XIREC;0.0;4
47200;Mark 01;Mark 22;VEV_5400;XIREC;11.0;3
47200;Mark 01;Mark 22;VEV_5500;XIREC;3.0;3
47200;Mark 01;Mark 22;VEV_6000;XIREC;0.0;3
47200;Mark 01;Mark 22;VEV_6500;XIREC;0.0;3
48200;SUBMISSION;Mark 55;VELVETFRUIT_EXTRACT;XIREC;5248.0;7
49700;Mark 14;Mark 55;VELVETFRUIT_EXTRACT;XIREC;5250.0;7
50000;Mark 55;SUBMISSION;VELVETFRUIT_EXTRACT;XIREC;5255.0;4
50700;Mark 14;Mark 38;HYDROGEL_PACK;XIREC;10032.0;5
52300;Mark 14;Mark 38;HYDROGEL_PACK;XIREC;10034.0;6
54400;Mark 01;Mark 22;VEV_5400;XIREC;11.0;2
54400;Mark 01;Mark 22;VEV_5500;XIREC;3.0;2
54400;Mark 01;Mark 22;VEV_6000;XIREC;0.0;2
54400;Mark 01;Mark 22;VEV_6500;XIREC;0.0;2
55100;SUBMISSION;Mark 55;VELVETFRUIT_EXTRACT;XIREC;5248.0;4
56200;Mark 14;Mark 38;HYDROGEL_PACK;XIREC;10037.0;6
56400;Mark 01;Mark 55;VELVETFRUIT_EXTRACT;XIREC;5250.0;5
58300;Mark 67;SUBMISSION;VELVETFRUIT_EXTRACT;XIREC;5256.0;6
60600;SUBMISSION;Mark 38;VEV_4000;XIREC;1240.0;2
61300;Mark 38;SUBMISSION;HYDROGEL_PACK;XIREC;10065.0;6
61400;SUBMISSION;;VELVETFRUIT_EXTRACT;XIREC;5247.0;8
62400;SUBMISSION;Mark 55;VELVETFRUIT_EXTRACT;XIREC;5247.0;5
64800;Mark 22;Mark 38;HYDROGEL_PACK;XIREC;10055.0;2
67000;;SUBMISSION;VEV_4000;XIREC;1259.0;1
67600;Mark 55;SUBMISSION;VELVETFRUIT_EXTRACT;XIREC;5260.0;7
68000;Mark 55;SUBMISSION;VELVETFRUIT_EXTRACT;XIREC;5260.0;5
69000;Mark 14;Mark 38;HYDROGEL_PACK;XIREC;10036.0;4
69400;Mark 14;Mark 55;VELVETFRUIT_EXTRACT;XIREC;5255.0;8
69900;Mark 01;Mark 22;VEV_5400;XIREC;12.0;5
69900;Mark 01;Mark 22;VEV_5500;XIREC;3.0;5
69900;Mark 01;Mark 22;VEV_6000;XIREC;0.0;5
69900;Mark 01;Mark 22;VEV_6500;XIREC;0.0;5
70100;Mark 01;Mark 22;VEV_5400;XIREC;12.0;5
70100;Mark 01;Mark 22;VEV_5500;XIREC;3.0;5
70100;Mark 01;Mark 22;VEV_6000;XIREC;0.0;5
70100;Mark 01;Mark 22;VEV_6500;XIREC;0.0;5
70200;Mark 38;Mark 14;VEV_4000;XIREC;1267.0;1
70300;Mark 01;Mark 22;VEV_5400;XIREC;12.0;4
70300;Mark 01;Mark 22;VEV_5500;XIREC;3.0;4
70300;Mark 01;Mark 22;VEV_6000;XIREC;0.0;4
70300;Mark 01;Mark 22;VEV_6500;XIREC;0.0;4
74300;Mark 01;Mark 22;VEV_5300;XIREC;41.0;3
74300;Mark 01;Mark 22;VEV_5400;XIREC;12.0;3
74300;Mark 01;Mark 22;VEV_6000;XIREC;0.0;3
74300;Mark 01;Mark 22;VEV_6500;XIREC;0.0;3
74900;Mark 14;Mark 55;VELVETFRUIT_EXTRACT;XIREC;5257.0;8
76100;SUBMISSION;Mark 38;VEV_4000;XIREC;1248.0;2
77100;Mark 14;Mark 55;VELVETFRUIT_EXTRACT;XIREC;5255.0;5
77300;;SUBMISSION;VELVETFRUIT_EXTRACT;XIREC;5255.0;7
77300;Mark 55;Mark 49;VELVETFRUIT_EXTRACT;XIREC;5256.0;8
77300;Mark 67;Mark 49;VELVETFRUIT_EXTRACT;XIREC;5256.0;6
77600;Mark 67;SUBMISSION;VELVETFRUIT_EXTRACT;XIREC;5254.0;5
77600;Mark 67;Mark 22;VELVETFRUIT_EXTRACT;XIREC;5255.0;2
78900;Mark 14;Mark 55;VELVETFRUIT_EXTRACT;XIREC;5256.0;6
79300;;SUBMISSION;VEV_4000;XIREC;1260.0;5
79300;;SUBMISSION;VEV_4500;XIREC;760.0;1
79900;Mark 38;SUBMISSION;HYDROGEL_PACK;XIREC;10049.0;6
80000;Mark 01;Mark 55;VELVETFRUIT_EXTRACT;XIREC;5257.0;8
83500;Mark 38;SUBMISSION;HYDROGEL_PACK;XIREC;10054.0;5
83600;;SUBMISSION;VEV_4000;XIREC;1257.0;1
84100;Mark 01;Mark 55;VELVETFRUIT_EXTRACT;XIREC;5254.0;3
84900;Mark 14;Mark 38;HYDROGEL_PACK;XIREC;10040.0;5
85000;Mark 55;Mark 22;VELVETFRUIT_EXTRACT;XIREC;5248.0;6
86100;SUBMISSION;Mark 55;VELVETFRUIT_EXTRACT;XIREC;5245.0;6
87100;Mark 14;Mark 38;HYDROGEL_PACK;XIREC;10034.0;4
87300;Mark 01;Mark 22;VEV_5400;XIREC;10.0;3
87300;Mark 01;Mark 22;VEV_5500;XIREC;3.0;3
87300;Mark 01;Mark 22;VEV_6000;XIREC;0.0;3
87300;Mark 01;Mark 22;VEV_6500;XIREC;0.0;3
87400;SUBMISSION;Mark 55;VELVETFRUIT_EXTRACT;XIREC;5246.0;6
88200;Mark 38;Mark 14;VEV_4000;XIREC;1257.0;3
88300;SUBMISSION;Mark 55;VELVETFRUIT_EXTRACT;XIREC;5246.0;6
89600;Mark 38;Mark 14;VEV_4000;XIREC;1257.0;2
89800;Mark 38;SUBMISSION;HYDROGEL_PACK;XIREC;10044.0;4
91700;Mark 01;Mark 55;VELVETFRUIT_EXTRACT;XIREC;5250.0;6
92200;Mark 01;Mark 22;VEV_5300;XIREC;40.0;3
92200;Mark 01;Mark 22;VEV_5400;XIREC;12.0;3
92200;Mark 01;Mark 22;VEV_5500;XIREC;3.0;3
92200;Mark 01;Mark 22;VEV_6000;XIREC;0.0;3
92200;Mark 01;Mark 22;VEV_6500;XIREC;0.0;3
92700;Mark 55;SUBMISSION;VELVETFRUIT_EXTRACT;XIREC;5260.0;5
93700;Mark 55;SUBMISSION;VELVETFRUIT_EXTRACT;XIREC;5258.0;4
95200;Mark 38;SUBMISSION;HYDROGEL_PACK;XIREC;10042.0;5
95700;Mark 55;SUBMISSION;VELVETFRUIT_EXTRACT;XIREC;5258.0;6
95700;Mark 55;Mark 14;VELVETFRUIT_EXTRACT;XIREC;5259.0;2
96600;Mark 01;Mark 55;VELVETFRUIT_EXTRACT;XIREC;5253.0;4
98400;Mark 55;SUBMISSION;VELVETFRUIT_EXTRACT;XIREC;5257.0;4
98400;Mark 55;Mark 14;VELVETFRUIT_EXTRACT;XIREC;5258.0;4
98900;Mark 14;Mark 22;VEV_5200;XIREC;88.0;3
98900;Mark 01;Mark 22;VEV_5300;XIREC;39.0;3
98900;Mark 01;Mark 22;VEV_5400;XIREC;11.0;3
98900;Mark 01;Mark 22;VEV_5500;XIREC;3.0;3
98900;Mark 01;Mark 22;VEV_6000;XIREC;0.0;3
98900;Mark 01;Mark 22;VEV_6500;XIREC;0.0;3
99400;;SUBMISSION;VELVETFRUIT_EXTRACT;XIREC;5252.0;4
99400;Mark 67;Mark 49;VELVETFRUIT_EXTRACT;XIREC;5253.0;12
100500;Mark 14;Mark 38;HYDROGEL_PACK;XIREC;10010.0;6
101300;Mark 55;SUBMISSION;VELVETFRUIT_EXTRACT;XIREC;5257.0;3
101300;Mark 55;Mark 01;VELVETFRUIT_EXTRACT;XIREC;5258.0;1
101900;Mark 01;Mark 55;VELVETFRUIT_EXTRACT;XIREC;5250.0;3
102200;Mark 01;Mark 55;VELVETFRUIT_EXTRACT;XIREC;5253.0;4
103700;SUBMISSION;;VELVETFRUIT_EXTRACT;XIREC;5251.0;8
103700;Mark 67;SUBMISSION;VELVETFRUIT_EXTRACT;XIREC;5250.0;3
103700;Mark 67;Mark 49;VELVETFRUIT_EXTRACT;XIREC;5251.0;5
103800;Mark 14;Mark 55;VELVETFRUIT_EXTRACT;XIREC;5251.0;8
104600;Mark 38;Mark 14;VEV_4000;XIREC;1261.0;1
106800;SUBMISSION;Mark 38;VEV_4000;XIREC;1240.0;2
108400;Mark 14;Mark 38;HYDROGEL_PACK;XIREC;10026.0;5
108800;SUBMISSION;Mark 38;VEV_4000;XIREC;1245.0;3
109400;Mark 14;Mark 55;VELVETFRUIT_EXTRACT;XIREC;5252.0;8
109500;Mark 14;Mark 38;HYDROGEL_PACK;XIREC;10013.0;6
110200;Mark 14;Mark 38;HYDROGEL_PACK;XIREC;10019.0;5
111400;SUBMISSION;Mark 55;VELVETFRUIT_EXTRACT;XIREC;5246.0;4
111600;SUBMISSION;Mark 22;VELVETFRUIT_EXTRACT;XIREC;5246.0;6
112100;SUBMISSION;;VELVETFRUIT_EXTRACT;XIREC;5246.0;1
112200;SUBMISSION;;VELVETFRUIT_EXTRACT;XIREC;5245.0;5
112300;SUBMISSION;;VELVETFRUIT_EXTRACT;XIREC;5245.0;5
112400;Mark 38;SUBMISSION;HYDROGEL_PACK;XIREC;10037.0;4
112400;SUBMISSION;;VELVETFRUIT_EXTRACT;XIREC;5244.0;8
112500;SUBMISSION;;VELVETFRUIT_EXTRACT;XIREC;5243.0;12
112600;SUBMISSION;;VELVETFRUIT_EXTRACT;XIREC;5243.0;14
112700;SUBMISSION;;VELVETFRUIT_EXTRACT;XIREC;5242.0;15
112800;SUBMISSION;;VELVETFRUIT_EXTRACT;XIREC;5242.0;12
112900;SUBMISSION;;VELVETFRUIT_EXTRACT;XIREC;5241.0;19
113000;SUBMISSION;;VELVETFRUIT_EXTRACT;XIREC;5241.0;19
113100;SUBMISSION;;VELVETFRUIT_EXTRACT;XIREC;5237.0;10
113100;SUBMISSION;;VELVETFRUIT_EXTRACT;XIREC;5240.0;18
113200;SUBMISSION;;VELVETFRUIT_EXTRACT;XIREC;5239.0;18
113200;SUBMISSION;;VELVETFRUIT_EXTRACT;XIREC;5240.0;8
113300;SUBMISSION;;VELVETFRUIT_EXTRACT;XIREC;5239.0;21
113300;SUBMISSION;;VELVETFRUIT_EXTRACT;XIREC;5240.0;4
113400;SUBMISSION;;VELVETFRUIT_EXTRACT;XIREC;5238.0;29
113500;SUBMISSION;;VELVETFRUIT_EXTRACT;XIREC;5237.0;21
113500;SUBMISSION;;VELVETFRUIT_EXTRACT;XIREC;5238.0;11
113600;SUBMISSION;;VELVETFRUIT_EXTRACT;XIREC;5238.0;19
113600;SUBMISSION;;VELVETFRUIT_EXTRACT;XIREC;5239.0;9
113700;SUBMISSION;;VELVETFRUIT_EXTRACT;XIREC;5239.0;17
113700;SUBMISSION;;VELVETFRUIT_EXTRACT;XIREC;5240.0;7
113800;SUBMISSION;;VELVETFRUIT_EXTRACT;XIREC;5240.0;3
113800;SUBMISSION;;VEV_5000;XIREC;243.0;6
113800;SUBMISSION;;VEV_5000;XIREC;244.0;12
113900;SUBMISSION;;VEV_5000;XIREC;243.0;9
113900;SUBMISSION;;VEV_5000;XIREC;244.0;12
114000;SUBMISSION;;VEV_5000;XIREC;245.0;17
114100;SUBMISSION;;VEV_5000;XIREC;245.0;9
114100;SUBMISSION;;VEV_5000;XIREC;246.0;5
114200;SUBMISSION;;VEV_5000;XIREC;246.0;10
114300;SUBMISSION;;VEV_5000;XIREC;247.0;7
114400;SUBMISSION;;VEV_5000;XIREC;247.0;9
114500;SUBMISSION;;VEV_5000;XIREC;246.0;12
114600;SUBMISSION;;VEV_5000;XIREC;245.0;12
114600;SUBMISSION;;VEV_5000;XIREC;246.0;2
114700;SUBMISSION;;VEV_5000;XIREC;246.0;10
114800;SUBMISSION;;VEV_5000;XIREC;244.0;6
114800;SUBMISSION;;VEV_5000;XIREC;245.0;11
114900;SUBMISSION;;VEV_5000;XIREC;245.0;17
115000;SUBMISSION;;VEV_5000;XIREC;246.0;19
115000;Mark 67;Mark 22;VELVETFRUIT_EXTRACT;XIREC;5239.0;9
115100;SUBMISSION;;VELVETFRUIT_EXTRACT;XIREC;5241.0;6
115100;SUBMISSION;;VEV_5000;XIREC;245.0;19
115200;SUBMISSION;;VELVETFRUIT_EXTRACT;XIREC;5241.0;2
115200;SUBMISSION;;VEV_5000;XIREC;244.0;10
115200;SUBMISSION;;VEV_5000;XIREC;245.0;14
115300;SUBMISSION;;VEV_5000;XIREC;244.0;26
115400;SUBMISSION;;VEV_5000;XIREC;244.0;6
115400;SUBMISSION;;VEV_5000;XIREC;245.0;18
115500;SUBMISSION;;VELVETFRUIT_EXTRACT;XIREC;5240.0;2
115500;SUBMISSION;;VEV_5000;XIREC;243.0;6
115500;SUBMISSION;;VEV_5000;XIREC;244.0;12
115500;SUBMISSION;;VEV_5100;XIREC;152.0;8
115600;SUBMISSION;;VEV_5000;XIREC;244.0;6
115600;SUBMISSION;;VEV_5000;XIREC;245.0;14
115600;SUBMISSION;;VEV_5100;XIREC;153.0;4
115700;SUBMISSION;;VEV_5000;XIREC;243.0;24
115800;SUBMISSION;;VEV_5000;XIREC;243.0;7
115800;SUBMISSION;;VEV_5000;XIREC;244.0;21
115900;SUBMISSION;;VEV_5000;XIREC;246.0;6
115900;SUBMISSION;;VEV_5000;XIREC;247.0;11
116000;SUBMISSION;;VEV_5000;XIREC;246.0;21
116100;SUBMISSION;;VEV_5000;XIREC;246.0;19
116200;SUBMISSION;;VEV_5000;XIREC;246.0;6
116200;SUBMISSION;;VEV_5000;XIREC;247.0;11
116300;SUBMISSION;;VEV_5000;XIREC;247.0;7
116300;SUBMISSION;;VEV_5100;XIREC;155.0;10
116400;SUBMISSION;;VEV_5100;XIREC;154.0;10
116400;SUBMISSION;;VEV_5100;XIREC;155.0;7
116500;SUBMISSION;;VEV_5100;XIREC;155.0;16
116600;SUBMISSION;;VEV_5100;XIREC;155.0;17
116700;SUBMISSION;;VEV_5100;XIREC;154.0;6
116700;SUBMISSION;;VEV_5100;XIREC;155.0;11
116800;SUBMISSION;;VEV_5000;XIREC;245.0;3
116800;SUBMISSION;;VEV_5000;XIREC;245.0;3
116800;SUBMISSION;;VEV_5100;XIREC;154.0;15
116900;SUBMISSION;;VEV_5100;XIREC;154.0;21
117000;SUBMISSION;;VEV_5100;XIREC;154.0;21
117100;SUBMISSION;;VEV_5100;XIREC;153.0;22
117200;SUBMISSION;;VELVETFRUIT_EXTRACT;XIREC;5239.0;4
117200;SUBMISSION;;VEV_5000;XIREC;243.0;4
117200;SUBMISSION;;VEV_5100;XIREC;151.0;7
117200;SUBMISSION;;VEV_5100;XIREC;152.0;15
117300;SUBMISSION;;VELVETFRUIT_EXTRACT;XIREC;5238.0;7
117300;SUBMISSION;;VEV_5000;XIREC;241.0;3
117300;SUBMISSION;;VEV_5000;XIREC;241.0;3
117300;SUBMISSION;;VEV_5100;XIREC;150.0;22
117400;SUBMISSION;;VELVETFRUIT_EXTRACT;XIREC;5231.0;9
117400;SUBMISSION;;VELVETFRUIT_EXTRACT;XIREC;5235.0;2
117400;SUBMISSION;Mark 49;VELVETFRUIT_EXTRACT;XIREC;5231.0;9
117400;SUBMISSION;;VEV_5000;XIREC;238.0;3
117400;SUBMISSION;;VEV_5100;XIREC;148.0;24
117500;SUBMISSION;;VEV_5100;XIREC;149.0;27
117600;SUBMISSION;;VEV_5100;XIREC;149.0;24
117700;SUBMISSION;;VEV_5100;XIREC;150.0;24
117800;SUBMISSION;;VEV_5100;XIREC;151.0;11
117800;SUBMISSION;;VEV_5100;XIREC;152.0;10
117800;Mark 38;Mark 14;VEV_4000;XIREC;1247.0;1
117900;SUBMISSION;;VEV_5100;XIREC;151.0;4
118100;SUBMISSION;;VELVETFRUIT_EXTRACT;XIREC;5235.0;9
118100;SUBMISSION;;VEV_5100;XIREC;151.0;2
118500;Mark 38;SUBMISSION;HYDROGEL_PACK;XIREC;10042.0;5
118700;SUBMISSION;;VEV_4000;XIREC;1236.0;4
118700;SUBMISSION;;VEV_4500;XIREC;736.0;4
118700;;SUBMISSION;VEV_5100;XIREC;147.0;7
118700;Mark 01;Mark 22;VEV_5400;XIREC;9.0;4
118700;Mark 01;Mark 22;VEV_5500;XIREC;2.0;4
118700;Mark 01;Mark 22;VEV_6000;XIREC;0.0;4
118700;Mark 01;Mark 22;VEV_6500;XIREC;0.0;4
118800;SUBMISSION;;VEV_5100;XIREC;152.0;1
119000;Mark 14;Mark 38;HYDROGEL_PACK;XIREC;10028.0;6
119200;SUBMISSION;;VEV_5100;XIREC;152.0;1
119300;SUBMISSION;;VEV_5100;XIREC;151.0;2
119500;SUBMISSION;;VEV_5100;XIREC;150.0;1
119700;Mark 55;Mark 01;VELVETFRUIT_EXTRACT;XIREC;5241.0;6
119900;Mark 14;Mark 38;HYDROGEL_PACK;XIREC;10022.0;2
121500;Mark 38;SUBMISSION;HYDROGEL_PACK;XIREC;10029.0;4
121800;Mark 67;Mark 22;VELVETFRUIT_EXTRACT;XIREC;5243.0;8
122400;SUBMISSION;Mark 55;VELVETFRUIT_EXTRACT;XIREC;5242.0;5
122600;Mark 14;Mark 38;HYDROGEL_PACK;XIREC;10012.0;4
123100;Mark 38;Mark 14;VEV_4000;XIREC;1255.0;3
123700;Mark 14;Mark 38;HYDROGEL_PACK;XIREC;10010.0;2
124700;Mark 55;Mark 14;VELVETFRUIT_EXTRACT;XIREC;5242.0;4
125300;Mark 38;SUBMISSION;HYDROGEL_PACK;XIREC;10028.0;4
125700;Mark 38;Mark 14;VEV_4000;XIREC;1249.0;1
126600;SUBMISSION;;VEV_4000;XIREC;1239.0;5
126600;SUBMISSION;;VEV_4500;XIREC;739.0;5
126600;Mark 14;Mark 38;HYDROGEL_PACK;XIREC;10020.0;6
126600;Mark 01;Mark 22;VEV_5400;XIREC;9.0;5
126600;Mark 01;Mark 22;VEV_5500;XIREC;2.0;5
126600;Mark 01;Mark 22;VEV_6000;XIREC;0.0;5
126600;Mark 01;Mark 22;VEV_6500;XIREC;0.0;5
127100;Mark 55;Mark 14;VELVETFRUIT_EXTRACT;XIREC;5242.0;7
128200;Mark 38;SUBMISSION;HYDROGEL_PACK;XIREC;10028.0;2
128700;SUBMISSION;;VEV_4000;XIREC;1237.0;3
128700;SUBMISSION;;VEV_4500;XIREC;737.0;3
128700;;SUBMISSION;VEV_5100;XIREC;148.0;7
128700;Mark 01;Mark 22;VEV_5200;XIREC;77.0;3
128700;Mark 14;Mark 22;VEV_5300;XIREC;33.0;3
128700;Mark 01;Mark 22;VEV_5400;XIREC;9.0;3
128700;Mark 01;Mark 22;VEV_5500;XIREC;2.0;3
128700;Mark 01;Mark 22;VEV_6000;XIREC;0.0;3
128700;Mark 01;Mark 22;VEV_6500;XIREC;0.0;3
128800;SUBMISSION;;VEV_5100;XIREC;153.0;3
128900;SUBMISSION;;VEV_5100;XIREC;152.0;1
129000;SUBMISSION;;VEV_5100;XIREC;151.0;1
129000;SUBMISSION;;VEV_5100;XIREC;151.0;1
129000;Mark 55;Mark 01;VELVETFRUIT_EXTRACT;XIREC;5240.0;8
129800;SUBMISSION;Mark 38;VEV_4000;XIREC;1234.0;1
130000;Mark 14;Mark 38;HYDROGEL_PACK;XIREC;10014.0;4
130700;Mark 38;SUBMISSION;HYDROGEL_PACK;XIREC;10025.0;2
130800;Mark 67;Mark 22;VELVETFRUIT_EXTRACT;XIREC;5247.0;9
131500;Mark 38;SUBMISSION;HYDROGEL_PACK;XIREC;10019.0;2
131500;Mark 38;Mark 14;HYDROGEL_PACK;XIREC;10020.0;3
132100;Mark 01;Mark 22;VEV_5400;XIREC;10.0;4
132100;Mark 01;Mark 22;VEV_5500;XIREC;3.0;4
132100;Mark 01;Mark 22;VEV_6000;XIREC;0.0;4
132100;Mark 01;Mark 22;VEV_6500;XIREC;0.0;4
132500;Mark 55;SUBMISSION;VELVETFRUIT_EXTRACT;XIREC;5252.0;3
133400;;SUBMISSION;VELVETFRUIT_EXTRACT;XIREC;5253.0;3
133500;;SUBMISSION;VELVETFRUIT_EXTRACT;XIREC;5253.0;3
133600;;SUBMISSION;VELVETFRUIT_EXTRACT;XIREC;5253.0;3
133700;;SUBMISSION;VELVETFRUIT_EXTRACT;XIREC;5253.0;3
133900;;SUBMISSION;VELVETFRUIT_EXTRACT;XIREC;5255.0;5
135900;Mark 55;SUBMISSION;VELVETFRUIT_EXTRACT;XIREC;5254.0;6
136100;Mark 14;Mark 38;HYDROGEL_PACK;XIREC;10018.0;6
137700;Mark 01;Mark 22;VEV_5300;XIREC;36.0;4
137700;Mark 01;Mark 22;VEV_5400;XIREC;10.0;4
137700;Mark 01;Mark 22;VEV_5500;XIREC;3.0;4
137700;Mark 01;Mark 22;VEV_6000;XIREC;0.0;4
137700;Mark 01;Mark 22;VEV_6500;XIREC;0.0;4
138200;Mark 38;SUBMISSION;HYDROGEL_PACK;XIREC;10022.0;2
138200;Mark 38;Mark 14;HYDROGEL_PACK;XIREC;10023.0;2
139400;Mark 38;Mark 14;VEV_4000;XIREC;1254.0;1
140700;Mark 38;Mark 14;VEV_4000;XIREC;1251.0;2
140900;SUBMISSION;;VEV_5100;XIREC;153.0;2
141900;SUBMISSION;Mark 55;VELVETFRUIT_EXTRACT;XIREC;5237.0;6
142700;Mark 38;SUBMISSION;HYDROGEL_PACK;XIREC;10014.0;1
142700;SUBMISSION;;VEV_4000;XIREC;1239.0;5
142700;SUBMISSION;;VEV_4500;XIREC;739.0;5
142700;;SUBMISSION;VEV_5100;XIREC;150.0;6
142700;Mark 38;Mark 14;HYDROGEL_PACK;XIREC;10015.0;5
142700;Mark 01;Mark 22;VEV_5400;XIREC;9.0;5
142700;Mark 01;Mark 22;VEV_5500;XIREC;2.0;5
142700;Mark 01;Mark 22;VEV_6000;XIREC;0.0;5
142700;Mark 01;Mark 22;VEV_6500;XIREC;0.0;5
143600;SUBMISSION;Mark 55;VELVETFRUIT_EXTRACT;XIREC;5244.0;4
144500;Mark 55;Mark 01;VELVETFRUIT_EXTRACT;XIREC;5247.0;7
144800;SUBMISSION;;VEV_4000;XIREC;1242.0;3
144800;SUBMISSION;;VEV_4500;XIREC;742.0;2
144800;Mark 01;Mark 22;VEV_5400;XIREC;10.0;3
144800;Mark 01;Mark 22;VEV_5500;XIREC;2.0;3
144800;Mark 01;Mark 22;VEV_6000;XIREC;0.0;3
144800;Mark 01;Mark 22;VEV_6500;XIREC;0.0;3
145100;SUBMISSION;Mark 55;VELVETFRUIT_EXTRACT;XIREC;5244.0;5
145500;Mark 14;Mark 38;VEV_4000;XIREC;1235.0;2
148500;SUBMISSION;Mark 38;HYDROGEL_PACK;XIREC;10000.0;3
148800;Mark 14;Mark 38;VEV_4000;XIREC;1234.0;2
149500;SUBMISSION;;VEV_5100;XIREC;155.0;1
150300;SUBMISSION;;HYDROGEL_PACK;XIREC;10004.0;11
150300;SUBMISSION;Mark 38;HYDROGEL_PACK;XIREC;9989.0;3
150700;SUBMISSION;Mark 38;HYDROGEL_PACK;XIREC;9991.0;3
151400;Mark 38;SUBMISSION;HYDROGEL_PACK;XIREC;10014.0;6
151500;SUBMISSION;;VEV_5100;XIREC;154.0;1
151500;SUBMISSION;;VEV_5100;XIREC;154.0;1
151600;Mark 55;Mark 01;VELVETFRUIT_EXTRACT;XIREC;5245.0;7
152300;Mark 38;SUBMISSION;HYDROGEL_PACK;XIREC;10018.0;4
152700;SUBMISSION;;VEV_5200;XIREC;82.0;3
153500;SUBMISSION;Mark 55;VELVETFRUIT_EXTRACT;XIREC;5241.0;7
153700;Mark 14;Mark 38;HYDROGEL_PACK;XIREC;10012.0;3
155200;SUBMISSION;;VEV_5100;XIREC;155.0;1
155400;SUBMISSION;;VEV_4000;XIREC;1239.0;2
155400;SUBMISSION;;VEV_4500;XIREC;739.0;2
155400;Mark 38;SUBMISSION;VEV_5000;XIREC;241.0;2
155400;;SUBMISSION;VEV_5100;XIREC;150.0;7
155400;Mark 38;SUBMISSION;VEV_5100;XIREC;150.0;2
155400;Mark 38;Mark 22;VEV_4000;XIREC;1239.0;2
155400;Mark 38;Mark 22;VEV_4500;XIREC;739.0;2
155400;Mark 38;Mark 22;VEV_5200;XIREC;79.0;2
155400;Mark 01;Mark 22;VEV_5300;XIREC;33.0;2
155400;Mark 01;Mark 22;VEV_5400;XIREC;9.0;2
155400;Mark 01;Mark 22;VEV_5500;XIREC;2.0;2
155400;Mark 01;Mark 22;VEV_6000;XIREC;0.0;2
155400;Mark 01;Mark 22;VEV_6500;XIREC;0.0;2
155500;SUBMISSION;;VEV_5100;XIREC;153.0;10
156100;SUBMISSION;;VEV_5100;XIREC;152.0;1
156200;SUBMISSION;;VEV_5100;XIREC;151.0;1
156300;SUBMISSION;;VEV_5100;XIREC;150.0;2
156700;SUBMISSION;;VEV_5100;XIREC;148.0;1
156700;SUBMISSION;;VEV_5100;XIREC;148.0;1
157500;Mark 38;SUBMISSION;HYDROGEL_PACK;XIREC;10032.0;4
157500;Mark 38;Mark 14;HYDROGEL_PACK;XIREC;10033.0;2
158000;Mark 55;Mark 01;VELVETFRUIT_EXTRACT;XIREC;5237.0;8
159200;SUBMISSION;;VELVETFRUIT_EXTRACT;XIREC;5232.0;7
160000;Mark 55;Mark 14;VELVETFRUIT_EXTRACT;XIREC;5236.0;8
160100;Mark 38;SUBMISSION;HYDROGEL_PACK;XIREC;10043.0;3
160100;Mark 38;Mark 14;HYDROGEL_PACK;XIREC;10044.0;1
165300;Mark 38;SUBMISSION;VEV_4000;XIREC;1250.0;3
165600;SUBMISSION;Mark 55;VELVETFRUIT_EXTRACT;XIREC;5238.0;4
165600;Mark 01;Mark 55;VELVETFRUIT_EXTRACT;XIREC;5237.0;2
166000;SUBMISSION;;VEV_4000;XIREC;1239.0;5
166000;SUBMISSION;;VEV_4500;XIREC;739.0;5
166000;;SUBMISSION;VEV_5100;XIREC;150.0;6
166000;Mark 01;Mark 22;VEV_5400;XIREC;9.0;5
166000;Mark 01;Mark 22;VEV_5500;XIREC;2.0;5
166000;Mark 01;Mark 22;VEV_6000;XIREC;0.0;5
166000;Mark 01;Mark 22;VEV_6500;XIREC;0.0;5
166100;SUBMISSION;;VEV_5100;XIREC;154.0;4
166100;SUBMISSION;;VEV_5100;XIREC;154.0;4
167900;Mark 14;Mark 38;VEV_4000;XIREC;1232.0;1
169400;SUBMISSION;;VELVETFRUIT_EXTRACT;XIREC;5240.0;3
169800;SUBMISSION;;VELVETFRUIT_EXTRACT;XIREC;5241.0;2
170900;Mark 55;Mark 01;VELVETFRUIT_EXTRACT;XIREC;5249.0;5
172200;SUBMISSION;;VELVETFRUIT_EXTRACT;XIREC;5246.0;1
172300;;SUBMISSION;VELVETFRUIT_EXTRACT;XIREC;5247.0;15
172300;Mark 01;Mark 22;VEV_5500;XIREC;3.0;2
172300;Mark 01;Mark 22;VEV_6000;XIREC;0.0;2
172300;Mark 01;Mark 22;VEV_6500;XIREC;0.0;2
173800;Mark 38;SUBMISSION;HYDROGEL_PACK;XIREC;10036.0;2
173800;Mark 38;Mark 14;HYDROGEL_PACK;XIREC;10037.0;3
174100;Mark 38;SUBMISSION;HYDROGEL_PACK;XIREC;10039.0;1
174100;Mark 38;Mark 14;HYDROGEL_PACK;XIREC;10040.0;1
174800;Mark 55;SUBMISSION;VELVETFRUIT_EXTRACT;XIREC;5252.0;5
175100;Mark 38;SUBMISSION;VEV_4000;XIREC;1258.0;3
175300;Mark 55;SUBMISSION;VELVETFRUIT_EXTRACT;XIREC;5250.0;7
176700;Mark 14;Mark 38;VEV_4000;XIREC;1238.0;1
177200;Mark 14;Mark 38;HYDROGEL_PACK;XIREC;10030.0;2
180300;Mark 38;SUBMISSION;VEV_4000;XIREC;1257.0;3
180800;Mark 14;Mark 38;HYDROGEL_PACK;XIREC;10018.0;5
181200;Mark 14;Mark 38;VEV_4000;XIREC;1235.0;2
182100;Mark 38;SUBMISSION;HYDROGEL_PACK;XIREC;10018.0;1
182100;Mark 38;Mark 14;HYDROGEL_PACK;XIREC;10019.0;5
182100;Mark 14;Mark 38;VEV_4000;XIREC;1237.0;3
182500;Mark 14;Mark 38;HYDROGEL_PACK;XIREC;10007.0;6
182600;SUBMISSION;Mark 55;VELVETFRUIT_EXTRACT;XIREC;5246.0;5
182600;Mark 14;Mark 55;VELVETFRUIT_EXTRACT;XIREC;5245.0;1
183100;Mark 14;Mark 38;VEV_4000;XIREC;1237.0;3
183400;Mark 38;SUBMISSION;HYDROGEL_PACK;XIREC;10030.0;1
183400;Mark 38;Mark 14;HYDROGEL_PACK;XIREC;10031.0;3
186200;SUBMISSION;Mark 55;VELVETFRUIT_EXTRACT;XIREC;5243.0;6
186200;Mark 01;Mark 55;VELVETFRUIT_EXTRACT;XIREC;5242.0;2
189100;SUBMISSION;Mark 38;HYDROGEL_PACK;XIREC;9993.0;4
190700;SUBMISSION;Mark 55;VELVETFRUIT_EXTRACT;XIREC;5248.0;3
190800;SUBMISSION;;HYDROGEL_PACK;XIREC;9999.0;10
191300;Mark 38;SUBMISSION;VEV_4000;XIREC;1258.0;1
191900;Mark 14;Mark 38;VEV_4000;XIREC;1236.0;1
192600;SUBMISSION;Mark 55;VELVETFRUIT_EXTRACT;XIREC;5248.0;2
192600;Mark 01;Mark 55;VELVETFRUIT_EXTRACT;XIREC;5247.0;4
194600;SUBMISSION;;VELVETFRUIT_EXTRACT;XIREC;5243.0;4
194700;Mark 14;Mark 38;HYDROGEL_PACK;XIREC;10006.0;3
195800;Mark 55;SUBMISSION;VELVETFRUIT_EXTRACT;XIREC;5250.0;7
196600;Mark 14;Mark 38;VEV_4000;XIREC;1234.0;1
197500;Mark 55;Mark 14;VELVETFRUIT_EXTRACT;XIREC;5247.0;3
198800;Mark 38;SUBMISSION;HYDROGEL_PACK;XIREC;10028.0;4
198800;Mark 38;Mark 14;HYDROGEL_PACK;XIREC;10029.0;1
199000;SUBMISSION;Mark 55;VELVETFRUIT_EXTRACT;XIREC;5237.0;3
200100;Mark 38;SUBMISSION;HYDROGEL_PACK;XIREC;10027.0;3
201600;SUBMISSION;Mark 55;VELVETFRUIT_EXTRACT;XIREC;5240.0;4
202200;SUBMISSION;Mark 38;HYDROGEL_PACK;XIREC;9996.0;5
202500;Mark 38;Mark 14;VEV_4000;XIREC;1247.0;1
203300;SUBMISSION;Mark 38;HYDROGEL_PACK;XIREC;10001.0;4
203500;Mark 14;Mark 38;HYDROGEL_PACK;XIREC;10003.0;3
203800;Mark 38;Mark 14;VEV_4000;XIREC;1245.0;1
203900;SUBMISSION;;VELVETFRUIT_EXTRACT;XIREC;5233.0;3
204800;SUBMISSION;Mark 38;HYDROGEL_PACK;XIREC;9994.0;4
205100;SUBMISSION;Mark 38;HYDROGEL_PACK;XIREC;9987.0;5
205400;Mark 38;SUBMISSION;HYDROGEL_PACK;XIREC;10004.0;4
206300;SUBMISSION;Mark 38;HYDROGEL_PACK;XIREC;9982.0;6
206400;SUBMISSION;;HYDROGEL_PACK;XIREC;9991.0;2
206800;SUBMISSION;;HYDROGEL_PACK;XIREC;9993.0;5
206900;SUBMISSION;;HYDROGEL_PACK;XIREC;9993.0;5
207000;SUBMISSION;;HYDROGEL_PACK;XIREC;9996.0;1
207200;SUBMISSION;;HYDROGEL_PACK;XIREC;9995.0;2
207300;SUBMISSION;;HYDROGEL_PACK;XIREC;9993.0;6
207400;SUBMISSION;;HYDROGEL_PACK;XIREC;9994.0;4
207500;SUBMISSION;;HYDROGEL_PACK;XIREC;9992.0;7
207500;Mark 55;Mark 14;VELVETFRUIT_EXTRACT;XIREC;5237.0;8
207600;SUBMISSION;;HYDROGEL_PACK;XIREC;9991.0;9
207600;Mark 55;Mark 14;VELVETFRUIT_EXTRACT;XIREC;5237.0;5
207700;SUBMISSION;;HYDROGEL_PACK;XIREC;9992.0;7
207800;SUBMISSION;;HYDROGEL_PACK;XIREC;9991.0;9
207900;SUBMISSION;;HYDROGEL_PACK;XIREC;9991.0;9
208000;SUBMISSION;;HYDROGEL_PACK;XIREC;9983.0;4
208000;SUBMISSION;;HYDROGEL_PACK;XIREC;9991.0;10
208000;SUBMISSION;;HYDROGEL_PACK;XIREC;9994.0;1
208100;SUBMISSION;;HYDROGEL_PACK;XIREC;9991.0;9
208200;SUBMISSION;;HYDROGEL_PACK;XIREC;9987.0;15
208300;SUBMISSION;;HYDROGEL_PACK;XIREC;9987.0;11
208300;SUBMISSION;;HYDROGEL_PACK;XIREC;9989.0;4
208400;SUBMISSION;;HYDROGEL_PACK;XIREC;9988.0;13
208400;Mark 55;Mark 14;VELVETFRUIT_EXTRACT;XIREC;5239.0;5
208500;SUBMISSION;;HYDROGEL_PACK;XIREC;9988.0;11
208500;SUBMISSION;;HYDROGEL_PACK;XIREC;9990.0;2
208600;SUBMISSION;;HYDROGEL_PACK;XIREC;9989.0;12
208700;SUBMISSION;;HYDROGEL_PACK;XIREC;9990.0;10
208800;SUBMISSION;;HYDROGEL_PACK;XIREC;9986.0;13
208800;SUBMISSION;;HYDROGEL_PACK;XIREC;9988.0;4
208900;SUBMISSION;;HYDROGEL_PACK;XIREC;9987.0;13
208900;SUBMISSION;;HYDROGEL_PACK;XIREC;9989.0;2
209000;SUBMISSION;;HYDROGEL_PACK;XIREC;9987.0;12
209000;SUBMISSION;;HYDROGEL_PACK;XIREC;9989.0;3
209100;SUBMISSION;;HYDROGEL_PACK;XIREC;9987.0;10
209100;SUBMISSION;;HYDROGEL_PACK;XIREC;9989.0;5
209200;SUBMISSION;;HYDROGEL_PACK;XIREC;9988.0;11
209200;SUBMISSION;;HYDROGEL_PACK;XIREC;9990.0;2
209200;SUBMISSION;Mark 38;HYDROGEL_PACK;XIREC;9973.0;5
209300;SUBMISSION;;HYDROGEL_PACK;XIREC;9992.0;7
213400;SUBMISSION;Mark 38;HYDROGEL_PACK;XIREC;9995.0;3
214000;SUBMISSION;Mark 55;VELVETFRUIT_EXTRACT;XIREC;5234.0;2
214000;Mark 14;Mark 55;VELVETFRUIT_EXTRACT;XIREC;5233.0;3
215100;SUBMISSION;;VELVETFRUIT_EXTRACT;XIREC;5231.0;2
215100;Mark 67;Mark 49;VELVETFRUIT_EXTRACT;XIREC;5231.0;14
215300;SUBMISSION;;VEV_5000;XIREC;236.0;1
215300;SUBMISSION;;VEV_5000;XIREC;236.0;1
215700;Mark 55;Mark 14;VELVETFRUIT_EXTRACT;XIREC;5234.0;3
216500;;SUBMISSION;HYDROGEL_PACK;XIREC;10006.0;1
217000;;SUBMISSION;HYDROGEL_PACK;XIREC;10010.0;9
217100;;SUBMISSION;HYDROGEL_PACK;XIREC;10013.0;6
217100;Mark 38;SUBMISSION;HYDROGEL_PACK;XIREC;10019.0;3
217200;;SUBMISSION;HYDROGEL_PACK;XIREC;10011.0;10
217300;;SUBMISSION;HYDROGEL_PACK;XIREC;10012.0;11
217300;;SUBMISSION;HYDROGEL_PACK;XIREC;10010.0;1
217300;SUBMISSION;;VELVETFRUIT_EXTRACT;XIREC;5226.0;1
217400;;SUBMISSION;HYDROGEL_PACK;XIREC;10014.0;11
217400;;SUBMISSION;HYDROGEL_PACK;XIREC;10011.0;5
217500;;SUBMISSION;HYDROGEL_PACK;XIREC;10015.0;15
217500;;SUBMISSION;HYDROGEL_PACK;XIREC;10012.0;3
217600;;SUBMISSION;HYDROGEL_PACK;XIREC;10016.0;13
217600;;SUBMISSION;HYDROGEL_PACK;XIREC;10013.0;7
217700;;SUBMISSION;HYDROGEL_PACK;XIREC;10019.0;15
217700;;SUBMISSION;HYDROGEL_PACK;XIREC;10016.0;10
217800;;SUBMISSION;HYDROGEL_PACK;XIREC;10020.0;14
217800;;SUBMISSION;HYDROGEL_PACK;XIREC;10018.0;13
217900;;SUBMISSION;HYDROGEL_PACK;XIREC;10019.0;13
217900;;SUBMISSION;HYDROGEL_PACK;XIREC;10017.0;12
218000;;SUBMISSION;HYDROGEL_PACK;XIREC;10018.0;11
218000;;SUBMISSION;HYDROGEL_PACK;XIREC;10016.0;12
218100;;SUBMISSION;HYDROGEL_PACK;XIREC;10016.0;14
218200;Mark 55;Mark 01;VELVETFRUIT_EXTRACT;XIREC;5233.0;8
218300;SUBMISSION;;VEV_4000;XIREC;1228.0;5
218300;SUBMISSION;;VEV_4500;XIREC;728.0;5
218300;Mark 01;Mark 22;VEV_5300;XIREC;29.0;5
218300;Mark 01;Mark 22;VEV_5400;XIREC;8.0;5
218300;Mark 01;Mark 22;VEV_5500;XIREC;2.0;5
218300;Mark 01;Mark 22;VEV_6000;XIREC;0.0;5
218300;Mark 01;Mark 22;VEV_6500;XIREC;0.0;5
219200;;SUBMISSION;HYDROGEL_PACK;XIREC;10018.0;4
220600;Mark 14;Mark 38;HYDROGEL_PACK;XIREC;10013.0;5
220800;SUBMISSION;;VEV_4000;XIREC;1233.0;4
220800;SUBMISSION;;VEV_4500;XIREC;733.0;4
220800;;SUBMISSION;VEV_5100;XIREC;144.0;22
220800;Mark 01;Mark 22;VEV_5300;XIREC;31.0;4
220800;Mark 01;Mark 22;VEV_5400;XIREC;8.0;4
220800;Mark 01;Mark 22;VEV_5500;XIREC;2.0;4
220800;Mark 01;Mark 22;VEV_6000;XIREC;0.0;4
220800;Mark 01;Mark 22;VEV_6500;XIREC;0.0;4
220900;SUBMISSION;;VEV_5100;XIREC;148.0;11
221500;;SUBMISSION;HYDROGEL_PACK;XIREC;10020.0;4
221900;Mark 38;SUBMISSION;HYDROGEL_PACK;XIREC;10035.0;5
221900;SUBMISSION;;VEV_5100;XIREC;145.0;2
222300;Mark 38;SUBMISSION;HYDROGEL_PACK;XIREC;10034.0;2
222400;SUBMISSION;;VEV_4000;XIREC;1227.0;2
222400;SUBMISSION;;VEV_4500;XIREC;727.0;2
222400;SUBMISSION;;VEV_5100;XIREC;141.0;2
222400;SUBMISSION;;VEV_5100;XIREC;143.0;2
222400;SUBMISSION;;VEV_5100;XIREC;143.0;2
222400;Mark 01;Mark 22;VEV_5200;XIREC;71.0;2
222400;Mark 01;Mark 22;VEV_5300;XIREC;29.0;2
222400;Mark 01;Mark 22;VEV_5400;XIREC;8.0;2
222400;Mark 01;Mark 22;VEV_5500;XIREC;2.0;2
222400;Mark 01;Mark 22;VEV_6000;XIREC;0.0;2
222400;Mark 01;Mark 22;VEV_6500;XIREC;0.0;2
224400;Mark 55;Mark 14;VELVETFRUIT_EXTRACT;XIREC;5231.0;4
225000;Mark 55;Mark 14;VELVETFRUIT_EXTRACT;XIREC;5232.0;7
226700;SUBMISSION;;HYDROGEL_PACK;XIREC;9997.0;3
226800;SUBMISSION;;HYDROGEL_PACK;XIREC;9996.0;4
226900;SUBMISSION;;HYDROGEL_PACK;XIREC;9997.0;3
227000;SUBMISSION;;HYDROGEL_PACK;XIREC;9997.0;3
227100;SUBMISSION;;HYDROGEL_PACK;XIREC;9995.0;6
227200;SUBMISSION;;HYDROGEL_PACK;XIREC;9994.0;8
227300;SUBMISSION;;HYDROGEL_PACK;XIREC;9993.0;10
227400;SUBMISSION;;HYDROGEL_PACK;XIREC;9997.0;3
227500;SUBMISSION;;HYDROGEL_PACK;XIREC;9997.0;3
227600;SUBMISSION;;HYDROGEL_PACK;XIREC;9995.0;6
227700;SUBMISSION;;HYDROGEL_PACK;XIREC;9993.0;10
227900;SUBMISSION;;HYDROGEL_PACK;XIREC;9994.0;8
228000;SUBMISSION;;HYDROGEL_PACK;XIREC;9993.0;10
228100;SUBMISSION;;HYDROGEL_PACK;XIREC;9987.0;13
228100;SUBMISSION;;HYDROGEL_PACK;XIREC;9990.0;8
228200;SUBMISSION;;HYDROGEL_PACK;XIREC;9988.0;11
228200;SUBMISSION;;HYDROGEL_PACK;XIREC;9991.0;8
228300;SUBMISSION;;HYDROGEL_PACK;XIREC;9988.0;15
228300;SUBMISSION;;HYDROGEL_PACK;XIREC;9990.0;4
228400;SUBMISSION;;HYDROGEL_PACK;XIREC;9993.0;10
228500;SUBMISSION;;HYDROGEL_PACK;XIREC;9994.0;8
228600;SUBMISSION;;HYDROGEL_PACK;XIREC;9997.0;3
228700;SUBMISSION;;HYDROGEL_PACK;XIREC;9995.0;6
228800;SUBMISSION;;HYDROGEL_PACK;XIREC;9994.0;8
228900;SUBMISSION;;HYDROGEL_PACK;XIREC;9994.0;8
229000;SUBMISSION;;HYDROGEL_PACK;XIREC;9995.0;6
229100;SUBMISSION;;HYDROGEL_PACK;XIREC;9996.0;5
229200;SUBMISSION;;HYDROGEL_PACK;XIREC;9995.0;6
229300;SUBMISSION;;HYDROGEL_PACK;XIREC;9995.0;6
229400;SUBMISSION;;HYDROGEL_PACK;XIREC;9994.0;7
229500;SUBMISSION;;HYDROGEL_PACK;XIREC;9994.0;2
229500;Mark 38;SUBMISSION;VEV_4000;XIREC;1251.0;2
229500;Mark 14;Mark 55;VELVETFRUIT_EXTRACT;XIREC;5239.0;4
229600;SUBMISSION;;HYDROGEL_PACK;XIREC;9992.0;12
229700;SUBMISSION;;HYDROGEL_PACK;XIREC;9989.0;11
229700;SUBMISSION;;HYDROGEL_PACK;XIREC;9991.0;7
229800;SUBMISSION;;HYDROGEL_PACK;XIREC;9985.0;12
229800;SUBMISSION;;HYDROGEL_PACK;XIREC;9988.0;13
229900;SUBMISSION;;HYDROGEL_PACK;XIREC;9985.0;2
230100;SUBMISSION;;HYDROGEL_PACK;XIREC;9983.0;5
230300;SUBMISSION;Mark 38;HYDROGEL_PACK;XIREC;9973.0;5
230900;Mark 38;Mark 14;HYDROGEL_PACK;XIREC;9984.0;6
231300;SUBMISSION;Mark 38;HYDROGEL_PACK;XIREC;9969.0;3
231300;Mark 01;Mark 55;VELVETFRUIT_EXTRACT;XIREC;5238.0;7
233100;Mark 14;Mark 38;VEV_4000;XIREC;1222.0;3
233900;SUBMISSION;Mark 55;VELVETFRUIT_EXTRACT;XIREC;5234.0;1
233900;Mark 14;Mark 55;VELVETFRUIT_EXTRACT;XIREC;5233.0;7
234500;Mark 55;Mark 14;VELVETFRUIT_EXTRACT;XIREC;5238.0;4
234700;Mark 38;SUBMISSION;VEV_4000;XIREC;1243.0;2
235900;SUBMISSION;Mark 38;HYDROGEL_PACK;XIREC;9993.0;3
236100;Mark 01;Mark 55;VELVETFRUIT_EXTRACT;XIREC;5228.0;8
236300;SUBMISSION;Mark 38;HYDROGEL_PACK;XIREC;9995.0;4
237000;;SUBMISSION;HYDROGEL_PACK;XIREC;10006.0;1
237100;;SUBMISSION;HYDROGEL_PACK;XIREC;10007.0;2
237500;;SUBMISSION;HYDROGEL_PACK;XIREC;10007.0;2
237600;;SUBMISSION;HYDROGEL_PACK;XIREC;10010.0;8
237700;;SUBMISSION;HYDROGEL_PACK;XIREC;10012.0;11
237800;;SUBMISSION;HYDROGEL_PACK;XIREC;10014.0;10
237800;;SUBMISSION;HYDROGEL_PACK;XIREC;10012.0;5
237900;;SUBMISSION;HYDROGEL_PACK;XIREC;10011.0;10
238000;;SUBMISSION;HYDROGEL_PACK;XIREC;10008.0;4
238100;;SUBMISSION;HYDROGEL_PACK;XIREC;10009.0;6
238200;;SUBMISSION;HYDROGEL_PACK;XIREC;10008.0;4
239600;;SUBMISSION;HYDROGEL_PACK;XIREC;10007.0;3
239700;;SUBMISSION;HYDROGEL_PACK;XIREC;10011.0;10
239800;;SUBMISSION;HYDROGEL_PACK;XIREC;10011.0;10
239900;;SUBMISSION;HYDROGEL_PACK;XIREC;10012.0;12
240000;;SUBMISSION;HYDROGEL_PACK;XIREC;10013.0;11
240000;;SUBMISSION;HYDROGEL_PACK;XIREC;10010.0;3
240100;;SUBMISSION;HYDROGEL_PACK;XIREC;10013.0;14
240100;Mark 14;Mark 38;HYDROGEL_PACK;XIREC;10013.0;2
240200;;SUBMISSION;HYDROGEL_PACK;XIREC;10013.0;10
240200;;SUBMISSION;HYDROGEL_PACK;XIREC;10010.0;4
240300;;SUBMISSION;HYDROGEL_PACK;XIREC;10009.0;6
240400;;SUBMISSION;HYDROGEL_PACK;XIREC;10010.0;8
240500;;SUBMISSION;HYDROGEL_PACK;XIREC;10012.0;12
240600;;SUBMISSION;HYDROGEL_PACK;XIREC;10012.0;12
240700;;SUBMISSION;HYDROGEL_PACK;XIREC;10010.0;8
240700;Mark 14;Mark 38;VEV_4000;XIREC;1225.0;3
240800;;SUBMISSION;HYDROGEL_PACK;XIREC;10010.0;8
240900;;SUBMISSION;HYDROGEL_PACK;XIREC;10013.0;14
241000;;SUBMISSION;HYDROGEL_PACK;XIREC;10011.0;10
241100;;SUBMISSION;HYDROGEL_PACK;XIREC;10010.0;8
241200;;SUBMISSION;HYDROGEL_PACK;XIREC;10012.0;13
241200;Mark 14;Mark 38;VEV_4000;XIREC;1222.0;1
241300;;SUBMISSION;HYDROGEL_PACK;XIREC;10010.0;8
241400;;SUBMISSION;HYDROGEL_PACK;XIREC;10009.0;6
241500;;SUBMISSION;HYDROGEL_PACK;XIREC;10011.0;9
241600;;SUBMISSION;HYDROGEL_PACK;XIREC;10013.0;5
241700;;SUBMISSION;HYDROGEL_PACK;XIREC;10016.0;7
243700;SUBMISSION;;VEV_4000;XIREC;1235.0;2
243700;SUBMISSION;;VEV_4500;XIREC;735.0;2
243700;;SUBMISSION;VEV_5100;XIREC;146.0;6
243700;Mark 01;Mark 22;VEV_5300;XIREC;31.0;2
243700;Mark 01;Mark 22;VEV_5400;XIREC;9.0;2
243700;Mark 01;Mark 22;VEV_5500;XIREC;2.0;2
243700;Mark 01;Mark 22;VEV_6000;XIREC;0.0;2
243700;Mark 01;Mark 22;VEV_6500;XIREC;0.0;2
243800;SUBMISSION;;VEV_5100;XIREC;150.0;6
243900;Mark 55;Mark 14;VELVETFRUIT_EXTRACT;XIREC;5239.0;3
245100;Mark 14;Mark 55;VELVETFRUIT_EXTRACT;XIREC;5229.0;8
245300;;SUBMISSION;HYDROGEL_PACK;XIREC;10018.0;4
245500;;SUBMISSION;HYDROGEL_PACK;XIREC;10019.0;2
245700;Mark 14;Mark 55;VELVETFRUIT_EXTRACT;XIREC;5232.0;3
245900;;SUBMISSION;HYDROGEL_PACK;XIREC;10023.0;8
247000;Mark 38;SUBMISSION;HYDROGEL_PACK;XIREC;10037.0;6
247900;;SUBMISSION;HYDROGEL_PACK;XIREC;10035.0;6
248100;Mark 55;Mark 14;VELVETFRUIT_EXTRACT;XIREC;5239.0;8
250200;SUBMISSION;;VEV_4000;XIREC;1237.0;5
250200;SUBMISSION;;VEV_4500;XIREC;737.0;5
250200;Mark 01;Mark 22;VEV_5400;XIREC;9.0;5
250200;Mark 01;Mark 22;VEV_5500;XIREC;2.0;5
250200;Mark 01;Mark 22;VEV_6000;XIREC;0.0;5
250200;Mark 01;Mark 22;VEV_6500;XIREC;0.0;5
251400;Mark 01;Mark 55;VELVETFRUIT_EXTRACT;XIREC;5235.0;4
252100;Mark 55;Mark 01;VELVETFRUIT_EXTRACT;XIREC;5241.0;3
252700;Mark 38;SUBMISSION;VEV_4000;XIREC;1249.0;1
253400;;SUBMISSION;VEV_5100;XIREC;152.0;10
253400;Mark 14;Mark 22;VEV_5200;XIREC;80.0;5
253400;Mark 01;Mark 22;VEV_5500;XIREC;2.0;5
253400;Mark 01;Mark 22;VEV_6000;XIREC;0.0;5
253400;Mark 01;Mark 22;VEV_6500;XIREC;0.0;5
254000;Mark 67;Mark 22;VELVETFRUIT_EXTRACT;XIREC;5242.0;7
254300;SUBMISSION;;VEV_5100;XIREC;154.0;7
254300;Mark 67;Mark 49;VELVETFRUIT_EXTRACT;XIREC;5239.0;15
254800;Mark 14;Mark 38;HYDROGEL_PACK;XIREC;10031.0;4
254900;Mark 22;Mark 38;HYDROGEL_PACK;XIREC;10036.0;3
256400;Mark 14;Mark 38;HYDROGEL_PACK;XIREC;10032.0;4
257100;SUBMISSION;;VEV_5100;XIREC;147.0;1
258200;Mark 14;Mark 38;HYDROGEL_PACK;XIREC;10010.0;3
259200;Mark 38;SUBMISSION;HYDROGEL_PACK;XIREC;10022.0;4
259900;SUBMISSION;Mark 38;HYDROGEL_PACK;XIREC;10001.0;2
260600;Mark 14;Mark 55;VELVETFRUIT_EXTRACT;XIREC;5228.0;6
261600;SUBMISSION;Mark 38;HYDROGEL_PACK;XIREC;9996.0;6
261700;Mark 55;Mark 01;VELVETFRUIT_EXTRACT;XIREC;5231.0;4
262100;Mark 38;SUBMISSION;HYDROGEL_PACK;XIREC;10010.0;6
262500;Mark 55;Mark 14;VELVETFRUIT_EXTRACT;XIREC;5231.0;5
263200;Mark 14;Mark 38;VEV_4000;XIREC;1216.0;3
263400;Mark 55;Mark 01;VELVETFRUIT_EXTRACT;XIREC;5231.0;3
263500;Mark 55;Mark 14;VELVETFRUIT_EXTRACT;XIREC;5230.0;5
264000;Mark 67;Mark 49;VELVETFRUIT_EXTRACT;XIREC;5230.0;9
265900;SUBMISSION;Mark 38;HYDROGEL_PACK;XIREC;9983.0;6
266300;SUBMISSION;;VEV_5100;XIREC;150.0;2
266300;Mark 38;Mark 14;HYDROGEL_PACK;XIREC;10001.0;6
268100;Mark 38;SUBMISSION;VEV_4000;XIREC;1246.0;3
268500;Mark 14;Mark 55;VELVETFRUIT_EXTRACT;XIREC;5236.0;3
268800;Mark 38;SUBMISSION;HYDROGEL_PACK;XIREC;10004.0;2
269000;SUBMISSION;;VEV_4000;XIREC;1237.0;2
269000;SUBMISSION;;VEV_4500;XIREC;737.0;2
269000;Mark 14;Mark 22;VEV_5200;XIREC;76.0;2
269000;Mark 14;Mark 22;VEV_5300;XIREC;32.0;2
269000;Mark 01;Mark 22;VEV_5400;XIREC;9.0;2
269000;Mark 01;Mark 22;VEV_5500;XIREC;2.0;2
269000;Mark 01;Mark 22;VEV_6000;XIREC;0.0;2
269000;Mark 01;Mark 22;VEV_6500;XIREC;0.0;2
270900;SUBMISSION;Mark 38;HYDROGEL_PACK;XIREC;9995.0;6
272300;Mark 01;Mark 55;VELVETFRUIT_EXTRACT;XIREC;5233.0;6
273400;SUBMISSION;;VEV_4000;XIREC;1236.0;5
273400;SUBMISSION;;VEV_4500;XIREC;736.0;5
273400;;SUBMISSION;VEV_5100;XIREC;147.0;7
273400;Mark 01;Mark 22;VEV_5500;XIREC;2.0;5
273400;Mark 01;Mark 22;VEV_6000;XIREC;0.0;5
273400;Mark 01;Mark 22;VEV_6500;XIREC;0.0;5
273900;SUBMISSION;;VEV_5100;XIREC;152.0;4
274400;SUBMISSION;;VEV_5100;XIREC;152.0;1
274400;SUBMISSION;;VEV_5100;XIREC;152.0;1
276600;SUBMISSION;Mark 38;HYDROGEL_PACK;XIREC;10001.0;6
277600;Mark 22;Mark 55;VELVETFRUIT_EXTRACT;XIREC;5241.0;5
277800;SUBMISSION;Mark 38;HYDROGEL_PACK;XIREC;9991.0;6
281100;Mark 14;Mark 55;VELVETFRUIT_EXTRACT;XIREC;5237.0;8
281800;Mark 14;Mark 55;VELVETFRUIT_EXTRACT;XIREC;5237.0;4
281900;Mark 38;SUBMISSION;HYDROGEL_PACK;XIREC;10019.0;2
282100;Mark 01;Mark 55;VELVETFRUIT_EXTRACT;XIREC;5235.0;7
283900;Mark 01;Mark 55;VELVETFRUIT_EXTRACT;XIREC;5237.0;6
284300;;SUBMISSION;HYDROGEL_PACK;XIREC;10021.0;10
284600;Mark 14;Mark 55;VELVETFRUIT_EXTRACT;XIREC;5241.0;7
285600;;SUBMISSION;HYDROGEL_PACK;XIREC;10023.0;2
285600;Mark 67;Mark 22;VELVETFRUIT_EXTRACT;XIREC;5245.0;7
285700;;SUBMISSION;HYDROGEL_PACK;XIREC;10024.0;2
285700;Mark 14;Mark 55;VELVETFRUIT_EXTRACT;XIREC;5243.0;5
285800;;SUBMISSION;HYDROGEL_PACK;XIREC;10025.0;2
285900;;SUBMISSION;HYDROGEL_PACK;XIREC;10026.0;2
285900;Mark 55;Mark 14;VELVETFRUIT_EXTRACT;XIREC;5247.0;8
287000;Mark 01;Mark 55;VELVETFRUIT_EXTRACT;XIREC;5241.0;7
289400;SUBMISSION;;VEV_4000;XIREC;1236.0;2
289400;SUBMISSION;;VEV_4500;XIREC;736.0;2
289400;Mark 01;Mark 22;VEV_5300;XIREC;31.0;2
289400;Mark 01;Mark 22;VEV_5400;XIREC;8.0;2
289400;Mark 01;Mark 22;VEV_5500;XIREC;2.0;2
289400;Mark 01;Mark 22;VEV_6000;XIREC;0.0;2
289400;Mark 01;Mark 22;VEV_6500;XIREC;0.0;2
289600;Mark 49;Mark 22;VELVETFRUIT_EXTRACT;XIREC;5234.0;6
290900;SUBMISSION;;VEV_4000;XIREC;1229.0;4
290900;SUBMISSION;;VEV_4500;XIREC;729.0;4
290900;;SUBMISSION;VEV_5100;XIREC;141.0;10
290900;Mark 01;Mark 22;VEV_5300;XIREC;29.0;4
290900;Mark 01;Mark 22;VEV_5400;XIREC;8.0;4
290900;Mark 01;Mark 22;VEV_5500;XIREC;1.0;4
290900;Mark 01;Mark 22;VEV_6000;XIREC;0.0;4
290900;Mark 01;Mark 22;VEV_6500;XIREC;0.0;4
291000;SUBMISSION;;VEV_5100;XIREC;145.0;6
291200;SUBMISSION;;VEV_5100;XIREC;143.0;1
291200;SUBMISSION;;VEV_5100;XIREC;143.0;1
292200;SUBMISSION;;VEV_5100;XIREC;142.0;1
292600;Mark 55;Mark 01;VELVETFRUIT_EXTRACT;XIREC;5230.0;7
293300;Mark 14;Mark 55;VELVETFRUIT_EXTRACT;XIREC;5225.0;3
293400;Mark 01;Mark 55;VELVETFRUIT_EXTRACT;XIREC;5223.0;6
293600;SUBMISSION;;VEV_5100;XIREC;142.0;1
294300;Mark 67;Mark 22;VELVETFRUIT_EXTRACT;XIREC;5226.0;10
294800;SUBMISSION;;VEV_5100;XIREC;141.0;1
294800;SUBMISSION;;VEV_5100;XIREC;141.0;1
295000;SUBMISSION;;VEV_5100;XIREC;138.0;1
295000;SUBMISSION;;VEV_5100;XIREC;138.0;1
295400;Mark 01;Mark 55;VELVETFRUIT_EXTRACT;XIREC;5218.0;3
295600;Mark 55;Mark 01;VELVETFRUIT_EXTRACT;XIREC;5221.0;8
296200;Mark 38;SUBMISSION;HYDROGEL_PACK;XIREC;10032.0;6
296500;Mark 38;SUBMISSION;VEV_4000;XIREC;1231.0;3
298100;Mark 55;Mark 14;VELVETFRUIT_EXTRACT;XIREC;5225.0;5
298800;Mark 01;Mark 55;VELVETFRUIT_EXTRACT;XIREC;5217.0;7
302500;SUBMISSION;;HYDROGEL_PACK;XIREC;9999.0;1
302600;SUBMISSION;;HYDROGEL_PACK;XIREC;9999.0;1
302800;Mark 55;Mark 49;VELVETFRUIT_EXTRACT;XIREC;5224.0;3
303900;Mark 14;Mark 38;VEV_4000;XIREC;1210.0;3
305500;Mark 55;Mark 14;VELVETFRUIT_EXTRACT;XIREC;5226.0;8
306100;SUBMISSION;Mark 38;HYDROGEL_PACK;XIREC;10000.0;4
306300;Mark 55;Mark 01;VELVETFRUIT_EXTRACT;XIREC;5226.0;6
307500;SUBMISSION;;HYDROGEL_PACK;XIREC;9999.0;2
307700;SUBMISSION;;HYDROGEL_PACK;XIREC;10000.0;1
307800;SUBMISSION;;HYDROGEL_PACK;XIREC;9998.0;6
307900;SUBMISSION;;HYDROGEL_PACK;XIREC;10000.0;1
308000;SUBMISSION;;HYDROGEL_PACK;XIREC;9993.0;6
308000;SUBMISSION;;HYDROGEL_PACK;XIREC;10001.0;2
308700;SUBMISSION;;HYDROGEL_PACK;XIREC;10000.0;2
308900;SUBMISSION;;HYDROGEL_PACK;XIREC;9997.0;9
309000;SUBMISSION;;HYDROGEL_PACK;XIREC;9998.0;6
309000;Mark 14;Mark 55;VELVETFRUIT_EXTRACT;XIREC;5220.0;6
309100;SUBMISSION;;HYDROGEL_PACK;XIREC;9996.0;11
309200;SUBMISSION;;HYDROGEL_PACK;XIREC;9999.0;4
309400;SUBMISSION;;HYDROGEL_PACK;XIREC;9999.0;4
309500;SUBMISSION;;HYDROGEL_PACK;XIREC;9999.0;4
310200;SUBMISSION;;HYDROGEL_PACK;XIREC;9998.0;7
310300;SUBMISSION;;HYDROGEL_PACK;XIREC;9997.0;9
310300;Mark 55;Mark 14;VELVETFRUIT_EXTRACT;XIREC;5226.0;3
310400;SUBMISSION;;HYDROGEL_PACK;XIREC;9999.0;5
310500;SUBMISSION;;HYDROGEL_PACK;XIREC;9997.0;9
310600;SUBMISSION;;HYDROGEL_PACK;XIREC;9997.0;9
310600;Mark 38;Mark 14;HYDROGEL_PACK;XIREC;9997.0;5
310700;SUBMISSION;;HYDROGEL_PACK;XIREC;9992.0;13
310700;SUBMISSION;;HYDROGEL_PACK;XIREC;9995.0;8
310800;SUBMISSION;;HYDROGEL_PACK;XIREC;9991.0;12
310800;SUBMISSION;;HYDROGEL_PACK;XIREC;9994.0;10
310900;SUBMISSION;;HYDROGEL_PACK;XIREC;9995.0;14
310900;Mark 55;Mark 49;VELVETFRUIT_EXTRACT;XIREC;5226.0;3
311000;SUBMISSION;;HYDROGEL_PACK;XIREC;9995.0;14
311100;SUBMISSION;;HYDROGEL_PACK;XIREC;9994.0;14
311100;SUBMISSION;;HYDROGEL_PACK;XIREC;9997.0;2
311200;SUBMISSION;;HYDROGEL_PACK;XIREC;9994.0;15
311200;SUBMISSION;;HYDROGEL_PACK;XIREC;9996.0;1
311300;SUBMISSION;;HYDROGEL_PACK;XIREC;9994.0;12
311300;SUBMISSION;;HYDROGEL_PACK;XIREC;9996.0;4
311400;SUBMISSION;;HYDROGEL_PACK;XIREC;9994.0;11
311400;SUBMISSION;;HYDROGEL_PACK;XIREC;9997.0;5
311500;SUBMISSION;;HYDROGEL_PACK;XIREC;9993.0;14
311500;SUBMISSION;;HYDROGEL_PACK;XIREC;9995.0;4
311600;SUBMISSION;;HYDROGEL_PACK;XIREC;9991.0;14
311600;SUBMISSION;;HYDROGEL_PACK;XIREC;9994.0;9
311700;SUBMISSION;;HYDROGEL_PACK;XIREC;9989.0;11
312000;SUBMISSION;Mark 38;HYDROGEL_PACK;XIREC;9979.0;3
312800;SUBMISSION;Mark 38;HYDROGEL_PACK;XIREC;9975.0;5
314800;Mark 38;Mark 14;HYDROGEL_PACK;XIREC;9995.0;2
315800;SUBMISSION;;VEV_4000;XIREC;1226.0;3
315800;SUBMISSION;;VEV_4500;XIREC;726.0;3
315800;;SUBMISSION;VEV_5100;XIREC;138.0;31
315800;Mark 01;Mark 22;VEV_5300;XIREC;28.0;3
315800;Mark 01;Mark 22;VEV_5400;XIREC;7.0;3
315800;Mark 01;Mark 22;VEV_5500;XIREC;1.0;3
315800;Mark 01;Mark 22;VEV_6000;XIREC;0.0;3
315800;Mark 01;Mark 22;VEV_6500;XIREC;0.0;3
315900;SUBMISSION;;VEV_5100;XIREC;141.0;10
316000;SUBMISSION;;VEV_5100;XIREC;142.0;7
317100;Mark 14;Mark 55;VELVETFRUIT_EXTRACT;XIREC;5224.0;6
317200;SUBMISSION;;VEV_4000;XIREC;1226.0;4
317200;SUBMISSION;;VEV_4500;XIREC;726.0;4
317200;SUBMISSION;;VEV_5100;XIREC;140.0;2
317200;SUBMISSION;;VEV_5100;XIREC;140.0;2
317200;Mark 01;Mark 22;VEV_5300;XIREC;28.0;4
317200;Mark 01;Mark 22;VEV_5400;XIREC;7.0;4
317200;Mark 01;Mark 22;VEV_5500;XIREC;1.0;4
317200;Mark 01;Mark 22;VEV_6000;XIREC;0.0;4
317200;Mark 01;Mark 22;VEV_6500;XIREC;0.0;4
317700;SUBMISSION;;VEV_5100;XIREC;143.0;3
317700;SUBMISSION;;VEV_5100;XIREC;143.0;3
318000;SUBMISSION;;VEV_5100;XIREC;144.0;1
318000;SUBMISSION;;VEV_5100;XIREC;144.0;1
318600;Mark 55;Mark 01;VELVETFRUIT_EXTRACT;XIREC;5228.0;4
319100;Mark 14;Mark 38;VEV_4000;XIREC;1213.0;3
319400;Mark 14;Mark 55;VELVETFRUIT_EXTRACT;XIREC;5222.0;5
319500;SUBMISSION;;HYDROGEL_PACK;XIREC;9983.0;4
319700;SUBMISSION;;VEV_4000;XIREC;1224.0;2
319700;SUBMISSION;;VEV_4500;XIREC;724.0;2
319700;Mark 01;Mark 22;VEV_5300;XIREC;27.0;2
319700;Mark 01;Mark 22;VEV_5400;XIREC;7.0;2
319700;Mark 01;Mark 22;VEV_5500;XIREC;1.0;2
319700;Mark 01;Mark 22;VEV_6000;XIREC;0.0;2
319700;Mark 01;Mark 22;VEV_6500;XIREC;0.0;2
319800;SUBMISSION;Mark 38;HYDROGEL_PACK;XIREC;9969.0;2
320200;SUBMISSION;;VEV_4000;XIREC;1222.0;4
320200;SUBMISSION;;VEV_4500;XIREC;722.0;4
320200;Mark 55;Mark 01;VELVETFRUIT_EXTRACT;XIREC;5226.0;7
320200;Mark 01;Mark 22;VEV_5300;XIREC;27.0;4
320200;Mark 14;Mark 22;VEV_5400;XIREC;7.0;4
320200;Mark 01;Mark 22;VEV_5500;XIREC;1.0;4
320200;Mark 01;Mark 22;VEV_6000;XIREC;0.0;4
320200;Mark 01;Mark 22;VEV_6500;XIREC;0.0;4
321600;SUBMISSION;;HYDROGEL_PACK;XIREC;9978.0;2
321900;Mark 38;Mark 14;HYDROGEL_PACK;XIREC;9979.0;2
323300;Mark 55;Mark 01;VELVETFRUIT_EXTRACT;XIREC;5229.0;7
323600;SUBMISSION;Mark 38;HYDROGEL_PACK;XIREC;9966.0;2
323600;Mark 14;Mark 38;VEV_4000;XIREC;1218.0;1
326700;Mark 55;Mark 14;VELVETFRUIT_EXTRACT;XIREC;5235.0;3
326800;Mark 01;Mark 55;VELVETFRUIT_EXTRACT;XIREC;5229.0;8
328200;Mark 14;Mark 55;VELVETFRUIT_EXTRACT;XIREC;5227.0;3
328700;SUBMISSION;;VEV_4000;XIREC;1230.0;3
328700;SUBMISSION;;VEV_4500;XIREC;730.0;3
328700;Mark 14;Mark 22;VEV_5200;XIREC;72.0;3
328700;Mark 01;Mark 22;VEV_5300;XIREC;29.0;3
328700;Mark 01;Mark 22;VEV_5400;XIREC;7.0;3
328700;Mark 01;Mark 22;VEV_5500;XIREC;1.0;3
328700;Mark 01;Mark 22;VEV_6000;XIREC;0.0;3
328700;Mark 01;Mark 22;VEV_6500;XIREC;0.0;3
329200;SUBMISSION;;VEV_4000;XIREC;1232.0;5
329200;SUBMISSION;;VEV_4500;XIREC;732.0;5
329200;Mark 14;Mark 22;VEV_5200;XIREC;73.0;5
329200;Mark 14;Mark 22;VEV_5300;XIREC;30.0;5
329200;Mark 01;Mark 22;VEV_5500;XIREC;1.0;5
329200;Mark 01;Mark 22;VEV_6000;XIREC;0.0;5
329200;Mark 01;Mark 22;VEV_6500;XIREC;0.0;5
329600;Mark 38;Mark 14;HYDROGEL_PACK;XIREC;10000.0;2
330100;Mark 55;Mark 14;VELVETFRUIT_EXTRACT;XIREC;5241.0;3
330700;SUBMISSION;Mark 38;HYDROGEL_PACK;XIREC;9979.0;3
332000;Mark 14;Mark 55;VELVETFRUIT_EXTRACT;XIREC;5238.0;8
332600;Mark 01;Mark 22;VEV_5300;XIREC;32.0;2
332600;Mark 01;Mark 22;VEV_5400;XIREC;8.0;2
332600;Mark 01;Mark 22;VEV_5500;XIREC;2.0;2
332600;Mark 01;Mark 22;VEV_6000;XIREC;0.0;2
332600;Mark 01;Mark 22;VEV_6500;XIREC;0.0;2
332700;SUBMISSION;Mark 38;HYDROGEL_PACK;XIREC;9987.0;5
332800;Mark 14;Mark 55;VELVETFRUIT_EXTRACT;XIREC;5235.0;6
332900;Mark 38;SUBMISSION;VEV_4000;XIREC;1246.0;3
333600;Mark 14;Mark 55;VELVETFRUIT_EXTRACT;XIREC;5232.0;6
334800;Mark 38;SUBMISSION;VEV_4000;XIREC;1246.0;2
334800;Mark 38;Mark 14;HYDROGEL_PACK;XIREC;10000.0;6
336500;;SUBMISSION;HYDROGEL_PACK;XIREC;10007.0;12
336600;;SUBMISSION;HYDROGEL_PACK;XIREC;10006.0;10
336700;;SUBMISSION;HYDROGEL_PACK;XIREC;10006.0;10
336800;;SUBMISSION;HYDROGEL_PACK;XIREC;10007.0;12
336900;;SUBMISSION;HYDROGEL_PACK;XIREC;10007.0;12
337000;;SUBMISSION;HYDROGEL_PACK;XIREC;10009.0;12
337000;;SUBMISSION;HYDROGEL_PACK;XIREC;10006.0;4
337100;;SUBMISSION;HYDROGEL_PACK;XIREC;10010.0;13
337100;;SUBMISSION;HYDROGEL_PACK;XIREC;10008.0;5
337200;;SUBMISSION;HYDROGEL_PACK;XIREC;10010.0;13
337200;;SUBMISSION;HYDROGEL_PACK;XIREC;10007.0;5
337300;;SUBMISSION;HYDROGEL_PACK;XIREC;10010.0;11
337300;;SUBMISSION;HYDROGEL_PACK;XIREC;10008.0;7
337400;;SUBMISSION;HYDROGEL_PACK;XIREC;10012.0;11
337400;;SUBMISSION;HYDROGEL_PACK;XIREC;10009.0;11
337500;;SUBMISSION;HYDROGEL_PACK;XIREC;10015.0;13
337500;;SUBMISSION;HYDROGEL_PACK;XIREC;10013.0;15
337600;;SUBMISSION;HYDROGEL_PACK;XIREC;10016.0;11
337600;;SUBMISSION;HYDROGEL_PACK;XIREC;10013.0;19
337700;;SUBMISSION;HYDROGEL_PACK;XIREC;10020.0;11
337700;;SUBMISSION;HYDROGEL_PACK;XIREC;10017.0;21
337800;;SUBMISSION;HYDROGEL_PACK;XIREC;10019.0;15
337800;;SUBMISSION;HYDROGEL_PACK;XIREC;10017.0;20
337900;;SUBMISSION;HYDROGEL_PACK;XIREC;10018.0;14
337900;;SUBMISSION;HYDROGEL_PACK;XIREC;10016.0;14
338000;;SUBMISSION;HYDROGEL_PACK;XIREC;10020.0;5
339000;Mark 14;Mark 38;HYDROGEL_PACK;XIREC;10017.0;3
339800;Mark 38;SUBMISSION;VEV_4000;XIREC;1239.0;1
339900;Mark 01;Mark 55;VELVETFRUIT_EXTRACT;XIREC;5228.0;3
342700;;SUBMISSION;HYDROGEL_PACK;XIREC;10028.0;3
342900;;SUBMISSION;HYDROGEL_PACK;XIREC;10030.0;1
344400;Mark 38;SUBMISSION;VEV_4000;XIREC;1238.0;1
344800;Mark 38;SUBMISSION;HYDROGEL_PACK;XIREC;10040.0;6
345900;Mark 38;SUBMISSION;VEV_4000;XIREC;1239.0;2
346200;SUBMISSION;;VEV_4000;XIREC;1226.0;3
346200;SUBMISSION;;VEV_4500;XIREC;726.0;3
346200;Mark 14;Mark 38;HYDROGEL_PACK;XIREC;10021.0;2
346200;Mark 01;Mark 22;VEV_5400;XIREC;7.0;3
346200;Mark 01;Mark 22;VEV_5500;XIREC;1.0;3
346200;Mark 01;Mark 22;VEV_6000;XIREC;0.0;3
346200;Mark 01;Mark 22;VEV_6500;XIREC;0.0;3
346900;Mark 01;Mark 55;VELVETFRUIT_EXTRACT;XIREC;5221.0;3
347100;Mark 38;SUBMISSION;HYDROGEL_PACK;XIREC;10044.0;5
349100;Mark 67;Mark 22;VELVETFRUIT_EXTRACT;XIREC;5220.0;6
349700;Mark 38;SUBMISSION;HYDROGEL_PACK;XIREC;10039.0;2
350300;SUBMISSION;;VEV_4000;XIREC;1223.0;4
350300;SUBMISSION;;VEV_4500;XIREC;723.0;4
350300;;SUBMISSION;VEV_5100;XIREC;136.0;28
350300;Mark 14;Mark 22;VEV_5200;XIREC;68.0;4
350300;Mark 01;Mark 22;VEV_5300;XIREC;27.0;4
350300;Mark 01;Mark 22;VEV_5500;XIREC;1.0;4
350300;Mark 01;Mark 22;VEV_6000;XIREC;0.0;4
350300;Mark 01;Mark 22;VEV_6500;XIREC;0.0;4
350400;SUBMISSION;;VEV_5100;XIREC;140.0;18
350500;SUBMISSION;;VEV_5100;XIREC;141.0;1
350600;SUBMISSION;;VEV_5100;XIREC;140.0;1
350600;SUBMISSION;;VEV_5100;XIREC;140.0;1
351000;SUBMISSION;;VEV_5100;XIREC;138.0;1
352000;Mark 67;Mark 49;VELVETFRUIT_EXTRACT;XIREC;5221.0;9
352100;SUBMISSION;;VEV_5100;XIREC;138.0;1
352300;SUBMISSION;;VEV_5100;XIREC;136.0;1
352300;SUBMISSION;;VEV_5100;XIREC;136.0;1
352900;SUBMISSION;;VEV_5100;XIREC;133.0;1
352900;SUBMISSION;;VEV_5100;XIREC;133.0;1
354300;SUBMISSION;;VEV_5100;XIREC;128.0;1
357500;Mark 67;Mark 49;VELVETFRUIT_EXTRACT;XIREC;5216.0;11
358100;Mark 38;SUBMISSION;HYDROGEL_PACK;XIREC;10042.0;3
358100;Mark 14;Mark 38;VEV_4000;XIREC;1206.0;1
360100;Mark 14;Mark 38;HYDROGEL_PACK;XIREC;10022.0;3
360300;Mark 55;Mark 01;VELVETFRUIT_EXTRACT;XIREC;5219.0;5
361700;Mark 38;SUBMISSION;HYDROGEL_PACK;XIREC;10035.0;3
362400;Mark 38;SUBMISSION;VEV_4000;XIREC;1228.0;3
363100;SUBMISSION;;VEV_4000;XIREC;1224.0;2
363100;SUBMISSION;;VEV_4500;XIREC;724.0;2
363100;;SUBMISSION;VEV_5100;XIREC;137.0;8
363100;Mark 01;Mark 22;VEV_5200;XIREC;68.0;2
363100;Mark 01;Mark 22;VEV_5300;XIREC;27.0;2
363100;Mark 01;Mark 22;VEV_5400;XIREC;6.0;2
363100;Mark 01;Mark 22;VEV_5500;XIREC;1.0;2
363100;Mark 01;Mark 22;VEV_6000;XIREC;0.0;2
363100;Mark 01;Mark 22;VEV_6500;XIREC;0.0;2
363200;SUBMISSION;;VEV_5100;XIREC;141.0;4
363400;Mark 55;Mark 14;VELVETFRUIT_EXTRACT;XIREC;5228.0;8
363600;SUBMISSION;;VEV_5100;XIREC;138.0;1
363700;Mark 38;SUBMISSION;HYDROGEL_PACK;XIREC;10033.0;3
363900;SUBMISSION;;VEV_5100;XIREC;137.0;1
364600;Mark 14;Mark 55;VELVETFRUIT_EXTRACT;XIREC;5221.0;6
364700;SUBMISSION;;VEV_4000;XIREC;1223.0;3
364700;SUBMISSION;;VEV_4500;XIREC;723.0;3
364700;SUBMISSION;;VEV_5100;XIREC;137.0;1
364700;SUBMISSION;;VEV_5100;XIREC;137.0;1
364700;;SUBMISSION;VEV_5100;XIREC;136.0;26
364700;Mark 01;Mark 22;VEV_5300;XIREC;27.0;3
364700;Mark 01;Mark 22;VEV_5400;XIREC;6.0;3
364700;Mark 01;Mark 22;VEV_5500;XIREC;1.0;3
364700;Mark 01;Mark 22;VEV_6000;XIREC;0.0;3
364700;Mark 01;Mark 22;VEV_6500;XIREC;0.0;3
364800;SUBMISSION;;VEV_5100;XIREC;140.0;24
364900;SUBMISSION;;VEV_5100;XIREC;139.0;1
365000;SUBMISSION;;VEV_5100;XIREC;138.0;1
366200;Mark 38;SUBMISSION;HYDROGEL_PACK;XIREC;10045.0;4
366700;Mark 38;SUBMISSION;HYDROGEL_PACK;XIREC;10045.0;3
367300;Mark 55;Mark 14;VELVETFRUIT_EXTRACT;XIREC;5228.0;5
367700;Mark 55;Mark 14;VELVETFRUIT_EXTRACT;XIREC;5230.0;4
368400;Mark 14;Mark 38;HYDROGEL_PACK;XIREC;10031.0;3
368900;Mark 14;Mark 38;HYDROGEL_PACK;XIREC;10026.0;5
369300;Mark 55;Mark 14;VELVETFRUIT_EXTRACT;XIREC;5231.0;5
369800;SUBMISSION;;VEV_4000;XIREC;1228.0;5
369800;SUBMISSION;;VEV_4500;XIREC;728.0;5
369800;Mark 14;Mark 22;VEV_5200;XIREC;70.0;5
369800;Mark 01;Mark 22;VEV_5300;XIREC;28.0;5
369800;Mark 01;Mark 22;VEV_5400;XIREC;7.0;5
369800;Mark 01;Mark 22;VEV_5500;XIREC;1.0;5
369800;Mark 01;Mark 22;VEV_6000;XIREC;0.0;5
369800;Mark 01;Mark 22;VEV_6500;XIREC;0.0;5
370100;Mark 22;Mark 38;VEV_4000;XIREC;1226.0;3
370100;Mark 22;Mark 38;VEV_4500;XIREC;726.0;3
370100;Mark 22;Mark 38;VEV_5000;XIREC;229.0;3
370100;Mark 22;Mark 38;VEV_5100;XIREC;139.0;3
370100;Mark 22;Mark 38;VEV_5200;XIREC;69.0;3
370100;Mark 22;Mark 38;VEV_5300;XIREC;28.0;3
370200;Mark 14;Mark 38;HYDROGEL_PACK;XIREC;10028.0;4
370900;Mark 14;Mark 38;HYDROGEL_PACK;XIREC;10030.0;3
371300;Mark 55;Mark 14;VELVETFRUIT_EXTRACT;XIREC;5233.0;6
371900;Mark 01;Mark 55;VELVETFRUIT_EXTRACT;XIREC;5229.0;4
372800;Mark 55;Mark 14;VELVETFRUIT_EXTRACT;XIREC;5235.0;4
373000;Mark 01;Mark 55;VELVETFRUIT_EXTRACT;XIREC;5229.0;6
373200;Mark 14;Mark 38;VEV_4000;XIREC;1224.0;3
376000;Mark 01;Mark 55;VELVETFRUIT_EXTRACT;XIREC;5235.0;8
376200;Mark 14;Mark 55;VELVETFRUIT_EXTRACT;XIREC;5233.0;4
377800;Mark 14;Mark 38;HYDROGEL_PACK;XIREC;10034.0;5
378400;Mark 14;Mark 55;VELVETFRUIT_EXTRACT;XIREC;5239.0;7
379400;Mark 14;Mark 38;VEV_4000;XIREC;1234.0;1
380200;Mark 38;SUBMISSION;HYDROGEL_PACK;XIREC;10033.0;6
380200;Mark 55;Mark 01;VELVETFRUIT_EXTRACT;XIREC;5247.0;5
380700;Mark 55;Mark 14;VELVETFRUIT_EXTRACT;XIREC;5249.0;3
381000;Mark 14;Mark 38;HYDROGEL_PACK;XIREC;10020.0;3
381600;;SUBMISSION;VELVETFRUIT_EXTRACT;XIREC;5247.0;21
382600;Mark 55;SUBMISSION;VELVETFRUIT_EXTRACT;XIREC;5253.0;5
383800;SUBMISSION;;VELVETFRUIT_EXTRACT;XIREC;5246.0;6
385400;;SUBMISSION;VEV_5100;XIREC;150.0;6
385400;Mark 01;Mark 22;VEV_5300;XIREC;32.0;4
385400;Mark 01;Mark 22;VEV_5400;XIREC;8.0;4
385400;Mark 01;Mark 22;VEV_5500;XIREC;2.0;4
385400;Mark 01;Mark 22;VEV_6000;XIREC;0.0;4
385400;Mark 01;Mark 22;VEV_6500;XIREC;0.0;4
386400;Mark 14;Mark 38;HYDROGEL_PACK;XIREC;10006.0;5
387000;Mark 55;Mark 14;VELVETFRUIT_EXTRACT;XIREC;5246.0;4
389100;;SUBMISSION;VEV_5100;XIREC;150.0;31
389100;Mark 01;Mark 22;VEV_5300;XIREC;32.0;2
389100;Mark 01;Mark 22;VEV_5400;XIREC;8.0;2
389100;Mark 01;Mark 22;VEV_5500;XIREC;2.0;2
389100;Mark 01;Mark 22;VEV_6000;XIREC;0.0;2
389100;Mark 01;Mark 22;VEV_6500;XIREC;0.0;2
389200;Mark 14;Mark 38;HYDROGEL_PACK;XIREC;10006.0;2
389300;Mark 38;SUBMISSION;VEV_4000;XIREC;1249.0;3
389800;SUBMISSION;Mark 55;VELVETFRUIT_EXTRACT;XIREC;5243.0;5
390200;SUBMISSION;Mark 38;HYDROGEL_PACK;XIREC;9997.0;2
390600;SUBMISSION;Mark 38;HYDROGEL_PACK;XIREC;10001.0;6
391200;Mark 14;Mark 38;HYDROGEL_PACK;XIREC;10003.0;2
391400;Mark 01;Mark 22;VEV_5300;XIREC;34.0;4
391400;Mark 01;Mark 22;VEV_5400;XIREC;9.0;4
391400;Mark 01;Mark 22;VEV_5500;XIREC;2.0;4
391400;Mark 01;Mark 22;VEV_6000;XIREC;0.0;4
391400;Mark 01;Mark 22;VEV_6500;XIREC;0.0;4
391700;Mark 38;SUBMISSION;HYDROGEL_PACK;XIREC;10025.0;4
391900;Mark 14;Mark 38;HYDROGEL_PACK;XIREC;10010.0;4
392500;Mark 38;SUBMISSION;VEV_4000;XIREC;1257.0;1
394800;Mark 14;Mark 38;HYDROGEL_PACK;XIREC;10007.0;6
395400;Mark 38;SUBMISSION;VEV_4000;XIREC;1258.0;3
395500;Mark 38;SUBMISSION;HYDROGEL_PACK;XIREC;10030.0;3
396000;Mark 14;Mark 22;VEV_5200;XIREC;85.0;4
396000;Mark 01;Mark 22;VEV_5400;XIREC;10.0;4
396000;Mark 01;Mark 22;VEV_5500;XIREC;2.0;4
396000;Mark 01;Mark 22;VEV_6000;XIREC;0.0;4
396000;Mark 01;Mark 22;VEV_6500;XIREC;0.0;4
396500;Mark 38;SUBMISSION;HYDROGEL_PACK;XIREC;10017.0;4
396500;Mark 38;Mark 22;HYDROGEL_PACK;XIREC;10018.0;1
396700;Mark 38;SUBMISSION;VEV_4000;XIREC;1262.0;3
397000;Mark 38;SUBMISSION;HYDROGEL_PACK;XIREC;10026.0;2
397100;Mark 38;SUBMISSION;HYDROGEL_PACK;XIREC;10027.0;3
397100;Mark 38;Mark 14;HYDROGEL_PACK;XIREC;10028.0;2
397200;Mark 55;SUBMISSION;VELVETFRUIT_EXTRACT;XIREC;5254.0;5
397300;Mark 38;SUBMISSION;VEV_4000;XIREC;1261.0;1
397700;;SUBMISSION;VELVETFRUIT_EXTRACT;XIREC;5250.0;16
397900;Mark 38;SUBMISSION;VEV_4000;XIREC;1261.0;2
398500;Mark 14;Mark 38;HYDROGEL_PACK;XIREC;10015.0;6
398900;Mark 55;SUBMISSION;VELVETFRUIT_EXTRACT;XIREC;5252.0;6
399000;SUBMISSION;Mark 55;VELVETFRUIT_EXTRACT;XIREC;5248.0;5
399000;Mark 14;Mark 38;VEV_4000;XIREC;1240.0;1
399600;Mark 01;Mark 55;VELVETFRUIT_EXTRACT;XIREC;5252.0;6
399800;Mark 14;Mark 55;VELVETFRUIT_EXTRACT;XIREC;5251.0;6
400200;Mark 38;SUBMISSION;HYDROGEL_PACK;XIREC;10022.0;2
400200;Mark 38;Mark 14;HYDROGEL_PACK;XIREC;10023.0;1
402000;Mark 14;Mark 38;VEV_4000;XIREC;1241.0;3
404000;SUBMISSION;Mark 55;VELVETFRUIT_EXTRACT;XIREC;5248.0;6
404300;SUBMISSION;Mark 38;HYDROGEL_PACK;XIREC;9994.0;6
405400;SUBMISSION;;VEV_5100;XIREC;155.0;2
405400;Mark 67;Mark 22;VELVETFRUIT_EXTRACT;XIREC;5241.0;8
405900;SUBMISSION;;VEV_5100;XIREC;153.0;10
406000;SUBMISSION;;HYDROGEL_PACK;XIREC;9994.0;1
406000;SUBMISSION;;VEV_5100;XIREC;151.0;7
406000;SUBMISSION;;VEV_5100;XIREC;152.0;8
406300;SUBMISSION;;VEV_5100;XIREC;151.0;1
406500;SUBMISSION;;VELVETFRUIT_EXTRACT;XIREC;5236.0;9
406500;SUBMISSION;;VEV_5100;XIREC;151.0;1
406500;SUBMISSION;;VEV_5100;XIREC;151.0;1
406500;Mark 67;Mark 49;VELVETFRUIT_EXTRACT;XIREC;5236.0;14
406600;SUBMISSION;;VEV_5100;XIREC;150.0;2
406600;SUBMISSION;;VEV_5100;XIREC;150.0;2
406800;Mark 38;Mark 14;HYDROGEL_PACK;XIREC;10002.0;6
406900;Mark 14;Mark 38;VEV_4000;XIREC;1225.0;1
407800;SUBMISSION;;VEV_5100;XIREC;148.0;1
407800;SUBMISSION;;VEV_5100;XIREC;148.0;1
409100;SUBMISSION;;HYDROGEL_PACK;XIREC;9995.0;1
409100;SUBMISSION;Mark 38;HYDROGEL_PACK;XIREC;9980.0;3
409300;SUBMISSION;;HYDROGEL_PACK;XIREC;9991.0;1
409700;SUBMISSION;Mark 55;VELVETFRUIT_EXTRACT;XIREC;5233.0;4
409800;SUBMISSION;;HYDROGEL_PACK;XIREC;9993.0;4
409900;SUBMISSION;;HYDROGEL_PACK;XIREC;9994.0;3
410000;SUBMISSION;;HYDROGEL_PACK;XIREC;9992.0;6
410100;SUBMISSION;;HYDROGEL_PACK;XIREC;9987.0;11
410100;SUBMISSION;;HYDROGEL_PACK;XIREC;9990.0;2
410200;SUBMISSION;;HYDROGEL_PACK;XIREC;9985.0;13
410200;SUBMISSION;;HYDROGEL_PACK;XIREC;9987.0;3
410300;SUBMISSION;;HYDROGEL_PACK;XIREC;9984.0;10
410300;SUBMISSION;;HYDROGEL_PACK;XIREC;9986.0;7
410400;SUBMISSION;;HYDROGEL_PACK;XIREC;9984.0;11
410400;SUBMISSION;;HYDROGEL_PACK;XIREC;9986.0;6
410500;SUBMISSION;;HYDROGEL_PACK;XIREC;9981.0;12
410500;SUBMISSION;;HYDROGEL_PACK;XIREC;9984.0;10
410600;SUBMISSION;;HYDROGEL_PACK;XIREC;9982.0;13
410600;SUBMISSION;;HYDROGEL_PACK;XIREC;9984.0;7
410700;SUBMISSION;;HYDROGEL_PACK;XIREC;9981.0;10
410700;SUBMISSION;;HYDROGEL_PACK;XIREC;9984.0;12
410800;SUBMISSION;;HYDROGEL_PACK;XIREC;9980.0;10
410800;SUBMISSION;;HYDROGEL_PACK;XIREC;9982.0;13
410800;Mark 14;Mark 38;VEV_4000;XIREC;1223.0;1
410900;SUBMISSION;;HYDROGEL_PACK;XIREC;9981.0;15
410900;SUBMISSION;;HYDROGEL_PACK;XIREC;9983.0;6
411000;SUBMISSION;;HYDROGEL_PACK;XIREC;9982.0;11
411000;SUBMISSION;;HYDROGEL_PACK;XIREC;9985.0;9
411100;SUBMISSION;;HYDROGEL_PACK;XIREC;9984.0;15
411100;SUBMISSION;;HYDROGEL_PACK;XIREC;9987.0;2
411200;SUBMISSION;;HYDROGEL_PACK;XIREC;9986.0;13
411200;SUBMISSION;;HYDROGEL_PACK;XIREC;9988.0;1
411300;SUBMISSION;;HYDROGEL_PACK;XIREC;9987.0;12
411400;SUBMISSION;;HYDROGEL_PACK;XIREC;9987.0;10
411400;SUBMISSION;;HYDROGEL_PACK;XIREC;9989.0;2
411500;SUBMISSION;;HYDROGEL_PACK;XIREC;9990.0;8
411600;SUBMISSION;;HYDROGEL_PACK;XIREC;9993.0;3
411800;SUBMISSION;Mark 55;VELVETFRUIT_EXTRACT;XIREC;5230.0;3
412200;SUBMISSION;;HYDROGEL_PACK;XIREC;9994.0;2
412300;SUBMISSION;;HYDROGEL_PACK;XIREC;9991.0;7
412400;SUBMISSION;;HYDROGEL_PACK;XIREC;9983.0;9
412400;SUBMISSION;;HYDROGEL_PACK;XIREC;9991.0;4
417100;Mark 38;SUBMISSION;HYDROGEL_PACK;XIREC;10012.0;4
418200;Mark 55;Mark 01;VELVETFRUIT_EXTRACT;XIREC;5229.0;6
418800;;SUBMISSION;HYDROGEL_PACK;XIREC;10008.0;2
418900;;SUBMISSION;HYDROGEL_PACK;XIREC;10008.0;2
419000;;SUBMISSION;HYDROGEL_PACK;XIREC;10011.0;7
419100;;SUBMISSION;HYDROGEL_PACK;XIREC;10013.0;10
419200;;SUBMISSION;HYDROGEL_PACK;XIREC;10013.0;10
419200;Mark 14;Mark 38;HYDROGEL_PACK;XIREC;10013.0;2
419300;;SUBMISSION;HYDROGEL_PACK;XIREC;10014.0;10
419300;;SUBMISSION;HYDROGEL_PACK;XIREC;10012.0;2
419400;;SUBMISSION;HYDROGEL_PACK;XIREC;10014.0;11
419400;;SUBMISSION;HYDROGEL_PACK;XIREC;10011.0;1
419500;;SUBMISSION;HYDROGEL_PACK;XIREC;10016.0;10
419500;;SUBMISSION;HYDROGEL_PACK;XIREC;10014.0;5
419600;;SUBMISSION;HYDROGEL_PACK;XIREC;10016.0;13
419600;;SUBMISSION;HYDROGEL_PACK;XIREC;10014.0;2
419700;;SUBMISSION;HYDROGEL_PACK;XIREC;10016.0;15
419800;;SUBMISSION;HYDROGEL_PACK;XIREC;10015.0;13
419800;;SUBMISSION;HYDROGEL_PACK;XIREC;10013.0;1
419900;;SUBMISSION;HYDROGEL_PACK;XIREC;10012.0;9
420000;;SUBMISSION;HYDROGEL_PACK;XIREC;10012.0;9
420100;;SUBMISSION;HYDROGEL_PACK;XIREC;10010.0;5
420200;;SUBMISSION;HYDROGEL_PACK;XIREC;10012.0;9
420300;;SUBMISSION;HYDROGEL_PACK;XIREC;10009.0;4
420300;Mark 38;SUBMISSION;VEV_4000;XIREC;1240.0;1
420400;;SUBMISSION;HYDROGEL_PACK;XIREC;10009.0;4
420500;;SUBMISSION;HYDROGEL_PACK;XIREC;10010.0;5
420600;;SUBMISSION;HYDROGEL_PACK;XIREC;10017.0;7
420600;;SUBMISSION;HYDROGEL_PACK;XIREC;10009.0;3
420700;;SUBMISSION;HYDROGEL_PACK;XIREC;10008.0;2
420800;;SUBMISSION;HYDROGEL_PACK;XIREC;10008.0;2
420900;;SUBMISSION;HYDROGEL_PACK;XIREC;10008.0;2
421000;;SUBMISSION;HYDROGEL_PACK;XIREC;10010.0;5
421100;;SUBMISSION;HYDROGEL_PACK;XIREC;10009.0;4
421200;;SUBMISSION;HYDROGEL_PACK;XIREC;10008.0;2
421300;;SUBMISSION;HYDROGEL_PACK;XIREC;10016.0;4
421300;;SUBMISSION;HYDROGEL_PACK;XIREC;10009.0;6
421400;;SUBMISSION;HYDROGEL_PACK;XIREC;10011.0;7
421500;;SUBMISSION;HYDROGEL_PACK;XIREC;10011.0;7
421600;;SUBMISSION;HYDROGEL_PACK;XIREC;10010.0;1
421700;;SUBMISSION;HYDROGEL_PACK;XIREC;10011.0;2
422300;;SUBMISSION;HYDROGEL_PACK;XIREC;10012.0;3
422800;Mark 14;Mark 38;VEV_4000;XIREC;1219.0;1
423200;;SUBMISSION;HYDROGEL_PACK;XIREC;10013.0;2
423300;;SUBMISSION;HYDROGEL_PACK;XIREC;10015.0;4
423400;;SUBMISSION;HYDROGEL_PACK;XIREC;10016.0;2
423700;;SUBMISSION;HYDROGEL_PACK;XIREC;10018.0;4
423800;;SUBMISSION;HYDROGEL_PACK;XIREC;10021.0;6
423900;;SUBMISSION;HYDROGEL_PACK;XIREC;10021.0;1
424000;;SUBMISSION;HYDROGEL_PACK;XIREC;10023.0;3
424000;Mark 38;SUBMISSION;HYDROGEL_PACK;XIREC;10038.0;4
424300;;SUBMISSION;HYDROGEL_PACK;XIREC;10027.0;4
425700;;SUBMISSION;HYDROGEL_PACK;XIREC;10032.0;6
425800;;SUBMISSION;HYDROGEL_PACK;XIREC;10033.0;1
425900;;SUBMISSION;HYDROGEL_PACK;XIREC;10034.0;2
426600;Mark 55;Mark 14;VELVETFRUIT_EXTRACT;XIREC;5220.0;6
427800;Mark 38;SUBMISSION;VEV_4000;XIREC;1227.0;1
428600;Mark 14;Mark 38;VEV_4000;XIREC;1208.0;1
428900;SUBMISSION;;VEV_4000;XIREC;1219.0;5
428900;SUBMISSION;;VEV_4500;XIREC;719.0;5
428900;;SUBMISSION;VEV_5100;XIREC;133.0;9
428900;Mark 14;Mark 22;VEV_5200;XIREC;65.0;5
428900;Mark 01;Mark 22;VEV_5300;XIREC;25.0;5
428900;Mark 01;Mark 22;VEV_5400;XIREC;6.0;5
428900;Mark 01;Mark 22;VEV_5500;XIREC;1.0;5
428900;Mark 01;Mark 22;VEV_6000;XIREC;0.0;5
428900;Mark 01;Mark 22;VEV_6500;XIREC;0.0;5
429000;SUBMISSION;;VEV_5100;XIREC;136.0;4
429000;SUBMISSION;;VEV_5100;XIREC;136.0;4
429300;Mark 55;Mark 14;VELVETFRUIT_EXTRACT;XIREC;5219.0;7
429500;Mark 55;Mark 14;VELVETFRUIT_EXTRACT;XIREC;5221.0;4
430100;Mark 55;Mark 01;VELVETFRUIT_EXTRACT;XIREC;5217.0;6
431900;SUBMISSION;;VEV_4000;XIREC;1215.0;5
431900;SUBMISSION;;VEV_4500;XIREC;715.0;5
431900;;SUBMISSION;VEV_5100;XIREC;130.0;9
431900;Mark 01;Mark 22;VEV_5200;XIREC;63.0;5
431900;Mark 01;Mark 22;VEV_5300;XIREC;24.0;5
431900;Mark 01;Mark 22;VEV_5400;XIREC;5.0;5
431900;Mark 01;Mark 22;VEV_5500;XIREC;1.0;5
431900;Mark 01;Mark 22;VEV_6000;XIREC;0.0;5
431900;Mark 01;Mark 22;VEV_6500;XIREC;0.0;5
432000;SUBMISSION;;VEV_5100;XIREC;133.0;4
432100;SUBMISSION;;VEV_5100;XIREC;133.0;1
432800;Mark 55;Mark 01;VELVETFRUIT_EXTRACT;XIREC;5221.0;7
434200;Mark 14;Mark 38;VEV_4000;XIREC;1203.0;2
434400;Mark 38;SUBMISSION;HYDROGEL_PACK;XIREC;10032.0;4
436000;Mark 38;SUBMISSION;HYDROGEL_PACK;XIREC;10050.0;2
437400;Mark 55;Mark 14;VELVETFRUIT_EXTRACT;XIREC;5220.0;5
437500;Mark 55;Mark 14;VELVETFRUIT_EXTRACT;XIREC;5220.0;6
438800;Mark 38;SUBMISSION;HYDROGEL_PACK;XIREC;10050.0;6
439100;Mark 38;SUBMISSION;HYDROGEL_PACK;XIREC;10050.0;3
439700;SUBMISSION;Mark 55;VELVETFRUIT_EXTRACT;XIREC;5216.0;3
441300;SUBMISSION;;VEV_5100;XIREC;137.0;4
441300;SUBMISSION;;VEV_5100;XIREC;137.0;4
441900;Mark 55;Mark 14;VELVETFRUIT_EXTRACT;XIREC;5219.0;5
442200;SUBMISSION;;VEV_4000;XIREC;1213.0;2
442200;SUBMISSION;;VEV_4500;XIREC;713.0;2
442200;;SUBMISSION;VEV_5100;XIREC;128.0;6
442200;Mark 01;Mark 22;VEV_5300;XIREC;23.0;2
442200;Mark 01;Mark 22;VEV_5400;XIREC;5.0;2
442200;Mark 01;Mark 22;VEV_5500;XIREC;1.0;2
442200;Mark 01;Mark 22;VEV_6000;XIREC;0.0;2
442200;Mark 01;Mark 22;VEV_6500;XIREC;0.0;2
442400;SUBMISSION;Mark 55;VELVETFRUIT_EXTRACT;XIREC;5214.0;4
442400;Mark 01;Mark 55;VELVETFRUIT_EXTRACT;XIREC;5213.0;2
442900;Mark 38;SUBMISSION;HYDROGEL_PACK;XIREC;10051.0;2
443100;SUBMISSION;;VELVETFRUIT_EXTRACT;XIREC;5217.0;3
443100;Mark 67;Mark 49;VELVETFRUIT_EXTRACT;XIREC;5217.0;11
443600;SUBMISSION;;VELVETFRUIT_EXTRACT;XIREC;5217.0;2
444100;SUBMISSION;Mark 55;VELVETFRUIT_EXTRACT;XIREC;5216.0;1
444100;Mark 01;Mark 55;VELVETFRUIT_EXTRACT;XIREC;5215.0;7
444500;Mark 55;Mark 01;VELVETFRUIT_EXTRACT;XIREC;5218.0;8
445000;SUBMISSION;Mark 55;VELVETFRUIT_EXTRACT;XIREC;5213.0;1
445000;Mark 14;Mark 55;VELVETFRUIT_EXTRACT;XIREC;5212.0;5
446100;Mark 38;SUBMISSION;HYDROGEL_PACK;XIREC;10053.0;2
446200;SUBMISSION;Mark 55;VELVETFRUIT_EXTRACT;XIREC;5210.0;1
446200;Mark 01;Mark 55;VELVETFRUIT_EXTRACT;XIREC;5209.0;6
448000;Mark 55;Mark 14;VELVETFRUIT_EXTRACT;XIREC;5210.0;4
450300;Mark 49;Mark 22;VELVETFRUIT_EXTRACT;XIREC;5214.0;10
450700;Mark 01;Mark 55;VELVETFRUIT_EXTRACT;XIREC;5210.0;6
451000;Mark 14;Mark 38;HYDROGEL_PACK;XIREC;10043.0;4
451300;Mark 38;SUBMISSION;HYDROGEL_PACK;XIREC;10052.0;6
451300;SUBMISSION;;VEV_4000;XIREC;1210.0;3
451300;SUBMISSION;;VEV_4500;XIREC;710.0;3
451300;;SUBMISSION;VEV_5100;XIREC;126.0;7
451300;Mark 14;Mark 22;VEV_5300;XIREC;23.0;3
451300;Mark 01;Mark 22;VEV_5400;XIREC;5.0;3
451300;Mark 01;Mark 22;VEV_5500;XIREC;1.0;3
451300;Mark 01;Mark 22;VEV_6000;XIREC;0.0;3
451300;Mark 01;Mark 22;VEV_6500;XIREC;0.0;3
451400;SUBMISSION;;VEV_5100;XIREC;128.0;4
451600;SUBMISSION;;VEV_5100;XIREC;128.0;1
451600;Mark 14;Mark 38;HYDROGEL_PACK;XIREC;10040.0;2
452100;Mark 38;SUBMISSION;VEV_4000;XIREC;1217.0;1
452800;Mark 14;Mark 38;VEV_4000;XIREC;1201.0;1
453000;Mark 14;Mark 38;HYDROGEL_PACK;XIREC;10046.0;4
454000;Mark 55;Mark 01;VELVETFRUIT_EXTRACT;XIREC;5212.0;4
454100;Mark 14;Mark 55;VELVETFRUIT_EXTRACT;XIREC;5207.0;6
454500;Mark 14;Mark 55;VELVETFRUIT_EXTRACT;XIREC;5211.0;3
454900;Mark 38;SUBMISSION;HYDROGEL_PACK;XIREC;10067.0;2
456100;Mark 14;Mark 55;VELVETFRUIT_EXTRACT;XIREC;5210.0;3
456300;SUBMISSION;;VEV_5100;XIREC;132.0;5
456400;Mark 55;Mark 01;VELVETFRUIT_EXTRACT;XIREC;5217.0;6
456600;SUBMISSION;;VEV_4000;XIREC;1213.0;2
456600;SUBMISSION;;VEV_4500;XIREC;713.0;2
456600;;SUBMISSION;VEV_5100;XIREC;128.0;9
456600;Mark 01;Mark 22;VEV_5300;XIREC;23.0;2
456600;Mark 01;Mark 22;VEV_5400;XIREC;5.0;2
456600;Mark 01;Mark 22;VEV_5500;XIREC;1.0;2
456600;Mark 01;Mark 22;VEV_6000;XIREC;0.0;2
456600;Mark 01;Mark 22;VEV_6500;XIREC;0.0;2
456700;SUBMISSION;;VEV_5100;XIREC;130.0;6
457800;Mark 55;Mark 14;VELVETFRUIT_EXTRACT;XIREC;5214.0;3
459700;Mark 14;Mark 38;HYDROGEL_PACK;XIREC;10073.0;4
459800;SUBMISSION;;VEV_4000;XIREC;1213.0;2
459800;SUBMISSION;;VEV_4500;XIREC;713.0;2
459800;;SUBMISSION;VEV_5100;XIREC;128.0;12
459800;Mark 01;Mark 22;VEV_5300;XIREC;23.0;2
459800;Mark 01;Mark 22;VEV_5400;XIREC;5.0;2
459800;Mark 01;Mark 22;VEV_5500;XIREC;1.0;2
459800;Mark 01;Mark 22;VEV_6000;XIREC;0.0;2
459800;Mark 01;Mark 22;VEV_6500;XIREC;0.0;2
459900;SUBMISSION;;VEV_5100;XIREC;132.0;13
460200;SUBMISSION;;VEV_5100;XIREC;130.0;1
461400;Mark 38;SUBMISSION;HYDROGEL_PACK;XIREC;10079.0;4
462100;Mark 67;Mark 22;VELVETFRUIT_EXTRACT;XIREC;5212.0;9
462300;SUBMISSION;;VEV_5100;XIREC;132.0;2
465000;Mark 14;Mark 38;HYDROGEL_PACK;XIREC;10051.0;6
465500;Mark 14;Mark 38;VEV_4000;XIREC;1207.0;1
465600;Mark 38;SUBMISSION;HYDROGEL_PACK;XIREC;10065.0;6
466400;Mark 14;Mark 38;HYDROGEL_PACK;XIREC;10050.0;3
466900;Mark 14;Mark 38;HYDROGEL_PACK;XIREC;10049.0;5
467300;Mark 14;Mark 55;VELVETFRUIT_EXTRACT;XIREC;5213.0;7
469100;Mark 01;Mark 55;VELVETFRUIT_EXTRACT;XIREC;5208.0;3
471200;Mark 38;SUBMISSION;VEV_4000;XIREC;1221.0;1
471700;Mark 14;Mark 55;VELVETFRUIT_EXTRACT;XIREC;5209.0;5
473400;Mark 38;SUBMISSION;HYDROGEL_PACK;XIREC;10060.0;5
473400;Mark 38;Mark 14;HYDROGEL_PACK;XIREC;10061.0;1
474600;Mark 14;Mark 38;HYDROGEL_PACK;XIREC;10041.0;4
476800;Mark 14;Mark 38;HYDROGEL_PACK;XIREC;10029.0;2
476900;Mark 14;Mark 38;HYDROGEL_PACK;XIREC;10028.0;4
477000;Mark 14;Mark 55;VELVETFRUIT_EXTRACT;XIREC;5210.0;5
478700;Mark 55;Mark 14;VELVETFRUIT_EXTRACT;XIREC;5220.0;4
480000;Mark 14;Mark 38;VEV_4000;XIREC;1207.0;1
480200;Mark 38;SUBMISSION;HYDROGEL_PACK;XIREC;10039.0;2
480200;Mark 38;Mark 14;HYDROGEL_PACK;XIREC;10040.0;3
481200;Mark 14;Mark 38;HYDROGEL_PACK;XIREC;10020.0;4
481700;Mark 38;SUBMISSION;VEV_4000;XIREC;1224.0;2
483900;SUBMISSION;;VEV_4000;XIREC;1209.0;3
483900;SUBMISSION;;VEV_4500;XIREC;709.0;3
483900;Mark 01;Mark 22;VEV_5300;XIREC;22.0;3
483900;Mark 01;Mark 22;VEV_5500;XIREC;1.0;3
483900;Mark 01;Mark 22;VEV_6000;XIREC;0.0;3
483900;Mark 01;Mark 22;VEV_6500;XIREC;0.0;3
485400;Mark 55;Mark 01;VELVETFRUIT_EXTRACT;XIREC;5218.0;3
485500;SUBMISSION;;VEV_4000;XIREC;1216.0;2
485500;SUBMISSION;;VEV_4500;XIREC;716.0;2
485500;Mark 01;Mark 22;VEV_5400;XIREC;5.0;2
485500;Mark 01;Mark 22;VEV_5500;XIREC;1.0;2
485500;Mark 01;Mark 22;VEV_6000;XIREC;0.0;2
485500;Mark 01;Mark 22;VEV_6500;XIREC;0.0;2
486800;Mark 38;SUBMISSION;HYDROGEL_PACK;XIREC;10058.0;2
486800;Mark 38;Mark 14;HYDROGEL_PACK;XIREC;10059.0;2
489800;Mark 14;Mark 55;VELVETFRUIT_EXTRACT;XIREC;5210.0;8
489900;Mark 38;SUBMISSION;VEV_4000;XIREC;1221.0;3
490700;Mark 38;SUBMISSION;HYDROGEL_PACK;XIREC;10056.0;1
490700;Mark 38;Mark 14;HYDROGEL_PACK;XIREC;10057.0;3
491400;Mark 38;SUBMISSION;VEV_4000;XIREC;1217.0;1
491500;Mark 14;Mark 38;VEV_4000;XIREC;1199.0;2
492500;Mark 38;SUBMISSION;VEV_4000;XIREC;1222.0;2
493200;Mark 01;Mark 55;VELVETFRUIT_EXTRACT;XIREC;5208.0;8
493700;Mark 55;Mark 14;VELVETFRUIT_EXTRACT;XIREC;5212.0;8
494100;Mark 55;Mark 14;VELVETFRUIT_EXTRACT;XIREC;5212.0;4
495400;Mark 38;SUBMISSION;HYDROGEL_PACK;XIREC;10051.0;1
495400;Mark 38;Mark 14;HYDROGEL_PACK;XIREC;10052.0;3
496900;Mark 14;Mark 38;VEV_4000;XIREC;1197.0;2
497300;Mark 14;Mark 55;VELVETFRUIT_EXTRACT;XIREC;5203.0;7
497600;Mark 14;Mark 38;HYDROGEL_PACK;XIREC;10034.0;5
497700;Mark 55;Mark 14;VELVETFRUIT_EXTRACT;XIREC;5209.0;4
498100;SUBMISSION;;VEV_4000;XIREC;1204.0;5
498100;SUBMISSION;;VEV_4500;XIREC;704.0;5
498100;Mark 14;Mark 38;HYDROGEL_PACK;XIREC;10037.0;5
498100;Mark 01;Mark 22;VEV_5300;XIREC;21.0;5
498100;Mark 01;Mark 22;VEV_5400;XIREC;4.0;5
498100;Mark 14;Mark 22;VEV_5500;XIREC;1.0;5
498100;Mark 01;Mark 22;VEV_6000;XIREC;0.0;5
498100;Mark 01;Mark 22;VEV_6500;XIREC;0.0;5
498800;Mark 14;Mark 55;VELVETFRUIT_EXTRACT;XIREC;5196.0;5
499000;Mark 01;Mark 55;VELVETFRUIT_EXTRACT;XIREC;5198.0;6
499800;Mark 14;Mark 38;HYDROGEL_PACK;XIREC;10032.0;2
503300;Mark 14;Mark 38;HYDROGEL_PACK;XIREC;10033.0;2
504500;Mark 38;SUBMISSION;HYDROGEL_PACK;XIREC;10053.0;1
504500;Mark 38;Mark 14;HYDROGEL_PACK;XIREC;10054.0;5
505300;Mark 14;Mark 38;HYDROGEL_PACK;XIREC;10044.0;3
506200;Mark 14;Mark 55;VELVETFRUIT_EXTRACT;XIREC;5198.0;4
508300;Mark 55;Mark 14;VELVETFRUIT_EXTRACT;XIREC;5207.0;5
508400;Mark 55;Mark 14;VELVETFRUIT_EXTRACT;XIREC;5207.0;7
510600;Mark 38;SUBMISSION;VEV_4000;XIREC;1216.0;1
511000;Mark 38;SUBMISSION;VEV_4000;XIREC;1212.0;2
511400;Mark 14;Mark 38;HYDROGEL_PACK;XIREC;10038.0;6
511800;SUBMISSION;;VEV_4000;XIREC;1201.0;2
511800;SUBMISSION;;VEV_4500;XIREC;701.0;2
511800;Mark 01;Mark 22;VEV_5200;XIREC;55.0;2
511800;Mark 01;Mark 22;VEV_5300;XIREC;20.0;2
511800;Mark 01;Mark 22;VEV_5400;XIREC;4.0;2
511800;Mark 01;Mark 22;VEV_5500;XIREC;0.0;2
511800;Mark 01;Mark 22;VEV_6000;XIREC;0.0;2
511800;Mark 01;Mark 22;VEV_6500;XIREC;0.0;2
512800;Mark 67;Mark 22;VELVETFRUIT_EXTRACT;XIREC;5203.0;9
516400;SUBMISSION;;VEV_4000;XIREC;1211.0;4
516400;SUBMISSION;;VEV_4500;XIREC;711.0;4
516400;;SUBMISSION;VEV_5100;XIREC;126.0;11
516400;Mark 38;Mark 14;HYDROGEL_PACK;XIREC;10051.0;3
516400;Mark 01;Mark 22;VEV_5200;XIREC;60.0;4
516400;Mark 01;Mark 22;VEV_5400;XIREC;4.0;4
516400;Mark 01;Mark 22;VEV_5500;XIREC;1.0;4
516400;Mark 01;Mark 22;VEV_6000;XIREC;0.0;4
516400;Mark 01;Mark 22;VEV_6500;XIREC;0.0;4
516500;SUBMISSION;;VEV_5100;XIREC;129.0;6
516500;SUBMISSION;;VEV_5100;XIREC;130.0;9
517800;Mark 38;Mark 14;HYDROGEL_PACK;XIREC;10062.0;6
518200;Mark 14;Mark 55;VELVETFRUIT_EXTRACT;XIREC;5208.0;3
519500;Mark 14;Mark 38;HYDROGEL_PACK;XIREC;10052.0;6
519700;Mark 14;Mark 38;HYDROGEL_PACK;XIREC;10053.0;6
519700;Mark 55;Mark 14;VELVETFRUIT_EXTRACT;XIREC;5206.0;8
521700;Mark 55;Mark 01;VELVETFRUIT_EXTRACT;XIREC;5207.0;5
522900;Mark 55;Mark 14;VELVETFRUIT_EXTRACT;XIREC;5211.0;8
523200;Mark 55;Mark 01;VELVETFRUIT_EXTRACT;XIREC;5209.0;5
524000;SUBMISSION;;VEV_4000;XIREC;1205.0;2
524000;SUBMISSION;;VEV_4500;XIREC;705.0;2
524000;;SUBMISSION;VEV_5100;XIREC;121.0;34
524000;Mark 01;Mark 22;VEV_5200;XIREC;57.0;2
524000;Mark 01;Mark 22;VEV_5300;XIREC;21.0;2
524000;Mark 01;Mark 22;VEV_5400;XIREC;4.0;2
524000;Mark 01;Mark 22;VEV_5500;XIREC;1.0;2
524000;Mark 01;Mark 22;VEV_6000;XIREC;0.0;2
524000;Mark 01;Mark 22;VEV_6500;XIREC;0.0;2
524900;Mark 01;Mark 55;VELVETFRUIT_EXTRACT;XIREC;5201.0;8
525200;SUBMISSION;;VEV_5100;XIREC;126.0;16
525300;SUBMISSION;;VEV_5100;XIREC;126.0;5
527400;Mark 38;Mark 14;HYDROGEL_PACK;XIREC;10045.0;3
528200;Mark 55;Mark 01;VELVETFRUIT_EXTRACT;XIREC;5205.0;4
529600;SUBMISSION;;VEV_4000;XIREC;1200.0;2
529600;SUBMISSION;;VEV_4500;XIREC;700.0;2
529600;;SUBMISSION;VEV_5100;XIREC;117.0;24
529600;Mark 14;Mark 22;VEV_5300;XIREC;20.0;2
529600;Mark 01;Mark 22;VEV_5400;XIREC;4.0;2
529600;Mark 01;Mark 22;VEV_5500;XIREC;0.0;2
529600;Mark 01;Mark 22;VEV_6000;XIREC;0.0;2
529600;Mark 01;Mark 22;VEV_6500;XIREC;0.0;2
530300;Mark 01;Mark 55;VELVETFRUIT_EXTRACT;XIREC;5197.0;4
531500;SUBMISSION;;VEV_4000;XIREC;1200.0;2
531500;SUBMISSION;;VEV_4500;XIREC;700.0;2
531500;SUBMISSION;;VEV_5100;XIREC;118.0;2
531500;;SUBMISSION;VEV_5100;XIREC;117.0;22
531500;Mark 01;Mark 22;VEV_5300;XIREC;20.0;2
531500;Mark 01;Mark 22;VEV_5400;XIREC;4.0;2
531500;Mark 01;Mark 22;VEV_5500;XIREC;0.0;2
531500;Mark 01;Mark 22;VEV_6000;XIREC;0.0;2
531500;Mark 01;Mark 22;VEV_6500;XIREC;0.0;2
531800;Mark 38;Mark 14;HYDROGEL_PACK;XIREC;10052.0;3
532400;Mark 01;Mark 55;VELVETFRUIT_EXTRACT;XIREC;5197.0;4
532600;SUBMISSION;;VEV_5100;XIREC;120.0;14
532800;Mark 55;Mark 14;VELVETFRUIT_EXTRACT;XIREC;5201.0;7
533800;Mark 38;Mark 14;HYDROGEL_PACK;XIREC;10029.0;5
534000;Mark 38;SUBMISSION;VEV_4000;XIREC;1202.0;2
534000;Mark 55;Mark 01;VELVETFRUIT_EXTRACT;XIREC;5196.0;4
534700;Mark 14;Mark 55;VELVETFRUIT_EXTRACT;XIREC;5190.0;5
534900;Mark 14;Mark 38;VEV_4000;XIREC;1182.0;3
535400;SUBMISSION;;VEV_4000;XIREC;1194.0;3
535400;SUBMISSION;;VEV_4500;XIREC;694.0;3
535400;;SUBMISSION;VEV_5100;XIREC;112.0;33
535400;Mark 01;Mark 22;VEV_5300;XIREC;18.0;3
535400;Mark 01;Mark 22;VEV_5400;XIREC;3.0;3
535400;Mark 01;Mark 22;VEV_5500;XIREC;0.0;3
535400;Mark 01;Mark 22;VEV_6000;XIREC;0.0;3
535400;Mark 01;Mark 22;VEV_6500;XIREC;0.0;3
535600;Mark 14;Mark 38;VEV_4000;XIREC;1184.0;2
535900;SUBMISSION;;VEV_4000;XIREC;1194.0;3
535900;SUBMISSION;;VEV_4500;XIREC;694.0;3
535900;;SUBMISSION;VEV_5100;XIREC;113.0;12
535900;Mark 01;Mark 22;VEV_5200;XIREC;52.0;3
535900;Mark 01;Mark 22;VEV_5300;XIREC;18.0;3
535900;Mark 01;Mark 22;VEV_5400;XIREC;3.0;3
535900;Mark 01;Mark 22;VEV_5500;XIREC;0.0;3
535900;Mark 01;Mark 22;VEV_6000;XIREC;0.0;3
535900;Mark 01;Mark 22;VEV_6500;XIREC;0.0;3
536400;Mark 14;Mark 38;HYDROGEL_PACK;XIREC;10019.0;6
539800;Mark 55;Mark 01;VELVETFRUIT_EXTRACT;XIREC;5204.0;3
540200;SUBMISSION;;VEV_5100;XIREC;120.0;7
540200;Mark 22;Mark 55;VELVETFRUIT_EXTRACT;XIREC;5200.0;3
540300;Mark 38;Mark 14;HYDROGEL_PACK;XIREC;10009.0;4
541100;Mark 22;Mark 38;HYDROGEL_PACK;XIREC;10002.0;6
541300;SUBMISSION;;HYDROGEL_PACK;XIREC;10004.0;7
541400;SUBMISSION;;VEV_5100;XIREC;124.0;22
541500;SUBMISSION;;HYDROGEL_PACK;XIREC;10001.0;5
541500;SUBMISSION;;VEV_5100;XIREC;124.0;11
541600;SUBMISSION;;VEV_5100;XIREC;124.0;23
541700;SUBMISSION;;VEV_5100;XIREC;125.0;10
541800;SUBMISSION;;VEV_5100;XIREC;125.0;7
542500;SUBMISSION;Mark 38;HYDROGEL_PACK;XIREC;9996.0;3
544900;SUBMISSION;Mark 38;HYDROGEL_PACK;XIREC;10001.0;6
545400;Mark 14;Mark 55;VELVETFRUIT_EXTRACT;XIREC;5200.0;5
547000;Mark 14;Mark 38;VEV_4000;XIREC;1195.0;1
547200;SUBMISSION;;VEV_5100;XIREC;125.0;2
547200;SUBMISSION;;VEV_5100;XIREC;125.0;2
547600;SUBMISSION;;VEV_4000;XIREC;1207.0;4
547600;SUBMISSION;;VEV_4500;XIREC;707.0;4
547600;;SUBMISSION;VEV_5100;XIREC;122.0;29
547600;Mark 55;Mark 01;VELVETFRUIT_EXTRACT;XIREC;5210.0;4
547600;Mark 01;Mark 22;VEV_5400;XIREC;4.0;4
547600;Mark 01;Mark 22;VEV_5500;XIREC;1.0;4
547600;Mark 01;Mark 22;VEV_6000;XIREC;0.0;4
547600;Mark 01;Mark 22;VEV_6500;XIREC;0.0;4
547800;SUBMISSION;;VEV_5100;XIREC;127.0;12
547800;SUBMISSION;;VEV_5100;XIREC;128.0;13
551600;SUBMISSION;;VEV_4000;XIREC;1213.0;4
551600;SUBMISSION;;VEV_4500;XIREC;713.0;4
551600;;SUBMISSION;VEV_5100;XIREC;127.0;28
551600;Mark 01;Mark 22;VEV_5300;XIREC;23.0;4
551600;Mark 01;Mark 22;VEV_5500;XIREC;1.0;4
551600;Mark 01;Mark 22;VEV_6000;XIREC;0.0;4
551600;Mark 01;Mark 22;VEV_6500;XIREC;0.0;4
551700;SUBMISSION;;VEV_5100;XIREC;131.0;6
551700;SUBMISSION;;VEV_5100;XIREC;132.0;17
551800;SUBMISSION;Mark 38;HYDROGEL_PACK;XIREC;9996.0;2
551800;SUBMISSION;;VEV_5100;XIREC;132.0;3
552500;Mark 14;Mark 55;VELVETFRUIT_EXTRACT;XIREC;5214.0;8
552600;SUBMISSION;;VEV_5100;XIREC;133.0;3
552700;Mark 14;Mark 38;VEV_4000;XIREC;1206.0;3
553500;Mark 14;Mark 38;VEV_4000;XIREC;1207.0;1
554500;Mark 55;Mark 14;VELVETFRUIT_EXTRACT;XIREC;5223.0;3
555100;;SUBMISSION;VEV_5100;XIREC;135.0;31
555100;Mark 14;Mark 22;VEV_5200;XIREC;67.0;5
555100;Mark 01;Mark 22;VEV_5300;XIREC;26.0;5
555100;Mark 01;Mark 22;VEV_5400;XIREC;5.0;5
555100;Mark 01;Mark 22;VEV_5500;XIREC;1.0;5
555100;Mark 01;Mark 22;VEV_6000;XIREC;0.0;5
555100;Mark 01;Mark 22;VEV_6500;XIREC;0.0;5
555200;Mark 14;Mark 55;VELVETFRUIT_EXTRACT;XIREC;5222.0;6
555500;Mark 38;SUBMISSION;HYDROGEL_PACK;XIREC;10005.0;4
555500;Mark 38;Mark 14;HYDROGEL_PACK;XIREC;10006.0;1
556300;SUBMISSION;;VEV_5100;XIREC;136.0;27
556400;SUBMISSION;;VEV_4000;XIREC;1219.0;5
556400;SUBMISSION;;VEV_4500;XIREC;719.0;5
556400;SUBMISSION;;VEV_5100;XIREC;133.0;2
556400;SUBMISSION;;VEV_5100;XIREC;133.0;2
556400;SUBMISSION;;VEV_5100;XIREC;133.0;1
556400;SUBMISSION;;VEV_5100;XIREC;135.0;1
556400;;SUBMISSION;VEV_5100;XIREC;132.0;6
556400;Mark 01;Mark 22;VEV_5400;XIREC;5.0;5
556400;Mark 01;Mark 22;VEV_5500;XIREC;1.0;5
556400;Mark 01;Mark 22;VEV_6000;XIREC;0.0;5
556400;Mark 01;Mark 22;VEV_6500;XIREC;0.0;5
558600;Mark 38;SUBMISSION;VEV_4000;XIREC;1228.0;2
559400;Mark 01;Mark 55;VELVETFRUIT_EXTRACT;XIREC;5214.0;3
560300;Mark 55;Mark 14;VELVETFRUIT_EXTRACT;XIREC;5220.0;4
560900;Mark 67;Mark 22;VELVETFRUIT_EXTRACT;XIREC;5214.0;9
561000;Mark 01;Mark 55;VELVETFRUIT_EXTRACT;XIREC;5212.0;6
562000;SUBMISSION;;VEV_5100;XIREC;136.0;1
562100;SUBMISSION;;VEV_5100;XIREC;135.0;2
562200;SUBMISSION;;VEV_5100;XIREC;134.0;1
562200;Mark 55;Mark 14;VELVETFRUIT_EXTRACT;XIREC;5220.0;8
562500;Mark 55;Mark 01;VELVETFRUIT_EXTRACT;XIREC;5222.0;7
562900;Mark 55;Mark 01;VELVETFRUIT_EXTRACT;XIREC;5224.0;3
565100;Mark 55;Mark 14;VELVETFRUIT_EXTRACT;XIREC;5229.0;6
565600;Mark 01;Mark 22;VEV_5400;XIREC;6.0;4
565600;Mark 01;Mark 22;VEV_5500;XIREC;1.0;4
565600;Mark 01;Mark 22;VEV_6000;XIREC;0.0;4
565600;Mark 01;Mark 22;VEV_6500;XIREC;0.0;4
565700;Mark 38;Mark 14;HYDROGEL_PACK;XIREC;10001.0;4
566100;Mark 01;Mark 55;VELVETFRUIT_EXTRACT;XIREC;5223.0;4
566500;Mark 38;SUBMISSION;VEV_4000;XIREC;1236.0;2
567800;Mark 14;Mark 55;VELVETFRUIT_EXTRACT;XIREC;5222.0;5
568300;Mark 14;Mark 38;VEV_4000;XIREC;1218.0;1
569900;Mark 55;Mark 01;VELVETFRUIT_EXTRACT;XIREC;5228.0;4
570100;Mark 14;Mark 55;VELVETFRUIT_EXTRACT;XIREC;5224.0;3
570300;SUBMISSION;;HYDROGEL_PACK;XIREC;9996.0;2
570400;SUBMISSION;;HYDROGEL_PACK;XIREC;9995.0;4
570500;SUBMISSION;;HYDROGEL_PACK;XIREC;9992.0;9
570600;SUBMISSION;;HYDROGEL_PACK;XIREC;9992.0;9
570700;SUBMISSION;;HYDROGEL_PACK;XIREC;9992.0;9
570800;SUBMISSION;;HYDROGEL_PACK;XIREC;9995.0;4
570900;SUBMISSION;;HYDROGEL_PACK;XIREC;9994.0;6
571000;SUBMISSION;;HYDROGEL_PACK;XIREC;9993.0;7
571100;SUBMISSION;;HYDROGEL_PACK;XIREC;9993.0;7
571200;SUBMISSION;;HYDROGEL_PACK;XIREC;9995.0;4
571400;SUBMISSION;;HYDROGEL_PACK;XIREC;9997.0;1
572400;Mark 14;Mark 38;VEV_4000;XIREC;1211.0;3
572800;Mark 22;Mark 55;VELVETFRUIT_EXTRACT;XIREC;5217.0;6
573400;SUBMISSION;;HYDROGEL_PACK;XIREC;9997.0;1
574100;SUBMISSION;;HYDROGEL_PACK;XIREC;9996.0;4
574200;SUBMISSION;;HYDROGEL_PACK;XIREC;9994.0;7
574300;SUBMISSION;;HYDROGEL_PACK;XIREC;9993.0;9
574400;SUBMISSION;;HYDROGEL_PACK;XIREC;9992.0;11
574500;SUBMISSION;;HYDROGEL_PACK;XIREC;9989.0;15
574500;SUBMISSION;;HYDROGEL_PACK;XIREC;9992.0;1
574600;SUBMISSION;;HYDROGEL_PACK;XIREC;9989.0;12
574600;SUBMISSION;;HYDROGEL_PACK;XIREC;9992.0;4
574700;SUBMISSION;;HYDROGEL_PACK;XIREC;9990.0;11
574700;SUBMISSION;;HYDROGEL_PACK;XIREC;9992.0;3
574800;SUBMISSION;;HYDROGEL_PACK;XIREC;9988.0;12
574800;SUBMISSION;;HYDROGEL_PACK;XIREC;9990.0;6
574900;SUBMISSION;;HYDROGEL_PACK;XIREC;9988.0;11
574900;SUBMISSION;;HYDROGEL_PACK;XIREC;9991.0;7
575000;SUBMISSION;;HYDROGEL_PACK;XIREC;9989.0;12
575000;SUBMISSION;;HYDROGEL_PACK;XIREC;9992.0;4
575100;SUBMISSION;;HYDROGEL_PACK;XIREC;9988.0;13
575100;SUBMISSION;;HYDROGEL_PACK;XIREC;9991.0;4
575200;SUBMISSION;;HYDROGEL_PACK;XIREC;9990.0;10
575200;SUBMISSION;;HYDROGEL_PACK;XIREC;9992.0;4
575300;SUBMISSION;;HYDROGEL_PACK;XIREC;9990.0;12
575300;SUBMISSION;;HYDROGEL_PACK;XIREC;9992.0;2
575300;Mark 49;Mark 22;VELVETFRUIT_EXTRACT;XIREC;5221.0;7
575400;SUBMISSION;;HYDROGEL_PACK;XIREC;9992.0;10
575500;SUBMISSION;;HYDROGEL_PACK;XIREC;9992.0;10
575600;SUBMISSION;;HYDROGEL_PACK;XIREC;9993.0;9
575700;SUBMISSION;;HYDROGEL_PACK;XIREC;9990.0;11
575700;SUBMISSION;;HYDROGEL_PACK;XIREC;9993.0;3
575800;SUBMISSION;;HYDROGEL_PACK;XIREC;9990.0;11
575800;SUBMISSION;;HYDROGEL_PACK;XIREC;9993.0;3
575900;SUBMISSION;;HYDROGEL_PACK;XIREC;9989.0;5
577200;Mark 14;Mark 38;VEV_4000;XIREC;1206.0;2
578300;Mark 38;Mark 14;HYDROGEL_PACK;XIREC;9993.0;5
578300;Mark 55;Mark 01;VELVETFRUIT_EXTRACT;XIREC;5223.0;8
578400;Mark 01;Mark 55;VELVETFRUIT_EXTRACT;XIREC;5218.0;3
578500;SUBMISSION;Mark 38;HYDROGEL_PACK;XIREC;9979.0;2
579000;Mark 38;SUBMISSION;VEV_4000;XIREC;1233.0;3
579400;SUBMISSION;;HYDROGEL_PACK;XIREC;9986.0;4
579500;SUBMISSION;;HYDROGEL_PACK;XIREC;9984.0;4
579600;SUBMISSION;;HYDROGEL_PACK;XIREC;9983.0;3
579900;SUBMISSION;;HYDROGEL_PACK;XIREC;9982.0;1
580600;SUBMISSION;;VEV_4000;XIREC;1222.0;5
580600;SUBMISSION;;VEV_4500;XIREC;722.0;2
580600;;SUBMISSION;VEV_5100;XIREC;134.0;12
580600;Mark 01;Mark 22;VEV_5300;XIREC;25.0;5
580600;Mark 01;Mark 22;VEV_5400;XIREC;5.0;5
580600;Mark 01;Mark 22;VEV_5500;XIREC;1.0;5
580600;Mark 01;Mark 22;VEV_6000;XIREC;0.0;5
580600;Mark 01;Mark 22;VEV_6500;XIREC;0.0;5
580700;SUBMISSION;;VEV_5100;XIREC;138.0;2
580900;SUBMISSION;;VEV_5100;XIREC;139.0;8
581000;SUBMISSION;;VEV_5100;XIREC;138.0;1
583100;SUBMISSION;;VEV_4000;XIREC;1220.0;2
583100;SUBMISSION;;VEV_4500;XIREC;720.0;2
583100;;SUBMISSION;VEV_5100;XIREC;132.0;27
583100;Mark 01;Mark 22;VEV_5400;XIREC;5.0;2
583100;Mark 01;Mark 22;VEV_5500;XIREC;1.0;2
583100;Mark 01;Mark 22;VEV_6000;XIREC;0.0;2
583100;Mark 01;Mark 22;VEV_6500;XIREC;0.0;2
583200;SUBMISSION;;VEV_5100;XIREC;136.0;8
583300;SUBMISSION;;VEV_5100;XIREC;137.0;9
583400;SUBMISSION;;VEV_5100;XIREC;137.0;1
583500;SUBMISSION;;VEV_5100;XIREC;136.0;1
584300;SUBMISSION;;VEV_4000;XIREC;1218.0;2
584300;SUBMISSION;;VEV_4500;XIREC;718.0;2
584300;;SUBMISSION;VEV_5100;XIREC;131.0;24
584300;Mark 01;Mark 22;VEV_5300;XIREC;24.0;2
584300;Mark 01;Mark 22;VEV_5400;XIREC;5.0;2
584300;Mark 01;Mark 22;VEV_5500;XIREC;1.0;2
584300;Mark 01;Mark 22;VEV_6000;XIREC;0.0;2
584300;Mark 01;Mark 22;VEV_6500;XIREC;0.0;2
584400;SUBMISSION;;VEV_5100;XIREC;134.0;11
584400;Mark 55;Mark 14;VELVETFRUIT_EXTRACT;XIREC;5220.0;6
584500;SUBMISSION;;VEV_5100;XIREC;133.0;6
584500;SUBMISSION;;VEV_5100;XIREC;134.0;2
584600;SUBMISSION;;VEV_5100;XIREC;133.0;4
584600;SUBMISSION;;VEV_5100;XIREC;133.0;4
587400;Mark 01;Mark 55;VELVETFRUIT_EXTRACT;XIREC;5213.0;6
587700;Mark 55;Mark 14;VELVETFRUIT_EXTRACT;XIREC;5218.0;8
588300;Mark 67;Mark 22;VELVETFRUIT_EXTRACT;XIREC;5216.0;5
589500;SUBMISSION;;VEV_5100;XIREC;139.0;5
589800;Mark 14;Mark 55;VELVETFRUIT_EXTRACT;XIREC;5223.0;4
590000;Mark 38;SUBMISSION;HYDROGEL_PACK;XIREC;10017.0;4
590500;SUBMISSION;Mark 38;HYDROGEL_PACK;XIREC;9994.0;3
590600;SUBMISSION;;VEV_5100;XIREC;137.0;1
590600;SUBMISSION;;VEV_5100;XIREC;137.0;1
591200;Mark 38;SUBMISSION;HYDROGEL_PACK;XIREC;10015.0;5
591700;Mark 01;Mark 55;VELVETFRUIT_EXTRACT;XIREC;5218.0;4
592700;;SUBMISSION;HYDROGEL_PACK;XIREC;10005.0;3
592800;;SUBMISSION;HYDROGEL_PACK;XIREC;10006.0;5
592900;;SUBMISSION;HYDROGEL_PACK;XIREC;10007.0;7
593000;;SUBMISSION;HYDROGEL_PACK;XIREC;10007.0;7
593100;;SUBMISSION;HYDROGEL_PACK;XIREC;10006.0;5
593200;;SUBMISSION;HYDROGEL_PACK;XIREC;10004.0;1
593300;;SUBMISSION;HYDROGEL_PACK;XIREC;10005.0;3
594300;Mark 14;Mark 55;VELVETFRUIT_EXTRACT;XIREC;5219.0;4
595300;;SUBMISSION;HYDROGEL_PACK;XIREC;10004.0;2
595400;;SUBMISSION;HYDROGEL_PACK;XIREC;10004.0;2
595400;Mark 22;Mark 55;VELVETFRUIT_EXTRACT;XIREC;5219.0;5
595500;;SUBMISSION;HYDROGEL_PACK;XIREC;10005.0;4
595600;;SUBMISSION;HYDROGEL_PACK;XIREC;10005.0;4
595700;;SUBMISSION;HYDROGEL_PACK;XIREC;10006.0;6
595800;;SUBMISSION;HYDROGEL_PACK;XIREC;10004.0;2
596000;;SUBMISSION;HYDROGEL_PACK;XIREC;10006.0;6
596100;;SUBMISSION;HYDROGEL_PACK;XIREC;10007.0;9
596200;;SUBMISSION;HYDROGEL_PACK;XIREC;10009.0;13
596300;;SUBMISSION;HYDROGEL_PACK;XIREC;10011.0;10
596300;;SUBMISSION;HYDROGEL_PACK;XIREC;10009.0;8
596400;;SUBMISSION;HYDROGEL_PACK;XIREC;10010.0;11
596400;;SUBMISSION;HYDROGEL_PACK;XIREC;10008.0;4
596500;;SUBMISSION;HYDROGEL_PACK;XIREC;10010.0;14
596500;;SUBMISSION;HYDROGEL_PACK;XIREC;10007.0;1
596600;;SUBMISSION;HYDROGEL_PACK;XIREC;10011.0;14
596600;;SUBMISSION;HYDROGEL_PACK;XIREC;10008.0;4
596700;;SUBMISSION;HYDROGEL_PACK;XIREC;10010.0;11
596700;;SUBMISSION;HYDROGEL_PACK;XIREC;10008.0;4
596800;;SUBMISSION;HYDROGEL_PACK;XIREC;10012.0;14
596800;;SUBMISSION;HYDROGEL_PACK;XIREC;10009.0;6
596900;;SUBMISSION;HYDROGEL_PACK;XIREC;10012.0;15
596900;;SUBMISSION;HYDROGEL_PACK;XIREC;10010.0;5
597000;;SUBMISSION;HYDROGEL_PACK;XIREC;10015.0;13
597000;;SUBMISSION;HYDROGEL_PACK;XIREC;10012.0;13
597100;;SUBMISSION;HYDROGEL_PACK;XIREC;10014.0;12
597100;;SUBMISSION;HYDROGEL_PACK;XIREC;10011.0;12
597200;;SUBMISSION;HYDROGEL_PACK;XIREC;10013.0;4
597500;;SUBMISSION;HYDROGEL_PACK;XIREC;10014.0;2
598600;;SUBMISSION;HYDROGEL_PACK;XIREC;10015.0;2
598800;;SUBMISSION;HYDROGEL_PACK;XIREC;10019.0;10
601600;Mark 14;Mark 55;VELVETFRUIT_EXTRACT;XIREC;5223.0;4
602500;;SUBMISSION;HYDROGEL_PACK;XIREC;10023.0;4
602800;;SUBMISSION;HYDROGEL_PACK;XIREC;10024.0;1
602800;Mark 01;Mark 55;VELVETFRUIT_EXTRACT;XIREC;5218.0;5
604800;SUBMISSION;Mark 38;HYDROGEL_PACK;XIREC;9999.0;5
605800;Mark 01;Mark 55;VELVETFRUIT_EXTRACT;XIREC;5221.0;4
607100;SUBMISSION;Mark 38;HYDROGEL_PACK;XIREC;9999.0;3
607900;Mark 38;SUBMISSION;HYDROGEL_PACK;XIREC;10008.0;3
610000;Mark 55;Mark 01;VELVETFRUIT_EXTRACT;XIREC;5223.0;5
610300;Mark 38;SUBMISSION;HYDROGEL_PACK;XIREC;10021.0;5
612700;;SUBMISSION;VEV_5100;XIREC;140.0;9
612700;Mark 01;Mark 22;VEV_5300;XIREC;27.0;2
612700;Mark 01;Mark 22;VEV_5400;XIREC;6.0;2
612700;Mark 01;Mark 22;VEV_5500;XIREC;1.0;2
612700;Mark 01;Mark 22;VEV_6000;XIREC;0.0;2
612700;Mark 01;Mark 22;VEV_6500;XIREC;0.0;2
614400;Mark 55;Mark 01;VELVETFRUIT_EXTRACT;XIREC;5243.0;3
614800;Mark 01;Mark 22;VEV_5400;XIREC;7.0;2
614800;Mark 01;Mark 22;VEV_5500;XIREC;1.0;2
614800;Mark 01;Mark 22;VEV_6000;XIREC;0.0;2
614800;Mark 01;Mark 22;VEV_6500;XIREC;0.0;2
615400;Mark 38;SUBMISSION;HYDROGEL_PACK;XIREC;10014.0;3
616000;Mark 14;Mark 55;VELVETFRUIT_EXTRACT;XIREC;5230.0;6
616700;Mark 67;Mark 49;VELVETFRUIT_EXTRACT;XIREC;5230.0;14
617100;SUBMISSION;;VEV_5100;XIREC;144.0;1
617200;SUBMISSION;;VEV_5100;XIREC;144.0;1
618400;Mark 14;Mark 38;VEV_4000;XIREC;1219.0;2
618500;Mark 14;Mark 38;HYDROGEL_PACK;XIREC;10007.0;2
619300;SUBMISSION;;VEV_5100;XIREC;141.0;1
619500;SUBMISSION;;VEV_5100;XIREC;140.0;1
619500;SUBMISSION;;VEV_5100;XIREC;140.0;1
620100;Mark 38;SUBMISSION;HYDROGEL_PACK;XIREC;10024.0;6
620900;SUBMISSION;;VEV_5100;XIREC;135.0;1
620900;SUBMISSION;;VEV_5100;XIREC;135.0;1
621000;SUBMISSION;;VEV_4000;XIREC;1220.0;5
621000;SUBMISSION;;VEV_4500;XIREC;720.0;5
621000;;SUBMISSION;VEV_5100;XIREC;132.0;29
621000;Mark 01;Mark 22;VEV_5400;XIREC;5.0;5
621000;Mark 01;Mark 22;VEV_5500;XIREC;1.0;5
621000;Mark 01;Mark 22;VEV_6000;XIREC;0.0;5
621000;Mark 01;Mark 22;VEV_6500;XIREC;0.0;5
621100;SUBMISSION;;VEV_5100;XIREC;136.0;25
621200;SUBMISSION;;VEV_5100;XIREC;136.0;3
621400;SUBMISSION;;VEV_5100;XIREC;134.0;1
621500;Mark 38;SUBMISSION;HYDROGEL_PACK;XIREC;10019.0;6
621600;Mark 55;Mark 14;VELVETFRUIT_EXTRACT;XIREC;5221.0;8
622500;SUBMISSION;;VEV_4000;XIREC;1221.0;2
622500;SUBMISSION;;VEV_4500;XIREC;721.0;2
622500;Mark 14;Mark 22;VEV_5200;XIREC;66.0;2
622500;Mark 01;Mark 22;VEV_5300;XIREC;25.0;2
622500;Mark 01;Mark 22;VEV_5400;XIREC;5.0;2
622500;Mark 01;Mark 22;VEV_5500;XIREC;1.0;2
622500;Mark 01;Mark 22;VEV_6000;XIREC;0.0;2
622500;Mark 01;Mark 22;VEV_6500;XIREC;0.0;2
624000;Mark 38;SUBMISSION;HYDROGEL_PACK;XIREC;10012.0;5
624200;SUBMISSION;;VEV_4000;XIREC;1223.0;5
624200;SUBMISSION;;VEV_4500;XIREC;723.0;2
624200;;SUBMISSION;VEV_5100;XIREC;135.0;6
624200;Mark 14;Mark 22;VEV_5200;XIREC;67.0;5
624200;Mark 01;Mark 22;VEV_5400;XIREC;5.0;5
624200;Mark 01;Mark 22;VEV_5500;XIREC;1.0;5
624200;Mark 01;Mark 22;VEV_6000;XIREC;0.0;5
624200;Mark 01;Mark 22;VEV_6500;XIREC;0.0;5
624500;Mark 01;Mark 55;VELVETFRUIT_EXTRACT;XIREC;5221.0;4
624700;Mark 38;SUBMISSION;VEV_4000;XIREC;1235.0;3
626200;SUBMISSION;;HYDROGEL_PACK;XIREC;10002.0;1
626300;SUBMISSION;;HYDROGEL_PACK;XIREC;10001.0;4
626300;Mark 14;Mark 55;VELVETFRUIT_EXTRACT;XIREC;5234.0;5
626400;SUBMISSION;;HYDROGEL_PACK;XIREC;10002.0;1
626700;SUBMISSION;;HYDROGEL_PACK;XIREC;10001.0;4
626800;SUBMISSION;;HYDROGEL_PACK;XIREC;10000.0;7
626900;SUBMISSION;;HYDROGEL_PACK;XIREC;9999.0;10
627000;SUBMISSION;;HYDROGEL_PACK;XIREC;9997.0;15
627100;SUBMISSION;;HYDROGEL_PACK;XIREC;9998.0;12
627200;SUBMISSION;;HYDROGEL_PACK;XIREC;9999.0;9
627300;SUBMISSION;;HYDROGEL_PACK;XIREC;10000.0;7
627400;SUBMISSION;;HYDROGEL_PACK;XIREC;10000.0;7
627500;SUBMISSION;;HYDROGEL_PACK;XIREC;10000.0;7
627700;SUBMISSION;;HYDROGEL_PACK;XIREC;10000.0;7
627700;;SUBMISSION;VEV_5100;XIREC;148.0;8
627700;Mark 01;Mark 22;VEV_5200;XIREC;76.0;2
627700;Mark 01;Mark 22;VEV_5300;XIREC;30.0;2
627700;Mark 01;Mark 22;VEV_5400;XIREC;7.0;2
627700;Mark 01;Mark 22;VEV_6000;XIREC;0.0;2
627700;Mark 01;Mark 22;VEV_6500;XIREC;0.0;2
627800;SUBMISSION;;HYDROGEL_PACK;XIREC;9999.0;10
627900;SUBMISSION;;HYDROGEL_PACK;XIREC;10001.0;4
628000;SUBMISSION;;HYDROGEL_PACK;XIREC;10001.0;4
628100;SUBMISSION;;HYDROGEL_PACK;XIREC;10002.0;1
628200;SUBMISSION;;HYDROGEL_PACK;XIREC;10001.0;4
628300;SUBMISSION;;HYDROGEL_PACK;XIREC;10002.0;1
628400;SUBMISSION;;HYDROGEL_PACK;XIREC;9999.0;10
628500;SUBMISSION;;HYDROGEL_PACK;XIREC;9997.0;12
628500;SUBMISSION;;HYDROGEL_PACK;XIREC;10000.0;3
628600;SUBMISSION;;HYDROGEL_PACK;XIREC;9995.0;11
628600;SUBMISSION;;HYDROGEL_PACK;XIREC;9998.0;10
628700;SUBMISSION;;HYDROGEL_PACK;XIREC;9996.0;15
628700;SUBMISSION;;HYDROGEL_PACK;XIREC;9999.0;3
628800;SUBMISSION;;HYDROGEL_PACK;XIREC;9993.0;10
628800;SUBMISSION;;HYDROGEL_PACK;XIREC;9996.0;16
628900;SUBMISSION;;HYDROGEL_PACK;XIREC;9992.0;10
628900;SUBMISSION;;HYDROGEL_PACK;XIREC;9994.0;19
629000;SUBMISSION;;HYDROGEL_PACK;XIREC;9991.0;13
629000;SUBMISSION;;HYDROGEL_PACK;XIREC;9993.0;18
629100;SUBMISSION;;HYDROGEL_PACK;XIREC;9993.0;10
629100;SUBMISSION;;HYDROGEL_PACK;XIREC;9995.0;16
629300;SUBMISSION;;VEV_5100;XIREC;145.0;5
629500;SUBMISSION;;VEV_5100;XIREC;143.0;1
629500;SUBMISSION;;VEV_5100;XIREC;143.0;1
629800;SUBMISSION;;HYDROGEL_PACK;XIREC;9994.0;3
629900;SUBMISSION;;HYDROGEL_PACK;XIREC;9991.0;10
630000;SUBMISSION;;HYDROGEL_PACK;XIREC;9990.0;3
630100;Mark 01;Mark 55;VELVETFRUIT_EXTRACT;XIREC;5227.0;6
630300;SUBMISSION;;HYDROGEL_PACK;XIREC;9988.0;5
630400;SUBMISSION;;HYDROGEL_PACK;XIREC;9987.0;3
630700;Mark 14;Mark 38;VEV_4000;XIREC;1222.0;1
630900;SUBMISSION;Mark 38;HYDROGEL_PACK;XIREC;9975.0;2
631300;Mark 01;Mark 22;VEV_5300;XIREC;29.0;5
631300;Mark 01;Mark 22;VEV_5400;XIREC;6.0;5
631300;Mark 01;Mark 22;VEV_5500;XIREC;1.0;5
631300;Mark 01;Mark 22;VEV_6000;XIREC;0.0;5
631300;Mark 01;Mark 22;VEV_6500;XIREC;0.0;5
631500;;SUBMISSION;VEV_5100;XIREC;144.0;23
631500;Mark 01;Mark 22;VEV_5300;XIREC;29.0;2
631500;Mark 01;Mark 22;VEV_5400;XIREC;6.0;2
631500;Mark 01;Mark 22;VEV_5500;XIREC;1.0;2
631500;Mark 01;Mark 22;VEV_6000;XIREC;0.0;2
631500;Mark 01;Mark 22;VEV_6500;XIREC;0.0;2
631800;SUBMISSION;;VEV_5100;XIREC;146.0;20
631900;SUBMISSION;;VEV_5100;XIREC;145.0;2
632400;Mark 55;Mark 14;VELVETFRUIT_EXTRACT;XIREC;5232.0;4
632500;Mark 01;Mark 55;VELVETFRUIT_EXTRACT;XIREC;5227.0;4
633200;Mark 55;Mark 14;VELVETFRUIT_EXTRACT;XIREC;5232.0;3
633800;Mark 38;Mark 14;HYDROGEL_PACK;XIREC;9989.0;6
634500;;SUBMISSION;VEV_5100;XIREC;143.0;27
634500;Mark 14;Mark 22;VEV_5300;XIREC;29.0;2
634500;Mark 01;Mark 22;VEV_5400;XIREC;6.0;2
634500;Mark 01;Mark 22;VEV_5500;XIREC;1.0;2
634500;Mark 01;Mark 22;VEV_6000;XIREC;0.0;2
634500;Mark 01;Mark 22;VEV_6500;XIREC;0.0;2
634600;SUBMISSION;;VEV_5100;XIREC;146.0;9
634600;SUBMISSION;;VEV_5100;XIREC;147.0;12
634700;SUBMISSION;;VEV_5100;XIREC;146.0;11
636600;Mark 55;Mark 14;VELVETFRUIT_EXTRACT;XIREC;5238.0;7
641800;Mark 14;Mark 38;VEV_4000;XIREC;1231.0;2
642300;Mark 38;Mark 14;HYDROGEL_PACK;XIREC;9985.0;5
642500;Mark 01;Mark 22;VEV_5300;XIREC;32.0;3
642500;Mark 14;Mark 22;VEV_5400;XIREC;8.0;3
642500;Mark 01;Mark 22;VEV_5500;XIREC;2.0;3
642500;Mark 01;Mark 22;VEV_6000;XIREC;0.0;3
642500;Mark 01;Mark 22;VEV_6500;XIREC;0.0;3
643500;;SUBMISSION;VELVETFRUIT_EXTRACT;XIREC;5247.0;7
