timestamp;buyer;seller;symbol;currency;price;quantity
0;SUBMISSION;;ASH_COATED_OSMIUM;XIREC;9996.0;6
0;SUBMISSION;;INTARIAN_PEPPER_ROOT;XIREC;12006.0;9
0;SUBMISSION;;INTARIAN_PEPPER_ROOT;XIREC;12009.0;25
100;SUBMISSION;;INTARIAN_PEPPER_ROOT;XIREC;12007.0;8
300;SUBMISSION;;INTARIAN_PEPPER_ROOT;XIREC;12007.0;8
400;;SUBMISSION;ASH_COATED_OSMIUM;XIREC;10003.0;8
400;SUBMISSION;;INTARIAN_PEPPER_ROOT;XIREC;12007.0;10
500;SUBMISSION;;INTARIAN_PEPPER_ROOT;XIREC;12007.0;9
700;SUBMISSION;;INTARIAN_PEPPER_ROOT;XIREC;12007.0;9
800;SUBMISSION;;INTARIAN_PEPPER_ROOT;XIREC;12007.0;2
3600;;SUBMISSION;ASH_COATED_OSMIUM;XIREC;10008.0;3
4200;;SUBMISSION;ASH_COATED_OSMIUM;XIREC;10010.0;2
4400;;;INTARIAN_PEPPER_ROOT;XIREC;12011.0;5
4800;;;INTARIAN_PEPPER_ROOT;XIREC;12008.0;3
5000;;;INTARIAN_PEPPER_ROOT;XIREC;11998.0;5
7600;SUBMISSION;;ASH_COATED_OSMIUM;XIREC;9998.0;5
9100;SUBMISSION;;ASH_COATED_OSMIUM;XIREC;9999.0;4
9400;SUBMISSION;;ASH_COATED_OSMIUM;XIREC;9998.0;10
9600;SUBMISSION;;ASH_COATED_OSMIUM;XIREC;9994.0;6
10000;SUBMISSION;;ASH_COATED_OSMIUM;XIREC;9995.0;8
12100;SUBMISSION;;ASH_COATED_OSMIUM;XIREC;9995.0;5
14000;;SUBMISSION;ASH_COATED_OSMIUM;XIREC;10010.0;3
15100;;SUBMISSION;ASH_COATED_OSMIUM;XIREC;10009.0;2
15100;;SUBMISSION;ASH_COATED_OSMIUM;XIREC;10009.0;8
15500;;SUBMISSION;ASH_COATED_OSMIUM;XIREC;10003.0;10
17400;;;INTARIAN_PEPPER_ROOT;XIREC;12013.0;3
18500;;SUBMISSION;ASH_COATED_OSMIUM;XIREC;10009.0;6
19800;SUBMISSION;;ASH_COATED_OSMIUM;XIREC;9998.0;4
23000;;;INTARIAN_PEPPER_ROOT;XIREC;12016.0;4
23100;;;INTARIAN_PEPPER_ROOT;XIREC;12019.0;4
23900;SUBMISSION;;ASH_COATED_OSMIUM;XIREC;9991.0;4
24300;SUBMISSION;;ASH_COATED_OSMIUM;XIREC;9994.0;4
24400;SUBMISSION;;ASH_COATED_OSMIUM;XIREC;9998.0;9
24600;SUBMISSION;;ASH_COATED_OSMIUM;XIREC;9993.0;3
28000;;SUBMISSION;ASH_COATED_OSMIUM;XIREC;10002.0;4
30400;;;ASH_COATED_OSMIUM;XIREC;10009.0;2
30400;;;INTARIAN_PEPPER_ROOT;XIREC;12037.0;6
32800;SUBMISSION;;ASH_COATED_OSMIUM;XIREC;9998.0;9
32800;SUBMISSION;;ASH_COATED_OSMIUM;XIREC;9993.0;4
34000;;SUBMISSION;ASH_COATED_OSMIUM;XIREC;10009.0;7
34400;;;INTARIAN_PEPPER_ROOT;XIREC;12041.0;3
34500;;;ASH_COATED_OSMIUM;XIREC;9993.0;8
35700;;;INTARIAN_PEPPER_ROOT;XIREC;12045.0;7
35700;;;INTARIAN_PEPPER_ROOT;XIREC;12039.0;3
35800;;;INTARIAN_PEPPER_ROOT;XIREC;12032.0;7
36500;;SUBMISSION;ASH_COATED_OSMIUM;XIREC;10009.0;3
37800;;SUBMISSION;ASH_COATED_OSMIUM;XIREC;10003.0;8
37900;SUBMISSION;;ASH_COATED_OSMIUM;XIREC;9991.0;4
38400;;SUBMISSION;ASH_COATED_OSMIUM;XIREC;10008.0;3
38500;;;INTARIAN_PEPPER_ROOT;XIREC;12032.0;5
39100;;;ASH_COATED_OSMIUM;XIREC;10009.0;6
39900;;SUBMISSION;ASH_COATED_OSMIUM;XIREC;10009.0;7
41500;;SUBMISSION;ASH_COATED_OSMIUM;XIREC;10008.0;5
42800;;;INTARIAN_PEPPER_ROOT;XIREC;12049.0;5
44700;;;INTARIAN_PEPPER_ROOT;XIREC;12041.0;8
45200;SUBMISSION;;ASH_COATED_OSMIUM;XIREC;9998.0;6
50900;SUBMISSION;;ASH_COATED_OSMIUM;XIREC;9991.0;5
51400;;;INTARIAN_PEPPER_ROOT;XIREC;12045.0;4
52600;;;INTARIAN_PEPPER_ROOT;XIREC;12056.0;8
53800;SUBMISSION;;ASH_COATED_OSMIUM;XIREC;9995.0;8
54600;SUBMISSION;;ASH_COATED_OSMIUM;XIREC;9989.0;6
56400;SUBMISSION;;ASH_COATED_OSMIUM;XIREC;9997.0;3
56500;SUBMISSION;;ASH_COATED_OSMIUM;XIREC;9997.0;4
57000;;;INTARIAN_PEPPER_ROOT;XIREC;12067.0;4
58400;SUBMISSION;;ASH_COATED_OSMIUM;XIREC;9988.0;3
59500;;SUBMISSION;ASH_COATED_OSMIUM;XIREC;10001.0;2
59700;SUBMISSION;;ASH_COATED_OSMIUM;XIREC;9996.0;3
60300;SUBMISSION;;ASH_COATED_OSMIUM;XIREC;9992.0;9
62000;;SUBMISSION;ASH_COATED_OSMIUM;XIREC;10004.0;6
63700;SUBMISSION;;ASH_COATED_OSMIUM;XIREC;9990.0;2
64300;;;INTARIAN_PEPPER_ROOT;XIREC;12060.0;3
64900;;SUBMISSION;ASH_COATED_OSMIUM;XIREC;10003.0;4
65300;SUBMISSION;;ASH_COATED_OSMIUM;XIREC;9986.0;2
65500;SUBMISSION;;ASH_COATED_OSMIUM;XIREC;9994.0;8
67600;;;INTARIAN_PEPPER_ROOT;XIREC;12071.0;4
68000;;SUBMISSION;ASH_COATED_OSMIUM;XIREC;10004.0;3
70400;;;INTARIAN_PEPPER_ROOT;XIREC;12074.0;5
71500;;;INTARIAN_PEPPER_ROOT;XIREC;12067.0;4
73700;;;INTARIAN_PEPPER_ROOT;XIREC;12067.0;4
76300;SUBMISSION;;ASH_COATED_OSMIUM;XIREC;9994.0;6
76500;;SUBMISSION;ASH_COATED_OSMIUM;XIREC;10011.0;8
77200;;;INTARIAN_PEPPER_ROOT;XIREC;12071.0;3
80200;;;INTARIAN_PEPPER_ROOT;XIREC;12074.0;5
83700;;SUBMISSION;ASH_COATED_OSMIUM;XIREC;10004.0;2
84400;;;INTARIAN_PEPPER_ROOT;XIREC;12088.0;5
84600;;;INTARIAN_PEPPER_ROOT;XIREC;12091.0;6
84800;;;INTARIAN_PEPPER_ROOT;XIREC;12088.0;5
85500;SUBMISSION;;ASH_COATED_OSMIUM;XIREC;9989.0;7
85700;SUBMISSION;;ASH_COATED_OSMIUM;XIREC;9995.0;8
85700;;;ASH_COATED_OSMIUM;XIREC;9995.0;3
85900;SUBMISSION;;ASH_COATED_OSMIUM;XIREC;9987.0;5
87400;;;INTARIAN_PEPPER_ROOT;XIREC;12081.0;3
87800;;SUBMISSION;ASH_COATED_OSMIUM;XIREC;10000.0;5
87900;SUBMISSION;;ASH_COATED_OSMIUM;XIREC;9993.0;5
88300;;SUBMISSION;ASH_COATED_OSMIUM;XIREC;10010.0;2
89700;;SUBMISSION;ASH_COATED_OSMIUM;XIREC;10004.0;9
90200;;SUBMISSION;ASH_COATED_OSMIUM;XIREC;10010.0;10
90700;;SUBMISSION;ASH_COATED_OSMIUM;XIREC;10010.0;2
90800;SUBMISSION;;ASH_COATED_OSMIUM;XIREC;9996.0;6
91700;;;INTARIAN_PEPPER_ROOT;XIREC;12088.0;8
92500;;;INTARIAN_PEPPER_ROOT;XIREC;12099.0;7
93000;;SUBMISSION;ASH_COATED_OSMIUM;XIREC;10004.0;8
95900;;SUBMISSION;ASH_COATED_OSMIUM;XIREC;10007.0;3
96900;;SUBMISSION;ASH_COATED_OSMIUM;XIREC;10006.0;6
96900;;SUBMISSION;ASH_COATED_OSMIUM;XIREC;10006.0;8
97200;;;INTARIAN_PEPPER_ROOT;XIREC;12104.0;7
97900;;SUBMISSION;ASH_COATED_OSMIUM;XIREC;10002.0;6
103700;;SUBMISSION;ASH_COATED_OSMIUM;XIREC;10003.0;9
105900;;SUBMISSION;ASH_COATED_OSMIUM;XIREC;10012.0;5
107000;;;INTARIAN_PEPPER_ROOT;XIREC;12114.0;7
107200;SUBMISSION;;ASH_COATED_OSMIUM;XIREC;9996.0;3
108800;;;INTARIAN_PEPPER_ROOT;XIREC;12112.0;3
109800;;;INTARIAN_PEPPER_ROOT;XIREC;12116.0;4
109800;;;INTARIAN_PEPPER_ROOT;XIREC;12113.0;3
111600;SUBMISSION;;ASH_COATED_OSMIUM;XIREC;9994.0;5
114700;SUBMISSION;;ASH_COATED_OSMIUM;XIREC;9996.0;3
116100;SUBMISSION;;ASH_COATED_OSMIUM;XIREC;9994.0;8
117500;;;INTARIAN_PEPPER_ROOT;XIREC;12111.0;6
117600;;SUBMISSION;ASH_COATED_OSMIUM;XIREC;10002.0;3
120100;;;INTARIAN_PEPPER_ROOT;XIREC;12127.0;4
121500;;SUBMISSION;ASH_COATED_OSMIUM;XIREC;10005.0;5
122000;;SUBMISSION;ASH_COATED_OSMIUM;XIREC;10011.0;10
122300;;SUBMISSION;ASH_COATED_OSMIUM;XIREC;10011.0;5
122400;;;INTARIAN_PEPPER_ROOT;XIREC;12129.0;7
122600;SUBMISSION;;ASH_COATED_OSMIUM;XIREC;10000.0;9
124500;SUBMISSION;;ASH_COATED_OSMIUM;XIREC;9993.0;2
126400;SUBMISSION;;ASH_COATED_OSMIUM;XIREC;9994.0;6
126500;SUBMISSION;;ASH_COATED_OSMIUM;XIREC;9994.0;6
126800;SUBMISSION;;ASH_COATED_OSMIUM;XIREC;9998.0;5
127800;;SUBMISSION;ASH_COATED_OSMIUM;XIREC;10011.0;2
127800;;;INTARIAN_PEPPER_ROOT;XIREC;12121.0;3
129500;;;INTARIAN_PEPPER_ROOT;XIREC;12136.0;3
129900;;SUBMISSION;ASH_COATED_OSMIUM;XIREC;10002.0;9
130300;;SUBMISSION;ASH_COATED_OSMIUM;XIREC;10010.0;2
131000;;SUBMISSION;ASH_COATED_OSMIUM;XIREC;10007.0;9
131100;;;INTARIAN_PEPPER_ROOT;XIREC;12138.0;4
131400;;SUBMISSION;ASH_COATED_OSMIUM;XIREC;10008.0;2
132300;;;INTARIAN_PEPPER_ROOT;XIREC;12126.0;3
132400;SUBMISSION;;ASH_COATED_OSMIUM;XIREC;9997.0;5
137700;;SUBMISSION;ASH_COATED_OSMIUM;XIREC;10011.0;3
138000;;;INTARIAN_PEPPER_ROOT;XIREC;12131.0;4
138700;;;INTARIAN_PEPPER_ROOT;XIREC;12142.0;3
139400;SUBMISSION;;ASH_COATED_OSMIUM;XIREC;9996.0;6
139400;SUBMISSION;;ASH_COATED_OSMIUM;XIREC;9996.0;5
141900;;;INTARIAN_PEPPER_ROOT;XIREC;12135.0;4
142000;SUBMISSION;;ASH_COATED_OSMIUM;XIREC;9995.0;2
142200;SUBMISSION;;ASH_COATED_OSMIUM;XIREC;9995.0;6
142300;;;INTARIAN_PEPPER_ROOT;XIREC;12145.0;6
146700;;SUBMISSION;ASH_COATED_OSMIUM;XIREC;10009.0;6
148200;;;INTARIAN_PEPPER_ROOT;XIREC;12142.0;7
149500;;SUBMISSION;ASH_COATED_OSMIUM;XIREC;10011.0;9
153200;SUBMISSION;;ASH_COATED_OSMIUM;XIREC;9997.0;5
154600;SUBMISSION;;ASH_COATED_OSMIUM;XIREC;9996.0;2
155300;;SUBMISSION;ASH_COATED_OSMIUM;XIREC;10011.0;10
155500;;SUBMISSION;ASH_COATED_OSMIUM;XIREC;10011.0;6
155700;;SUBMISSION;ASH_COATED_OSMIUM;XIREC;10014.0;7
155800;SUBMISSION;;ASH_COATED_OSMIUM;XIREC;9998.0;5
158200;SUBMISSION;;ASH_COATED_OSMIUM;XIREC;9999.0;5
164100;;;INTARIAN_PEPPER_ROOT;XIREC;12167.0;5
164200;;;INTARIAN_PEPPER_ROOT;XIREC;12160.0;7
165300;SUBMISSION;;ASH_COATED_OSMIUM;XIREC;9999.0;5
165500;;SUBMISSION;ASH_COATED_OSMIUM;XIREC;10008.0;4
166100;;SUBMISSION;ASH_COATED_OSMIUM;XIREC;10004.0;4
169400;;SUBMISSION;ASH_COATED_OSMIUM;XIREC;10006.0;8
170300;;;INTARIAN_PEPPER_ROOT;XIREC;12177.0;7
170500;;;INTARIAN_PEPPER_ROOT;XIREC;12174.0;7
172700;;SUBMISSION;ASH_COATED_OSMIUM;XIREC;10014.0;4
173100;;SUBMISSION;ASH_COATED_OSMIUM;XIREC;10008.0;2
177700;SUBMISSION;;ASH_COATED_OSMIUM;XIREC;9999.0;10
177900;;;INTARIAN_PEPPER_ROOT;XIREC;12171.0;5
179700;;SUBMISSION;ASH_COATED_OSMIUM;XIREC;10005.0;4
181600;SUBMISSION;;ASH_COATED_OSMIUM;XIREC;10000.0;2
182700;SUBMISSION;;ASH_COATED_OSMIUM;XIREC;9999.0;5
184100;;SUBMISSION;ASH_COATED_OSMIUM;XIREC;10003.0;4
184700;;SUBMISSION;ASH_COATED_OSMIUM;XIREC;10008.0;4
184700;;;ASH_COATED_OSMIUM;XIREC;10008.0;5
184800;;;ASH_COATED_OSMIUM;XIREC;9999.0;4
185500;;;INTARIAN_PEPPER_ROOT;XIREC;12189.0;5
185900;SUBMISSION;;ASH_COATED_OSMIUM;XIREC;10001.0;10
186800;SUBMISSION;;ASH_COATED_OSMIUM;XIREC;10000.0;4
187200;;SUBMISSION;ASH_COATED_OSMIUM;XIREC;10004.0;3
189700;SUBMISSION;;ASH_COATED_OSMIUM;XIREC;10002.0;5
190400;;SUBMISSION;ASH_COATED_OSMIUM;XIREC;10011.0;3
191800;;;INTARIAN_PEPPER_ROOT;XIREC;12182.0;4
192600;SUBMISSION;;ASH_COATED_OSMIUM;XIREC;9998.0;8
192900;;SUBMISSION;ASH_COATED_OSMIUM;XIREC;10012.0;10
193300;;SUBMISSION;ASH_COATED_OSMIUM;XIREC;10006.0;5
194900;;;INTARIAN_PEPPER_ROOT;XIREC;12191.0;6
195400;;SUBMISSION;ASH_COATED_OSMIUM;XIREC;10004.0;2
197300;SUBMISSION;;ASH_COATED_OSMIUM;XIREC;9998.0;9
198200;;SUBMISSION;ASH_COATED_OSMIUM;XIREC;10003.0;4
198600;SUBMISSION;;ASH_COATED_OSMIUM;XIREC;10003.0;7
198600;;;INTARIAN_PEPPER_ROOT;XIREC;12192.0;5
199400;;;INTARIAN_PEPPER_ROOT;XIREC;12206.0;5
200100;SUBMISSION;;ASH_COATED_OSMIUM;XIREC;9998.0;6
200300;SUBMISSION;;ASH_COATED_OSMIUM;XIREC;9999.0;10
200400;;SUBMISSION;ASH_COATED_OSMIUM;XIREC;10013.0;2
200600;;SUBMISSION;ASH_COATED_OSMIUM;XIREC;10012.0;2
200700;;SUBMISSION;ASH_COATED_OSMIUM;XIREC;10011.0;8
201700;SUBMISSION;;ASH_COATED_OSMIUM;XIREC;9995.0;4
204000;;;INTARIAN_PEPPER_ROOT;XIREC;12211.0;7
204600;;;INTARIAN_PEPPER_ROOT;XIREC;12198.0;5
205600;SUBMISSION;;ASH_COATED_OSMIUM;XIREC;9992.0;2
206600;SUBMISSION;;ASH_COATED_OSMIUM;XIREC;9994.0;7
206700;;SUBMISSION;ASH_COATED_OSMIUM;XIREC;10002.0;5
207500;;;INTARIAN_PEPPER_ROOT;XIREC;12214.0;3
208900;SUBMISSION;;ASH_COATED_OSMIUM;XIREC;9989.0;10
210000;SUBMISSION;;ASH_COATED_OSMIUM;XIREC;9988.0;4
212100;;;INTARIAN_PEPPER_ROOT;XIREC;12215.0;4
212700;SUBMISSION;;ASH_COATED_OSMIUM;XIREC;9995.0;5
212700;SUBMISSION;;ASH_COATED_OSMIUM;XIREC;9988.0;6
215000;;;INTARIAN_PEPPER_ROOT;XIREC;12225.0;7
216900;;SUBMISSION;ASH_COATED_OSMIUM;XIREC;10002.0;7
217000;;;INTARIAN_PEPPER_ROOT;XIREC;12224.0;5
220600;;;INTARIAN_PEPPER_ROOT;XIREC;12216.0;4
222900;;SUBMISSION;ASH_COATED_OSMIUM;XIREC;10010.0;2
223900;;SUBMISSION;ASH_COATED_OSMIUM;XIREC;10003.0;5
224300;;;INTARIAN_PEPPER_ROOT;XIREC;12231.0;3
224800;;SUBMISSION;ASH_COATED_OSMIUM;XIREC;10007.0;5
224900;;SUBMISSION;ASH_COATED_OSMIUM;XIREC;10007.0;7
225000;;;INTARIAN_PEPPER_ROOT;XIREC;12218.0;7
226200;SUBMISSION;;ASH_COATED_OSMIUM;XIREC;9990.0;6
227600;SUBMISSION;;ASH_COATED_OSMIUM;XIREC;9991.0;5
228000;SUBMISSION;;ASH_COATED_OSMIUM;XIREC;9991.0;5
228300;;SUBMISSION;ASH_COATED_OSMIUM;XIREC;10001.0;7
229200;;SUBMISSION;ASH_COATED_OSMIUM;XIREC;10000.0;2
229600;;SUBMISSION;ASH_COATED_OSMIUM;XIREC;10010.0;5
234600;;;INTARIAN_PEPPER_ROOT;XIREC;12241.0;4
235500;SUBMISSION;;ASH_COATED_OSMIUM;XIREC;9998.0;5
235600;SUBMISSION;;ASH_COATED_OSMIUM;XIREC;9990.0;8
236100;SUBMISSION;;ASH_COATED_OSMIUM;XIREC;9990.0;4
236500;SUBMISSION;;ASH_COATED_OSMIUM;XIREC;9990.0;2
236600;SUBMISSION;;ASH_COATED_OSMIUM;XIREC;9991.0;4
237000;;SUBMISSION;ASH_COATED_OSMIUM;XIREC;10004.0;5
237100;SUBMISSION;;ASH_COATED_OSMIUM;XIREC;9988.0;3
237500;;;INTARIAN_PEPPER_ROOT;XIREC;12244.0;4
239700;;;INTARIAN_PEPPER_ROOT;XIREC;12246.0;7
241700;SUBMISSION;;ASH_COATED_OSMIUM;XIREC;9989.0;7
242000;;;INTARIAN_PEPPER_ROOT;XIREC;12249.0;7
242800;;SUBMISSION;ASH_COATED_OSMIUM;XIREC;10002.0;5
243200;;SUBMISSION;ASH_COATED_OSMIUM;XIREC;10002.0;6
243500;;;INTARIAN_PEPPER_ROOT;XIREC;12247.0;4
243700;;SUBMISSION;ASH_COATED_OSMIUM;XIREC;10005.0;6
244200;SUBMISSION;;ASH_COATED_OSMIUM;XIREC;9997.0;4
245300;SUBMISSION;;ASH_COATED_OSMIUM;XIREC;9995.0;5
246200;SUBMISSION;;ASH_COATED_OSMIUM;XIREC;9987.0;9
247600;SUBMISSION;;ASH_COATED_OSMIUM;XIREC;9986.0;6
247700;SUBMISSION;;ASH_COATED_OSMIUM;XIREC;9994.0;4
247800;SUBMISSION;;ASH_COATED_OSMIUM;XIREC;9990.0;7
248700;;;INTARIAN_PEPPER_ROOT;XIREC;12242.0;4
250800;SUBMISSION;;ASH_COATED_OSMIUM;XIREC;9994.0;3
251200;SUBMISSION;;ASH_COATED_OSMIUM;XIREC;9991.0;6
251700;SUBMISSION;;ASH_COATED_OSMIUM;XIREC;9986.0;2
251700;;;ASH_COATED_OSMIUM;XIREC;9985.0;2
252300;;SUBMISSION;ASH_COATED_OSMIUM;XIREC;10000.0;5
252400;;SUBMISSION;ASH_COATED_OSMIUM;XIREC;10003.0;7
254700;;SUBMISSION;ASH_COATED_OSMIUM;XIREC;9995.0;10
255600;;SUBMISSION;ASH_COATED_OSMIUM;XIREC;9996.0;9
258300;;SUBMISSION;ASH_COATED_OSMIUM;XIREC;10002.0;9
258400;;SUBMISSION;ASH_COATED_OSMIUM;XIREC;10003.0;4
259400;SUBMISSION;;ASH_COATED_OSMIUM;XIREC;9990.0;8
260100;;;INTARIAN_PEPPER_ROOT;XIREC;12267.0;5
260500;;SUBMISSION;ASH_COATED_OSMIUM;XIREC;10007.0;7
260600;;SUBMISSION;ASH_COATED_OSMIUM;XIREC;10005.0;2
261300;SUBMISSION;;ASH_COATED_OSMIUM;XIREC;9989.0;2
262000;;SUBMISSION;ASH_COATED_OSMIUM;XIREC;10000.0;8
264100;;;INTARIAN_PEPPER_ROOT;XIREC;12254.0;7
265000;;;ASH_COATED_OSMIUM;XIREC;9991.0;8
267000;SUBMISSION;;ASH_COATED_OSMIUM;XIREC;9994.0;9
267500;;;INTARIAN_PEPPER_ROOT;XIREC;12261.0;3
268800;;SUBMISSION;ASH_COATED_OSMIUM;XIREC;10011.0;6
269300;;SUBMISSION;ASH_COATED_OSMIUM;XIREC;10002.0;4
269400;SUBMISSION;;ASH_COATED_OSMIUM;XIREC;9994.0;4
270400;;SUBMISSION;ASH_COATED_OSMIUM;XIREC;10010.0;2
270700;;;INTARIAN_PEPPER_ROOT;XIREC;12277.0;6
271100;;;INTARIAN_PEPPER_ROOT;XIREC;12267.0;3
271800;;SUBMISSION;ASH_COATED_OSMIUM;XIREC;10010.0;5
272800;;SUBMISSION;ASH_COATED_OSMIUM;XIREC;10011.0;6
274100;;;INTARIAN_PEPPER_ROOT;XIREC;12270.0;6
275600;;SUBMISSION;ASH_COATED_OSMIUM;XIREC;10010.0;4
280900;SUBMISSION;;ASH_COATED_OSMIUM;XIREC;9995.0;2
282500;SUBMISSION;;ASH_COATED_OSMIUM;XIREC;9995.0;4
282600;;;INTARIAN_PEPPER_ROOT;XIREC;12286.0;6
282700;;SUBMISSION;ASH_COATED_OSMIUM;XIREC;10003.0;3
291400;SUBMISSION;;ASH_COATED_OSMIUM;XIREC;9995.0;3
295500;;SUBMISSION;ASH_COATED_OSMIUM;XIREC;10008.0;8
297000;;SUBMISSION;ASH_COATED_OSMIUM;XIREC;10009.0;9
297100;;SUBMISSION;ASH_COATED_OSMIUM;XIREC;10004.0;6
297300;;SUBMISSION;ASH_COATED_OSMIUM;XIREC;10010.0;3
299500;SUBMISSION;;ASH_COATED_OSMIUM;XIREC;9994.0;2
300000;;;INTARIAN_PEPPER_ROOT;XIREC;12307.0;7
301400;;;INTARIAN_PEPPER_ROOT;XIREC;12311.0;7
301600;SUBMISSION;;ASH_COATED_OSMIUM;XIREC;9995.0;9
302800;;SUBMISSION;ASH_COATED_OSMIUM;XIREC;10003.0;5
302800;;;ASH_COATED_OSMIUM;XIREC;10003.0;2
306000;;;INTARIAN_PEPPER_ROOT;XIREC;12309.0;5
306200;SUBMISSION;;ASH_COATED_OSMIUM;XIREC;9995.0;6
306500;;SUBMISSION;ASH_COATED_OSMIUM;XIREC;10009.0;5
307600;SUBMISSION;;ASH_COATED_OSMIUM;XIREC;9995.0;5
310000;;SUBMISSION;ASH_COATED_OSMIUM;XIREC;10007.0;9
310900;;SUBMISSION;ASH_COATED_OSMIUM;XIREC;10008.0;6
311200;;;INTARIAN_PEPPER_ROOT;XIREC;12301.0;3
313100;SUBMISSION;;ASH_COATED_OSMIUM;XIREC;9996.0;2
313600;;SUBMISSION;ASH_COATED_OSMIUM;XIREC;10011.0;3
314200;SUBMISSION;;ASH_COATED_OSMIUM;XIREC;10001.0;10
314400;;;INTARIAN_PEPPER_ROOT;XIREC;12321.0;6
315600;SUBMISSION;;ASH_COATED_OSMIUM;XIREC;10000.0;8
319100;;SUBMISSION;ASH_COATED_OSMIUM;XIREC;10006.0;10
320900;;SUBMISSION;ASH_COATED_OSMIUM;XIREC;10015.0;6
323500;SUBMISSION;;ASH_COATED_OSMIUM;XIREC;9995.0;6
324600;SUBMISSION;;ASH_COATED_OSMIUM;XIREC;9994.0;2
325000;;SUBMISSION;ASH_COATED_OSMIUM;XIREC;10008.0;5
327400;;;INTARIAN_PEPPER_ROOT;XIREC;12321.0;6
327600;;;INTARIAN_PEPPER_ROOT;XIREC;12334.0;3
329000;SUBMISSION;;ASH_COATED_OSMIUM;XIREC;9994.0;9
330300;;SUBMISSION;ASH_COATED_OSMIUM;XIREC;10003.0;4
330600;SUBMISSION;;ASH_COATED_OSMIUM;XIREC;9995.0;2
331500;;;INTARIAN_PEPPER_ROOT;XIREC;12325.0;3
331800;;SUBMISSION;ASH_COATED_OSMIUM;XIREC;10010.0;8
332800;;SUBMISSION;ASH_COATED_OSMIUM;XIREC;10009.0;5
333200;;SUBMISSION;ASH_COATED_OSMIUM;XIREC;10004.0;6
333200;;;INTARIAN_PEPPER_ROOT;XIREC;12343.0;7
334400;;;INTARIAN_PEPPER_ROOT;XIREC;12341.0;3
334700;;;INTARIAN_PEPPER_ROOT;XIREC;12328.0;3
335300;;;INTARIAN_PEPPER_ROOT;XIREC;12342.0;3
335400;;;INTARIAN_PEPPER_ROOT;XIREC;12339.0;6
335800;SUBMISSION;;ASH_COATED_OSMIUM;XIREC;9995.0;6
336000;SUBMISSION;;ASH_COATED_OSMIUM;XIREC;9996.0;6
336100;;SUBMISSION;ASH_COATED_OSMIUM;XIREC;10005.0;4
336400;;SUBMISSION;ASH_COATED_OSMIUM;XIREC;10011.0;9
336500;;;INTARIAN_PEPPER_ROOT;XIREC;12343.0;6
336800;SUBMISSION;;ASH_COATED_OSMIUM;XIREC;9995.0;4
336800;;;INTARIAN_PEPPER_ROOT;XIREC;12333.0;5
337200;SUBMISSION;;ASH_COATED_OSMIUM;XIREC;9994.0;6
337300;SUBMISSION;;ASH_COATED_OSMIUM;XIREC;9996.0;7
337400;;;INTARIAN_PEPPER_ROOT;XIREC;12328.0;7
340700;;SUBMISSION;ASH_COATED_OSMIUM;XIREC;10008.0;2
341200;SUBMISSION;;ASH_COATED_OSMIUM;XIREC;9995.0;2
343200;SUBMISSION;;ASH_COATED_OSMIUM;XIREC;10000.0;9
344000;;;INTARIAN_PEPPER_ROOT;XIREC;12340.0;3
344200;SUBMISSION;;ASH_COATED_OSMIUM;XIREC;9997.0;4
345800;SUBMISSION;;ASH_COATED_OSMIUM;XIREC;9997.0;3
346200;SUBMISSION;;ASH_COATED_OSMIUM;XIREC;9996.0;4
349400;;SUBMISSION;ASH_COATED_OSMIUM;XIREC;10008.0;4
350400;;SUBMISSION;ASH_COATED_OSMIUM;XIREC;10007.0;5
350900;;;INTARIAN_PEPPER_ROOT;XIREC;12358.0;4
351800;;SUBMISSION;ASH_COATED_OSMIUM;XIREC;10009.0;5
351900;;;INTARIAN_PEPPER_ROOT;XIREC;12345.0;7
352300;;;INTARIAN_PEPPER_ROOT;XIREC;12356.0;8
352500;;;INTARIAN_PEPPER_ROOT;XIREC;12359.0;6
353000;SUBMISSION;;ASH_COATED_OSMIUM;XIREC;9994.0;5
354000;;;INTARIAN_PEPPER_ROOT;XIREC;12361.0;6
356700;;SUBMISSION;ASH_COATED_OSMIUM;XIREC;10010.0;9
356800;;;INTARIAN_PEPPER_ROOT;XIREC;12350.0;6
357500;SUBMISSION;;ASH_COATED_OSMIUM;XIREC;9997.0;3
358000;;;INTARIAN_PEPPER_ROOT;XIREC;12351.0;3
358400;;SUBMISSION;ASH_COATED_OSMIUM;XIREC;10010.0;3
359300;SUBMISSION;;ASH_COATED_OSMIUM;XIREC;9996.0;4
360800;;;INTARIAN_PEPPER_ROOT;XIREC;12367.0;5
361400;;;ASH_COATED_OSMIUM;XIREC;9994.0;6
361600;;SUBMISSION;ASH_COATED_OSMIUM;XIREC;10004.0;8
361600;;;INTARIAN_PEPPER_ROOT;XIREC;12357.0;5
363200;;SUBMISSION;ASH_COATED_OSMIUM;XIREC;10004.0;8
363200;;SUBMISSION;ASH_COATED_OSMIUM;XIREC;10009.0;2
363300;;SUBMISSION;ASH_COATED_OSMIUM;XIREC;10004.0;8
365300;SUBMISSION;;ASH_COATED_OSMIUM;XIREC;9995.0;3
365400;;;INTARIAN_PEPPER_ROOT;XIREC;12361.0;7
365700;;SUBMISSION;ASH_COATED_OSMIUM;XIREC;10005.0;4
367100;SUBMISSION;;ASH_COATED_OSMIUM;XIREC;9999.0;10
367300;;;INTARIAN_PEPPER_ROOT;XIREC;12361.0;5
369000;SUBMISSION;;ASH_COATED_OSMIUM;XIREC;10000.0;9
370500;;SUBMISSION;ASH_COATED_OSMIUM;XIREC;10003.0;5
370900;;;INTARIAN_PEPPER_ROOT;XIREC;12378.0;4
371200;;;INTARIAN_PEPPER_ROOT;XIREC;12365.0;3
372300;;;INTARIAN_PEPPER_ROOT;XIREC;12368.0;6
374600;;;INTARIAN_PEPPER_ROOT;XIREC;12381.0;3
375300;SUBMISSION;;ASH_COATED_OSMIUM;XIREC;9996.0;4
375400;;SUBMISSION;ASH_COATED_OSMIUM;XIREC;10009.0;3
376700;;;INTARIAN_PEPPER_ROOT;XIREC;12372.0;7
377400;SUBMISSION;;ASH_COATED_OSMIUM;XIREC;9995.0;4
378400;;SUBMISSION;ASH_COATED_OSMIUM;XIREC;10003.0;4
380800;;;INTARIAN_PEPPER_ROOT;XIREC;12387.0;3
380900;SUBMISSION;;ASH_COATED_OSMIUM;XIREC;9996.0;8
381000;;SUBMISSION;ASH_COATED_OSMIUM;XIREC;10009.0;2
381700;;SUBMISSION;ASH_COATED_OSMIUM;XIREC;10004.0;6
383000;;SUBMISSION;ASH_COATED_OSMIUM;XIREC;10008.0;6
384000;SUBMISSION;;ASH_COATED_OSMIUM;XIREC;9991.0;4
389800;;SUBMISSION;ASH_COATED_OSMIUM;XIREC;10008.0;10
389900;SUBMISSION;;ASH_COATED_OSMIUM;XIREC;9991.0;7
390400;SUBMISSION;;ASH_COATED_OSMIUM;XIREC;9994.0;9
391100;SUBMISSION;;ASH_COATED_OSMIUM;XIREC;9993.0;4
392300;;SUBMISSION;ASH_COATED_OSMIUM;XIREC;10009.0;5
394700;SUBMISSION;;ASH_COATED_OSMIUM;XIREC;10000.0;5
399100;;;INTARIAN_PEPPER_ROOT;XIREC;12392.0;3
401000;;;INTARIAN_PEPPER_ROOT;XIREC;12397.0;8
401400;;SUBMISSION;ASH_COATED_OSMIUM;XIREC;10005.0;5
401700;;SUBMISSION;ASH_COATED_OSMIUM;XIREC;10011.0;9
402400;SUBMISSION;;ASH_COATED_OSMIUM;XIREC;9995.0;5
405200;SUBMISSION;;ASH_COATED_OSMIUM;XIREC;9993.0;2
407400;;SUBMISSION;ASH_COATED_OSMIUM;XIREC;10009.0;8
409200;SUBMISSION;;ASH_COATED_OSMIUM;XIREC;9999.0;7
409500;SUBMISSION;;ASH_COATED_OSMIUM;XIREC;9999.0;7
412600;SUBMISSION;;ASH_COATED_OSMIUM;XIREC;9993.0;4
414000;;SUBMISSION;ASH_COATED_OSMIUM;XIREC;10009.0;6
415200;;;INTARIAN_PEPPER_ROOT;XIREC;12425.0;6
415800;SUBMISSION;;ASH_COATED_OSMIUM;XIREC;9995.0;6
416100;SUBMISSION;;ASH_COATED_OSMIUM;XIREC;9995.0;2
419000;;;INTARIAN_PEPPER_ROOT;XIREC;12412.0;6
419200;;;INTARIAN_PEPPER_ROOT;XIREC;12426.0;4
420300;;;INTARIAN_PEPPER_ROOT;XIREC;12414.0;7
423300;;;INTARIAN_PEPPER_ROOT;XIREC;12417.0;6
424400;SUBMISSION;;ASH_COATED_OSMIUM;XIREC;9999.0;4
424700;SUBMISSION;;ASH_COATED_OSMIUM;XIREC;9991.0;6
424900;;;INTARIAN_PEPPER_ROOT;XIREC;12432.0;7
425200;;SUBMISSION;ASH_COATED_OSMIUM;XIREC;10005.0;6
425800;SUBMISSION;;ASH_COATED_OSMIUM;XIREC;9991.0;7
427600;;;INTARIAN_PEPPER_ROOT;XIREC;12421.0;7
429800;;SUBMISSION;ASH_COATED_OSMIUM;XIREC;10000.0;6
430100;;SUBMISSION;ASH_COATED_OSMIUM;XIREC;10006.0;4
432100;;;INTARIAN_PEPPER_ROOT;XIREC;12428.0;8
432800;SUBMISSION;;ASH_COATED_OSMIUM;XIREC;9992.0;6
433700;SUBMISSION;;ASH_COATED_OSMIUM;XIREC;9991.0;6
435400;SUBMISSION;;ASH_COATED_OSMIUM;XIREC;9990.0;3
436100;;;INTARIAN_PEPPER_ROOT;XIREC;12439.0;5
436900;SUBMISSION;;ASH_COATED_OSMIUM;XIREC;9998.0;2
437600;;;INTARIAN_PEPPER_ROOT;XIREC;12428.0;3
439100;;SUBMISSION;ASH_COATED_OSMIUM;XIREC;10007.0;5
439800;;SUBMISSION;ASH_COATED_OSMIUM;XIREC;10010.0;7
440300;;SUBMISSION;ASH_COATED_OSMIUM;XIREC;10007.0;3
440700;SUBMISSION;;ASH_COATED_OSMIUM;XIREC;9992.0;2
440800;;;INTARIAN_PEPPER_ROOT;XIREC;12434.0;4
441900;SUBMISSION;;ASH_COATED_OSMIUM;XIREC;9998.0;7
442100;;SUBMISSION;ASH_COATED_OSMIUM;XIREC;10002.0;4
442700;;SUBMISSION;ASH_COATED_OSMIUM;XIREC;10009.0;6
443000;;SUBMISSION;ASH_COATED_OSMIUM;XIREC;10009.0;4
444000;;SUBMISSION;ASH_COATED_OSMIUM;XIREC;10003.0;10
444200;;SUBMISSION;ASH_COATED_OSMIUM;XIREC;10009.0;10
445000;;SUBMISSION;ASH_COATED_OSMIUM;XIREC;10009.0;8
447800;;;INTARIAN_PEPPER_ROOT;XIREC;12455.0;5
448000;SUBMISSION;;ASH_COATED_OSMIUM;XIREC;10001.0;7
449100;SUBMISSION;;ASH_COATED_OSMIUM;XIREC;9996.0;8
450800;SUBMISSION;;ASH_COATED_OSMIUM;XIREC;10002.0;3
451800;SUBMISSION;;ASH_COATED_OSMIUM;XIREC;9997.0;5
452300;;SUBMISSION;ASH_COATED_OSMIUM;XIREC;10011.0;7
453000;;;INTARIAN_PEPPER_ROOT;XIREC;12456.0;3
453400;SUBMISSION;;ASH_COATED_OSMIUM;XIREC;9999.0;6
453700;;SUBMISSION;ASH_COATED_OSMIUM;XIREC;10008.0;6
453700;;;ASH_COATED_OSMIUM;XIREC;10008.0;3
453800;;;INTARIAN_PEPPER_ROOT;XIREC;12450.0;7
456000;;SUBMISSION;ASH_COATED_OSMIUM;XIREC;10014.0;4
456100;;;INTARIAN_PEPPER_ROOT;XIREC;12446.0;6
457000;;;INTARIAN_PEPPER_ROOT;XIREC;12447.0;6
457600;;;INTARIAN_PEPPER_ROOT;XIREC;12461.0;3
458400;;SUBMISSION;ASH_COATED_OSMIUM;XIREC;10013.0;6
458700;;;INTARIAN_PEPPER_ROOT;XIREC;12469.0;7
459600;;;INTARIAN_PEPPER_ROOT;XIREC;12453.0;6
461900;;;INTARIAN_PEPPER_ROOT;XIREC;12469.0;5
462400;;SUBMISSION;ASH_COATED_OSMIUM;XIREC;10007.0;6
463700;SUBMISSION;;ASH_COATED_OSMIUM;XIREC;10003.0;8
463900;;SUBMISSION;ASH_COATED_OSMIUM;XIREC;10012.0;6
464300;;;INTARIAN_PEPPER_ROOT;XIREC;12471.0;3
465500;;SUBMISSION;ASH_COATED_OSMIUM;XIREC;10012.0;6
465900;;SUBMISSION;ASH_COATED_OSMIUM;XIREC;10006.0;4
466000;;;INTARIAN_PEPPER_ROOT;XIREC;12462.0;3
467300;;;INTARIAN_PEPPER_ROOT;XIREC;12461.0;3
467800;;SUBMISSION;ASH_COATED_OSMIUM;XIREC;10007.0;4
467800;;SUBMISSION;ASH_COATED_OSMIUM;XIREC;10013.0;5
467800;;;ASH_COATED_OSMIUM;XIREC;10007.0;2
468100;SUBMISSION;;ASH_COATED_OSMIUM;XIREC;9996.0;8
468300;SUBMISSION;;ASH_COATED_OSMIUM;XIREC;10003.0;4
469000;;;INTARIAN_PEPPER_ROOT;XIREC;12462.0;6
471300;SUBMISSION;;ASH_COATED_OSMIUM;XIREC;10003.0;10
471900;;SUBMISSION;ASH_COATED_OSMIUM;XIREC;10013.0;6
472200;SUBMISSION;;ASH_COATED_OSMIUM;XIREC;9998.0;3
473000;;;INTARIAN_PEPPER_ROOT;XIREC;12476.0;4
473600;;;INTARIAN_PEPPER_ROOT;XIREC;12467.0;5
474000;;;INTARIAN_PEPPER_ROOT;XIREC;12477.0;5
476400;;SUBMISSION;ASH_COATED_OSMIUM;XIREC;10007.0;5
477100;SUBMISSION;;ASH_COATED_OSMIUM;XIREC;10001.0;3
477200;SUBMISSION;;ASH_COATED_OSMIUM;XIREC;9992.0;6
477600;;;INTARIAN_PEPPER_ROOT;XIREC;12484.0;5
478500;SUBMISSION;;ASH_COATED_OSMIUM;XIREC;9992.0;3
478600;SUBMISSION;;ASH_COATED_OSMIUM;XIREC;9992.0;6
479600;SUBMISSION;;ASH_COATED_OSMIUM;XIREC;9992.0;2
480100;SUBMISSION;;ASH_COATED_OSMIUM;XIREC;9998.0;4
482100;;;INTARIAN_PEPPER_ROOT;XIREC;12475.0;5
482300;SUBMISSION;;ASH_COATED_OSMIUM;XIREC;9999.0;3
482600;SUBMISSION;;ASH_COATED_OSMIUM;XIREC;9990.0;5
482700;SUBMISSION;;ASH_COATED_OSMIUM;XIREC;9990.0;5
483400;SUBMISSION;;ASH_COATED_OSMIUM;XIREC;9995.0;7
487200;;SUBMISSION;ASH_COATED_OSMIUM;XIREC;10007.0;3
487500;SUBMISSION;;ASH_COATED_OSMIUM;XIREC;9991.0;4
487700;SUBMISSION;;ASH_COATED_OSMIUM;XIREC;9991.0;5
489400;;;INTARIAN_PEPPER_ROOT;XIREC;12483.0;3
489700;;SUBMISSION;ASH_COATED_OSMIUM;XIREC;10012.0;7
490300;;;INTARIAN_PEPPER_ROOT;XIREC;12484.0;5
493800;;;INTARIAN_PEPPER_ROOT;XIREC;12487.0;4
493900;;SUBMISSION;ASH_COATED_OSMIUM;XIREC;10003.0;10
494300;;SUBMISSION;ASH_COATED_OSMIUM;XIREC;10009.0;3
495800;;;INTARIAN_PEPPER_ROOT;XIREC;12489.0;4
498900;SUBMISSION;;ASH_COATED_OSMIUM;XIREC;9993.0;8
500000;SUBMISSION;;ASH_COATED_OSMIUM;XIREC;9991.0;4
500000;;;INTARIAN_PEPPER_ROOT;XIREC;12503.0;3
501300;;;INTARIAN_PEPPER_ROOT;XIREC;12505.0;7
501500;SUBMISSION;;ASH_COATED_OSMIUM;XIREC;9997.0;10
501900;;SUBMISSION;ASH_COATED_OSMIUM;XIREC;10000.0;6
502100;SUBMISSION;;ASH_COATED_OSMIUM;XIREC;9992.0;4
502700;;SUBMISSION;ASH_COATED_OSMIUM;XIREC;10006.0;2
503100;SUBMISSION;;ASH_COATED_OSMIUM;XIREC;9996.0;5
503100;;;ASH_COATED_OSMIUM;XIREC;9996.0;3
503300;;;INTARIAN_PEPPER_ROOT;XIREC;12497.0;6
507800;;;INTARIAN_PEPPER_ROOT;XIREC;12501.0;3
509700;;;INTARIAN_PEPPER_ROOT;XIREC;12503.0;7
511000;SUBMISSION;;ASH_COATED_OSMIUM;XIREC;9998.0;4
511700;;SUBMISSION;ASH_COATED_OSMIUM;XIREC;10013.0;6
512500;;SUBMISSION;ASH_COATED_OSMIUM;XIREC;10013.0;4
512800;;;ASH_COATED_OSMIUM;XIREC;9996.0;7
512800;;;INTARIAN_PEPPER_ROOT;XIREC;12520.0;5
514300;SUBMISSION;;ASH_COATED_OSMIUM;XIREC;9996.0;5
516100;;SUBMISSION;ASH_COATED_OSMIUM;XIREC;10012.0;5
517200;;SUBMISSION;ASH_COATED_OSMIUM;XIREC;10011.0;5
519200;;;INTARIAN_PEPPER_ROOT;XIREC;12526.0;7
520100;;SUBMISSION;ASH_COATED_OSMIUM;XIREC;10014.0;6
520700;;;INTARIAN_PEPPER_ROOT;XIREC;12514.0;5
521600;;;INTARIAN_PEPPER_ROOT;XIREC;12515.0;5
521800;SUBMISSION;;ASH_COATED_OSMIUM;XIREC;9997.0;4
522200;SUBMISSION;;ASH_COATED_OSMIUM;XIREC;10003.0;4
522500;;SUBMISSION;ASH_COATED_OSMIUM;XIREC;10007.0;5
525300;;SUBMISSION;ASH_COATED_OSMIUM;XIREC;10007.0;7
525400;;SUBMISSION;ASH_COATED_OSMIUM;XIREC;10003.0;2
525700;SUBMISSION;;ASH_COATED_OSMIUM;XIREC;9998.0;4
525900;SUBMISSION;;ASH_COATED_OSMIUM;XIREC;10003.0;9
526300;;SUBMISSION;ASH_COATED_OSMIUM;XIREC;10002.0;2
526500;;SUBMISSION;ASH_COATED_OSMIUM;XIREC;10006.0;10
528200;;SUBMISSION;ASH_COATED_OSMIUM;XIREC;10003.0;5
531600;;;INTARIAN_PEPPER_ROOT;XIREC;12525.0;4
532300;SUBMISSION;;ASH_COATED_OSMIUM;XIREC;9999.0;3
533700;;SUBMISSION;ASH_COATED_OSMIUM;XIREC;10005.0;3
534100;;SUBMISSION;ASH_COATED_OSMIUM;XIREC;10006.0;4
534400;;SUBMISSION;ASH_COATED_OSMIUM;XIREC;10007.0;3
534800;;SUBMISSION;ASH_COATED_OSMIUM;XIREC;10012.0;9
535400;;SUBMISSION;ASH_COATED_OSMIUM;XIREC;10009.0;4
535600;;SUBMISSION;ASH_COATED_OSMIUM;XIREC;10004.0;11
535700;;SUBMISSION;ASH_COATED_OSMIUM;XIREC;10009.0;3
536100;SUBMISSION;;ASH_COATED_OSMIUM;XIREC;10004.0;6
536700;;;INTARIAN_PEPPER_ROOT;XIREC;12543.0;3
537200;;SUBMISSION;ASH_COATED_OSMIUM;XIREC;10018.0;3
538200;;SUBMISSION;ASH_COATED_OSMIUM;XIREC;10013.0;9
538600;SUBMISSION;;ASH_COATED_OSMIUM;XIREC;10009.0;7
539000;;SUBMISSION;ASH_COATED_OSMIUM;XIREC;10009.0;5
539900;;;INTARIAN_PEPPER_ROOT;XIREC;12533.0;6
540100;;SUBMISSION;ASH_COATED_OSMIUM;XIREC;10019.0;2
542300;;SUBMISSION;ASH_COATED_OSMIUM;XIREC;10015.0;8
542500;;SUBMISSION;ASH_COATED_OSMIUM;XIREC;10006.0;11
542800;;SUBMISSION;ASH_COATED_OSMIUM;XIREC;10007.0;14
544700;;;INTARIAN_PEPPER_ROOT;XIREC;12548.0;8
545100;;;INTARIAN_PEPPER_ROOT;XIREC;12552.0;7
545900;;SUBMISSION;ASH_COATED_OSMIUM;XIREC;10016.0;5
547300;SUBMISSION;;ASH_COATED_OSMIUM;XIREC;10006.0;9
547400;;SUBMISSION;ASH_COATED_OSMIUM;XIREC;10008.0;9
552900;SUBMISSION;;ASH_COATED_OSMIUM;XIREC;10006.0;10
554000;;SUBMISSION;ASH_COATED_OSMIUM;XIREC;10012.0;5
554400;SUBMISSION;;ASH_COATED_OSMIUM;XIREC;10005.0;10
554700;;SUBMISSION;ASH_COATED_OSMIUM;XIREC;10010.0;2
555700;;;INTARIAN_PEPPER_ROOT;XIREC;12551.0;7
556000;;;INTARIAN_PEPPER_ROOT;XIREC;12549.0;3
556700;SUBMISSION;;ASH_COATED_OSMIUM;XIREC;10006.0;2
556700;;;INTARIAN_PEPPER_ROOT;XIREC;12552.0;8
556800;;;INTARIAN_PEPPER_ROOT;XIREC;12564.0;3
557700;SUBMISSION;;ASH_COATED_OSMIUM;XIREC;10004.0;8
557800;SUBMISSION;;ASH_COATED_OSMIUM;XIREC;10008.0;6
560300;;SUBMISSION;ASH_COATED_OSMIUM;XIREC;10018.0;6
560800;;SUBMISSION;ASH_COATED_OSMIUM;XIREC;10011.0;10
561300;;;INTARIAN_PEPPER_ROOT;XIREC;12557.0;3
561900;;SUBMISSION;ASH_COATED_OSMIUM;XIREC;10007.0;3
563700;;SUBMISSION;ASH_COATED_OSMIUM;XIREC;10015.0;3
564900;;;INTARIAN_PEPPER_ROOT;XIREC;12561.0;6
566100;;;INTARIAN_PEPPER_ROOT;XIREC;12562.0;3
566600;;SUBMISSION;ASH_COATED_OSMIUM;XIREC;10017.0;3
566600;;;ASH_COATED_OSMIUM;XIREC;10018.0;4
566700;;;INTARIAN_PEPPER_ROOT;XIREC;12560.0;3
566800;;SUBMISSION;ASH_COATED_OSMIUM;XIREC;10008.0;2
567300;SUBMISSION;;ASH_COATED_OSMIUM;XIREC;10003.0;10
569500;;SUBMISSION;ASH_COATED_OSMIUM;XIREC;10007.0;4
570000;;;INTARIAN_PEPPER_ROOT;XIREC;12577.0;5
573000;;SUBMISSION;ASH_COATED_OSMIUM;XIREC;10015.0;3
573500;;;INTARIAN_PEPPER_ROOT;XIREC;12569.0;5
574000;SUBMISSION;;ASH_COATED_OSMIUM;XIREC;10002.0;2
574100;;SUBMISSION;ASH_COATED_OSMIUM;XIREC;10016.0;4
574100;;;ASH_COATED_OSMIUM;XIREC;10017.0;1
574300;SUBMISSION;;ASH_COATED_OSMIUM;XIREC;10002.0;3
578400;SUBMISSION;;ASH_COATED_OSMIUM;XIREC;10005.0;4
578600;;SUBMISSION;ASH_COATED_OSMIUM;XIREC;10010.0;6
579000;SUBMISSION;;ASH_COATED_OSMIUM;XIREC;10006.0;5
579600;;;INTARIAN_PEPPER_ROOT;XIREC;12590.0;7
579800;;;INTARIAN_PEPPER_ROOT;XIREC;12587.0;7
580300;;;INTARIAN_PEPPER_ROOT;XIREC;12574.0;7
580800;SUBMISSION;;ASH_COATED_OSMIUM;XIREC;10005.0;6
582300;;;INTARIAN_PEPPER_ROOT;XIREC;12576.0;5
583200;SUBMISSION;;ASH_COATED_OSMIUM;XIREC;10003.0;9
583400;SUBMISSION;;ASH_COATED_OSMIUM;XIREC;10007.0;3
583900;;SUBMISSION;ASH_COATED_OSMIUM;XIREC;10013.0;7
584000;;SUBMISSION;ASH_COATED_OSMIUM;XIREC;10012.0;7
584000;;;ASH_COATED_OSMIUM;XIREC;10013.0;1
584400;;;INTARIAN_PEPPER_ROOT;XIREC;12591.0;4
585100;SUBMISSION;;ASH_COATED_OSMIUM;XIREC;10001.0;5
585300;;;INTARIAN_PEPPER_ROOT;XIREC;12579.0;5
588600;;SUBMISSION;ASH_COATED_OSMIUM;XIREC;10006.0;10
589000;SUBMISSION;;ASH_COATED_OSMIUM;XIREC;10002.0;6
590100;;SUBMISSION;ASH_COATED_OSMIUM;XIREC;10011.0;3
590400;;;INTARIAN_PEPPER_ROOT;XIREC;12600.0;3
593000;;SUBMISSION;ASH_COATED_OSMIUM;XIREC;10007.0;8
593800;;;INTARIAN_PEPPER_ROOT;XIREC;12601.0;3
594800;;SUBMISSION;ASH_COATED_OSMIUM;XIREC;10012.0;1
594800;;;ASH_COATED_OSMIUM;XIREC;10013.0;1
598600;SUBMISSION;;ASH_COATED_OSMIUM;XIREC;9999.0;4
600500;;;INTARIAN_PEPPER_ROOT;XIREC;12594.0;6
600600;SUBMISSION;;ASH_COATED_OSMIUM;XIREC;9994.0;6
602900;SUBMISSION;;ASH_COATED_OSMIUM;XIREC;10003.0;2
604200;SUBMISSION;;ASH_COATED_OSMIUM;XIREC;10002.0;4
605900;;;INTARIAN_PEPPER_ROOT;XIREC;12599.0;3
607200;SUBMISSION;;ASH_COATED_OSMIUM;XIREC;9997.0;3
607600;;SUBMISSION;ASH_COATED_OSMIUM;XIREC;10011.0;5
608800;SUBMISSION;;ASH_COATED_OSMIUM;XIREC;10000.0;6
609700;SUBMISSION;;ASH_COATED_OSMIUM;XIREC;9998.0;6
610500;;;INTARIAN_PEPPER_ROOT;XIREC;12604.0;5
611400;SUBMISSION;;ASH_COATED_OSMIUM;XIREC;9994.0;6
611700;SUBMISSION;;ASH_COATED_OSMIUM;XIREC;9994.0;5
612000;SUBMISSION;;ASH_COATED_OSMIUM;XIREC;10001.0;2
612000;;;ASH_COATED_OSMIUM;XIREC;10001.0;2
612300;;;INTARIAN_PEPPER_ROOT;XIREC;12608.0;8
615600;;SUBMISSION;ASH_COATED_OSMIUM;XIREC;10008.0;5
618700;SUBMISSION;;ASH_COATED_OSMIUM;XIREC;9999.0;5
619500;;;INTARIAN_PEPPER_ROOT;XIREC;12626.0;7
620700;;;ASH_COATED_OSMIUM;XIREC;10011.0;8
622700;;SUBMISSION;ASH_COATED_OSMIUM;XIREC;10015.0;4
623400;;;INTARIAN_PEPPER_ROOT;XIREC;12633.0;6
624500;SUBMISSION;;ASH_COATED_OSMIUM;XIREC;9996.0;6
626000;SUBMISSION;;ASH_COATED_OSMIUM;XIREC;9998.0;5
628900;;SUBMISSION;ASH_COATED_OSMIUM;XIREC;10007.0;6
629200;;;INTARIAN_PEPPER_ROOT;XIREC;12622.0;4
631100;;;INTARIAN_PEPPER_ROOT;XIREC;12624.0;6
632100;;SUBMISSION;ASH_COATED_OSMIUM;XIREC;10008.0;5
634000;SUBMISSION;;ASH_COATED_OSMIUM;XIREC;9996.0;2
634400;;;INTARIAN_PEPPER_ROOT;XIREC;12638.0;5
634500;;;INTARIAN_PEPPER_ROOT;XIREC;12644.0;6
636500;;;INTARIAN_PEPPER_ROOT;XIREC;12630.0;5
637100;;;INTARIAN_PEPPER_ROOT;XIREC;12647.0;6
639000;;;INTARIAN_PEPPER_ROOT;XIREC;12646.0;4
639100;;SUBMISSION;ASH_COATED_OSMIUM;XIREC;10011.0;8
639200;SUBMISSION;;ASH_COATED_OSMIUM;XIREC;10001.0;9
639300;;;INTARIAN_PEPPER_ROOT;XIREC;12632.0;3
640000;;;INTARIAN_PEPPER_ROOT;XIREC;12633.0;4
640200;;;INTARIAN_PEPPER_ROOT;XIREC;12647.0;6
640400;SUBMISSION;;ASH_COATED_OSMIUM;XIREC;9997.0;4
640500;;SUBMISSION;ASH_COATED_OSMIUM;XIREC;10006.0;8
641500;;;INTARIAN_PEPPER_ROOT;XIREC;12645.0;5
641800;;SUBMISSION;ASH_COATED_OSMIUM;XIREC;10011.0;5
642300;;;INTARIAN_PEPPER_ROOT;XIREC;12652.0;4
642700;;SUBMISSION;ASH_COATED_OSMIUM;XIREC;10014.0;6
643100;;;INTARIAN_PEPPER_ROOT;XIREC;12636.0;5
644100;;;ASH_COATED_OSMIUM;XIREC;10011.0;6
645400;;;ASH_COATED_OSMIUM;XIREC;9995.0;2
645700;;;ASH_COATED_OSMIUM;XIREC;10011.0;8
646000;;;INTARIAN_PEPPER_ROOT;XIREC;12653.0;4
647300;;SUBMISSION;ASH_COATED_OSMIUM;XIREC;10013.0;5
650200;;;INTARIAN_PEPPER_ROOT;XIREC;12653.0;6
650400;SUBMISSION;;ASH_COATED_OSMIUM;XIREC;9994.0;4
653200;;;INTARIAN_PEPPER_ROOT;XIREC;12663.0;6
653900;SUBMISSION;;ASH_COATED_OSMIUM;XIREC;9992.0;6
654800;SUBMISSION;;ASH_COATED_OSMIUM;XIREC;9992.0;6
655900;SUBMISSION;;ASH_COATED_OSMIUM;XIREC;9992.0;3
656600;;;INTARIAN_PEPPER_ROOT;XIREC;12663.0;6
656900;SUBMISSION;;ASH_COATED_OSMIUM;XIREC;9991.0;10
658000;SUBMISSION;;ASH_COATED_OSMIUM;XIREC;9992.0;3
658300;;;ASH_COATED_OSMIUM;XIREC;10006.0;2
658400;;SUBMISSION;ASH_COATED_OSMIUM;XIREC;10005.0;9
659400;SUBMISSION;;ASH_COATED_OSMIUM;XIREC;9998.0;5
660200;;SUBMISSION;ASH_COATED_OSMIUM;XIREC;10002.0;4
660600;;;INTARIAN_PEPPER_ROOT;XIREC;12654.0;3
662300;SUBMISSION;;ASH_COATED_OSMIUM;XIREC;10001.0;12
662600;SUBMISSION;;ASH_COATED_OSMIUM;XIREC;10001.0;10
663300;SUBMISSION;;ASH_COATED_OSMIUM;XIREC;10000.0;10
664800;SUBMISSION;;ASH_COATED_OSMIUM;XIREC;9999.0;10
665100;SUBMISSION;;ASH_COATED_OSMIUM;XIREC;9999.0;12
666100;;;INTARIAN_PEPPER_ROOT;XIREC;12676.0;4
666200;SUBMISSION;;ASH_COATED_OSMIUM;XIREC;9997.0;14
666400;SUBMISSION;;ASH_COATED_OSMIUM;XIREC;9983.0;4
666800;SUBMISSION;;ASH_COATED_OSMIUM;XIREC;9997.0;14
666800;SUBMISSION;;ASH_COATED_OSMIUM;XIREC;9982.0;5
667000;SUBMISSION;;ASH_COATED_OSMIUM;XIREC;9992.0;5
668000;;SUBMISSION;ASH_COATED_OSMIUM;XIREC;9999.0;2
668400;;;INTARIAN_PEPPER_ROOT;XIREC;12675.0;4
670000;;;INTARIAN_PEPPER_ROOT;XIREC;12677.0;7
672400;;;INTARIAN_PEPPER_ROOT;XIREC;12662.0;3
673600;SUBMISSION;;ASH_COATED_OSMIUM;XIREC;9991.0;8
673600;;;ASH_COATED_OSMIUM;XIREC;9990.0;2
673600;;;INTARIAN_PEPPER_ROOT;XIREC;12677.0;6
676800;SUBMISSION;;ASH_COATED_OSMIUM;XIREC;9988.0;4
677100;;;ASH_COATED_OSMIUM;XIREC;9985.0;2
677700;;;INTARIAN_PEPPER_ROOT;XIREC;12671.0;4
678000;;;INTARIAN_PEPPER_ROOT;XIREC;12671.0;3
679200;;SUBMISSION;ASH_COATED_OSMIUM;XIREC;10001.0;5
679300;SUBMISSION;;ASH_COATED_OSMIUM;XIREC;9991.0;6
681200;;SUBMISSION;ASH_COATED_OSMIUM;XIREC;10001.0;9
681900;SUBMISSION;;ASH_COATED_OSMIUM;XIREC;9993.0;3
681900;;;INTARIAN_PEPPER_ROOT;XIREC;12689.0;7
682900;;SUBMISSION;ASH_COATED_OSMIUM;XIREC;10002.0;4
683100;;;INTARIAN_PEPPER_ROOT;XIREC;12690.0;4
685400;;SUBMISSION;ASH_COATED_OSMIUM;XIREC;10000.0;7
687500;;;INTARIAN_PEPPER_ROOT;XIREC;12681.0;4
687600;SUBMISSION;;ASH_COATED_OSMIUM;XIREC;9996.0;3
687700;;;INTARIAN_PEPPER_ROOT;XIREC;12683.0;7
688200;;;INTARIAN_PEPPER_ROOT;XIREC;12698.0;3
689500;;SUBMISSION;ASH_COATED_OSMIUM;XIREC;10001.0;6
689600;SUBMISSION;;ASH_COATED_OSMIUM;XIREC;9991.0;10
689700;SUBMISSION;;ASH_COATED_OSMIUM;XIREC;9994.0;3
690100;;;INTARIAN_PEPPER_ROOT;XIREC;12700.0;6
690300;SUBMISSION;;ASH_COATED_OSMIUM;XIREC;9985.0;5
690400;;;INTARIAN_PEPPER_ROOT;XIREC;12680.0;3
690500;;;INTARIAN_PEPPER_ROOT;XIREC;12697.0;3
690600;;;INTARIAN_PEPPER_ROOT;XIREC;12694.0;5
690800;SUBMISSION;;ASH_COATED_OSMIUM;XIREC;9984.0;4
691800;;;INTARIAN_PEPPER_ROOT;XIREC;12685.0;7
692200;;;INTARIAN_PEPPER_ROOT;XIREC;12682.0;4
695300;SUBMISSION;;ASH_COATED_OSMIUM;XIREC;9994.0;4
699400;SUBMISSION;;ASH_COATED_OSMIUM;XIREC;9991.0;2
699700;SUBMISSION;;ASH_COATED_OSMIUM;XIREC;9990.0;1
699700;;;ASH_COATED_OSMIUM;XIREC;9990.0;4
699900;;SUBMISSION;ASH_COATED_OSMIUM;XIREC;9996.0;6
700300;;SUBMISSION;ASH_COATED_OSMIUM;XIREC;9996.0;6
700400;SUBMISSION;;ASH_COATED_OSMIUM;XIREC;9982.0;3
700800;SUBMISSION;;ASH_COATED_OSMIUM;XIREC;9991.0;2
701000;SUBMISSION;;ASH_COATED_OSMIUM;XIREC;9991.0;2
701000;;;INTARIAN_PEPPER_ROOT;XIREC;12697.0;4
702000;SUBMISSION;;ASH_COATED_OSMIUM;XIREC;9991.0;2
702100;;;INTARIAN_PEPPER_ROOT;XIREC;12709.0;7
703000;;;INTARIAN_PEPPER_ROOT;XIREC;12696.0;5
703100;SUBMISSION;;ASH_COATED_OSMIUM;XIREC;9984.0;1
703100;;;ASH_COATED_OSMIUM;XIREC;9983.0;3
703900;SUBMISSION;;ASH_COATED_OSMIUM;XIREC;9989.0;2
703900;;;ASH_COATED_OSMIUM;XIREC;9984.0;2
705400;;;ASH_COATED_OSMIUM;XIREC;9984.0;7
707800;;;ASH_COATED_OSMIUM;XIREC;9982.0;5
708700;;;ASH_COATED_OSMIUM;XIREC;9982.0;6
708800;;;INTARIAN_PEPPER_ROOT;XIREC;12716.0;4
709400;;SUBMISSION;ASH_COATED_OSMIUM;XIREC;9991.0;6
710200;;SUBMISSION;ASH_COATED_OSMIUM;XIREC;9999.0;8
710300;SUBMISSION;;ASH_COATED_OSMIUM;XIREC;9992.0;4
711600;SUBMISSION;;ASH_COATED_OSMIUM;XIREC;9987.0;10
712100;;SUBMISSION;ASH_COATED_OSMIUM;XIREC;9996.0;5
713400;;SUBMISSION;ASH_COATED_OSMIUM;XIREC;9990.0;10
713700;SUBMISSION;;ASH_COATED_OSMIUM;XIREC;9986.0;10
714900;SUBMISSION;;ASH_COATED_OSMIUM;XIREC;9985.0;5
714900;;;ASH_COATED_OSMIUM;XIREC;9985.0;5
716400;;SUBMISSION;ASH_COATED_OSMIUM;XIREC;9988.0;6
717200;SUBMISSION;;ASH_COATED_OSMIUM;XIREC;9988.0;2
717400;;;INTARIAN_PEPPER_ROOT;XIREC;12724.0;4
717600;SUBMISSION;;ASH_COATED_OSMIUM;XIREC;9994.0;4
720400;;SUBMISSION;ASH_COATED_OSMIUM;XIREC;9995.0;4
721200;;SUBMISSION;ASH_COATED_OSMIUM;XIREC;9989.0;8
721400;SUBMISSION;;ASH_COATED_OSMIUM;XIREC;9995.0;12
722300;;;INTARIAN_PEPPER_ROOT;XIREC;12726.0;4
722800;;SUBMISSION;ASH_COATED_OSMIUM;XIREC;9989.0;7
723100;SUBMISSION;;ASH_COATED_OSMIUM;XIREC;9980.0;3
723100;;;ASH_COATED_OSMIUM;XIREC;9979.0;3
724700;;;INTARIAN_PEPPER_ROOT;XIREC;12732.0;4
724800;SUBMISSION;;ASH_COATED_OSMIUM;XIREC;9985.0;4
725700;;;ASH_COATED_OSMIUM;XIREC;9980.0;8
726200;;;ASH_COATED_OSMIUM;XIREC;9981.0;5
727400;;;INTARIAN_PEPPER_ROOT;XIREC;12734.0;6
727600;;;INTARIAN_PEPPER_ROOT;XIREC;12734.0;3
728600;;;INTARIAN_PEPPER_ROOT;XIREC;12722.0;5
729100;;SUBMISSION;ASH_COATED_OSMIUM;XIREC;9998.0;8
729300;SUBMISSION;;ASH_COATED_OSMIUM;XIREC;9985.0;3
729300;;;ASH_COATED_OSMIUM;XIREC;9984.0;2
730400;;SUBMISSION;ASH_COATED_OSMIUM;XIREC;9998.0;6
730500;SUBMISSION;;ASH_COATED_OSMIUM;XIREC;9981.0;5
731000;;SUBMISSION;ASH_COATED_OSMIUM;XIREC;9992.0;9
731200;;SUBMISSION;ASH_COATED_OSMIUM;XIREC;9998.0;9
731500;SUBMISSION;;ASH_COATED_OSMIUM;XIREC;9993.0;2
732200;SUBMISSION;;ASH_COATED_OSMIUM;XIREC;9993.0;4
732300;SUBMISSION;;ASH_COATED_OSMIUM;XIREC;9993.0;5
733700;SUBMISSION;;ASH_COATED_OSMIUM;XIREC;9990.0;7
733700;;;INTARIAN_PEPPER_ROOT;XIREC;12744.0;3
734800;;SUBMISSION;ASH_COATED_OSMIUM;XIREC;10000.0;5
734900;SUBMISSION;;ASH_COATED_OSMIUM;XIREC;9986.0;5
736500;;SUBMISSION;ASH_COATED_OSMIUM;XIREC;9998.0;5
737500;;;INTARIAN_PEPPER_ROOT;XIREC;12741.0;3
739200;;SUBMISSION;ASH_COATED_OSMIUM;XIREC;9998.0;6
739500;SUBMISSION;;ASH_COATED_OSMIUM;XIREC;9982.0;8
739500;;;ASH_COATED_OSMIUM;XIREC;9981.0;2
740500;;SUBMISSION;ASH_COATED_OSMIUM;XIREC;9993.0;8
742000;;SUBMISSION;ASH_COATED_OSMIUM;XIREC;9999.0;5
742000;;;INTARIAN_PEPPER_ROOT;XIREC;12738.0;8
743500;SUBMISSION;;ASH_COATED_OSMIUM;XIREC;9985.0;4
745200;SUBMISSION;;ASH_COATED_OSMIUM;XIREC;9986.0;6
745700;SUBMISSION;;ASH_COATED_OSMIUM;XIREC;9986.0;4
746000;SUBMISSION;;ASH_COATED_OSMIUM;XIREC;9995.0;3
746100;;SUBMISSION;ASH_COATED_OSMIUM;XIREC;10000.0;8
750200;;;ASH_COATED_OSMIUM;XIREC;9995.0;4
750600;SUBMISSION;;ASH_COATED_OSMIUM;XIREC;9995.0;5
751900;;;ASH_COATED_OSMIUM;XIREC;10005.0;4
752000;SUBMISSION;;ASH_COATED_OSMIUM;XIREC;9995.0;8
753100;;SUBMISSION;ASH_COATED_OSMIUM;XIREC;9998.0;9
753100;;;INTARIAN_PEPPER_ROOT;XIREC;12760.0;7
753700;;SUBMISSION;ASH_COATED_OSMIUM;XIREC;9997.0;3
754000;;SUBMISSION;ASH_COATED_OSMIUM;XIREC;10004.0;5
755500;;SUBMISSION;ASH_COATED_OSMIUM;XIREC;10004.0;4
755700;;;INTARIAN_PEPPER_ROOT;XIREC;12749.0;7
755900;;;INTARIAN_PEPPER_ROOT;XIREC;12766.0;3
756200;SUBMISSION;;ASH_COATED_OSMIUM;XIREC;9990.0;6
756600;SUBMISSION;;ASH_COATED_OSMIUM;XIREC;9991.0;7
756600;;;ASH_COATED_OSMIUM;XIREC;9990.0;2
756900;SUBMISSION;;ASH_COATED_OSMIUM;XIREC;9991.0;4
756900;;;ASH_COATED_OSMIUM;XIREC;9990.0;1
757200;SUBMISSION;;ASH_COATED_OSMIUM;XIREC;9991.0;2
757200;;;ASH_COATED_OSMIUM;XIREC;9990.0;7
758100;;SUBMISSION;ASH_COATED_OSMIUM;XIREC;9999.0;5
758300;SUBMISSION;;ASH_COATED_OSMIUM;XIREC;9989.0;3
758300;;;ASH_COATED_OSMIUM;XIREC;9988.0;3
761800;;;INTARIAN_PEPPER_ROOT;XIREC;12757.0;7
763200;;;INTARIAN_PEPPER_ROOT;XIREC;12770.0;4
763700;SUBMISSION;;ASH_COATED_OSMIUM;XIREC;9988.0;2
763700;;;ASH_COATED_OSMIUM;XIREC;9987.0;4
763800;;;INTARIAN_PEPPER_ROOT;XIREC;12771.0;6
763900;SUBMISSION;;ASH_COATED_OSMIUM;XIREC;9990.0;1
763900;;;ASH_COATED_OSMIUM;XIREC;9989.0;7
764500;;;INTARIAN_PEPPER_ROOT;XIREC;12758.0;5
766000;;;INTARIAN_PEPPER_ROOT;XIREC;12769.0;4
767000;;SUBMISSION;ASH_COATED_OSMIUM;XIREC;10005.0;9
768500;SUBMISSION;;ASH_COATED_OSMIUM;XIREC;9995.0;5
770300;;;INTARIAN_PEPPER_ROOT;XIREC;12763.0;4
771800;;SUBMISSION;ASH_COATED_OSMIUM;XIREC;10002.0;9
773400;;SUBMISSION;ASH_COATED_OSMIUM;XIREC;10002.0;8
775000;;;ASH_COATED_OSMIUM;XIREC;9996.0;4
775500;;;INTARIAN_PEPPER_ROOT;XIREC;12779.0;7
777000;;;INTARIAN_PEPPER_ROOT;XIREC;12770.0;6
777200;;SUBMISSION;ASH_COATED_OSMIUM;XIREC;10006.0;10
777200;;;INTARIAN_PEPPER_ROOT;XIREC;12767.0;5
779700;SUBMISSION;;ASH_COATED_OSMIUM;XIREC;9994.0;6
779900;;SUBMISSION;ASH_COATED_OSMIUM;XIREC;10004.0;2
782300;SUBMISSION;;ASH_COATED_OSMIUM;XIREC;9995.0;4
782500;;SUBMISSION;ASH_COATED_OSMIUM;XIREC;10007.0;7
784800;SUBMISSION;;ASH_COATED_OSMIUM;XIREC;9995.0;4
785300;;;INTARIAN_PEPPER_ROOT;XIREC;12775.0;3
787000;;;INTARIAN_PEPPER_ROOT;XIREC;12790.0;6
787500;;;INTARIAN_PEPPER_ROOT;XIREC;12777.0;4
788000;;SUBMISSION;ASH_COATED_OSMIUM;XIREC;10007.0;5
789500;SUBMISSION;;ASH_COATED_OSMIUM;XIREC;9990.0;2
791700;SUBMISSION;;ASH_COATED_OSMIUM;XIREC;9990.0;5
792300;;SUBMISSION;ASH_COATED_OSMIUM;XIREC;10004.0;10
793700;;;ASH_COATED_OSMIUM;XIREC;10005.0;10
793900;;;INTARIAN_PEPPER_ROOT;XIREC;12801.0;4
794000;SUBMISSION;;ASH_COATED_OSMIUM;XIREC;9994.0;5
796100;;;INTARIAN_PEPPER_ROOT;XIREC;12799.0;5
796300;SUBMISSION;;ASH_COATED_OSMIUM;XIREC;9988.0;4
796500;;;INTARIAN_PEPPER_ROOT;XIREC;12790.0;5
796600;;;INTARIAN_PEPPER_ROOT;XIREC;12800.0;7
798600;;;INTARIAN_PEPPER_ROOT;XIREC;12805.0;5
801100;SUBMISSION;;ASH_COATED_OSMIUM;XIREC;9993.0;6
802000;;SUBMISSION;ASH_COATED_OSMIUM;XIREC;9996.0;5
802400;SUBMISSION;;ASH_COATED_OSMIUM;XIREC;9994.0;6
802400;;;ASH_COATED_OSMIUM;XIREC;9994.0;3
803100;;SUBMISSION;ASH_COATED_OSMIUM;XIREC;10005.0;5
805000;;SUBMISSION;ASH_COATED_OSMIUM;XIREC;10005.0;6
805400;SUBMISSION;;ASH_COATED_OSMIUM;XIREC;9995.0;4
805800;SUBMISSION;;ASH_COATED_OSMIUM;XIREC;9992.0;2
806300;;;INTARIAN_PEPPER_ROOT;XIREC;12799.0;7
806400;;;INTARIAN_PEPPER_ROOT;XIREC;12817.0;3
810500;;SUBMISSION;ASH_COATED_OSMIUM;XIREC;10013.0;2
811900;;;INTARIAN_PEPPER_ROOT;XIREC;12802.0;6
813200;;;INTARIAN_PEPPER_ROOT;XIREC;12803.0;3
815400;;SUBMISSION;ASH_COATED_OSMIUM;XIREC;10009.0;4
815900;;;INTARIAN_PEPPER_ROOT;XIREC;12819.0;3
819100;;SUBMISSION;ASH_COATED_OSMIUM;XIREC;10002.0;5
821100;;SUBMISSION;ASH_COATED_OSMIUM;XIREC;10010.0;8
823200;;SUBMISSION;ASH_COATED_OSMIUM;XIREC;10003.0;5
823500;;;INTARIAN_PEPPER_ROOT;XIREC;12827.0;8
825200;;;INTARIAN_PEPPER_ROOT;XIREC;12829.0;4
825700;;;INTARIAN_PEPPER_ROOT;XIREC;12829.0;6
829800;;;INTARIAN_PEPPER_ROOT;XIREC;12820.0;7
832700;SUBMISSION;;ASH_COATED_OSMIUM;XIREC;9998.0;5
833300;;;INTARIAN_PEPPER_ROOT;XIREC;12823.0;7
833400;;;INTARIAN_PEPPER_ROOT;XIREC;12823.0;3
833900;;SUBMISSION;ASH_COATED_OSMIUM;XIREC;10007.0;4
835700;;SUBMISSION;ASH_COATED_OSMIUM;XIREC;10015.0;8
836800;;;ASH_COATED_OSMIUM;XIREC;9999.0;7
836900;;SUBMISSION;ASH_COATED_OSMIUM;XIREC;10004.0;4
837300;;;INTARIAN_PEPPER_ROOT;XIREC;12844.0;3
839500;;SUBMISSION;ASH_COATED_OSMIUM;XIREC;10014.0;4
839500;;;INTARIAN_PEPPER_ROOT;XIREC;12846.0;6
839800;;SUBMISSION;ASH_COATED_OSMIUM;XIREC;10007.0;7
840500;;SUBMISSION;ASH_COATED_OSMIUM;XIREC;10003.0;5
840900;;;INTARIAN_PEPPER_ROOT;XIREC;12837.0;8
841100;SUBMISSION;;ASH_COATED_OSMIUM;XIREC;10002.0;10
841500;SUBMISSION;;ASH_COATED_OSMIUM;XIREC;9997.0;6
842800;;SUBMISSION;ASH_COATED_OSMIUM;XIREC;10012.0;5
842900;;;INTARIAN_PEPPER_ROOT;XIREC;12836.0;3
843100;SUBMISSION;;ASH_COATED_OSMIUM;XIREC;9998.0;5
843200;SUBMISSION;;ASH_COATED_OSMIUM;XIREC;9998.0;4
844300;;;INTARIAN_PEPPER_ROOT;XIREC;12848.0;7
844800;;;INTARIAN_PEPPER_ROOT;XIREC;12840.0;5
845100;;SUBMISSION;ASH_COATED_OSMIUM;XIREC;10012.0;3
845400;;SUBMISSION;ASH_COATED_OSMIUM;XIREC;10012.0;3
845400;;;INTARIAN_PEPPER_ROOT;XIREC;12841.0;7
846100;;SUBMISSION;ASH_COATED_OSMIUM;XIREC;10007.0;6
846200;;;INTARIAN_PEPPER_ROOT;XIREC;12839.0;4
846700;;;ASH_COATED_OSMIUM;XIREC;10016.0;2
846700;;;INTARIAN_PEPPER_ROOT;XIREC;12857.0;6
847200;;;INTARIAN_PEPPER_ROOT;XIREC;12854.0;5
847500;;SUBMISSION;ASH_COATED_OSMIUM;XIREC;10013.0;8
847800;SUBMISSION;;ASH_COATED_OSMIUM;XIREC;9999.0;7
848300;SUBMISSION;;ASH_COATED_OSMIUM;XIREC;9996.0;5
850300;;SUBMISSION;ASH_COATED_OSMIUM;XIREC;10008.0;10
852100;SUBMISSION;;ASH_COATED_OSMIUM;XIREC;10000.0;3
852300;SUBMISSION;;ASH_COATED_OSMIUM;XIREC;9999.0;3
852400;;SUBMISSION;ASH_COATED_OSMIUM;XIREC;10004.0;5
854300;;;INTARIAN_PEPPER_ROOT;XIREC;12861.0;3
854400;;SUBMISSION;ASH_COATED_OSMIUM;XIREC;10003.0;4
855500;SUBMISSION;;ASH_COATED_OSMIUM;XIREC;10001.0;8
857700;;;INTARIAN_PEPPER_ROOT;XIREC;12851.0;4
858500;;;INTARIAN_PEPPER_ROOT;XIREC;12852.0;6
859500;SUBMISSION;;ASH_COATED_OSMIUM;XIREC;9993.0;4
861000;;;INTARIAN_PEPPER_ROOT;XIREC;12857.0;4
861600;;;ASH_COATED_OSMIUM;XIREC;9999.0;2
861900;;SUBMISSION;ASH_COATED_OSMIUM;XIREC;10002.0;6
861900;;;INTARIAN_PEPPER_ROOT;XIREC;12855.0;7
862400;SUBMISSION;;ASH_COATED_OSMIUM;XIREC;9997.0;5
863600;SUBMISSION;;ASH_COATED_OSMIUM;XIREC;9995.0;9
864800;;SUBMISSION;ASH_COATED_OSMIUM;XIREC;10005.0;8
865000;SUBMISSION;;ASH_COATED_OSMIUM;XIREC;9991.0;6
867100;SUBMISSION;;ASH_COATED_OSMIUM;XIREC;9996.0;6
867600;SUBMISSION;;ASH_COATED_OSMIUM;XIREC;9992.0;3
868100;;SUBMISSION;ASH_COATED_OSMIUM;XIREC;10001.0;7
870000;;;INTARIAN_PEPPER_ROOT;XIREC;12880.0;7
870700;;SUBMISSION;ASH_COATED_OSMIUM;XIREC;10006.0;5
871300;SUBMISSION;;ASH_COATED_OSMIUM;XIREC;9991.0;2
871500;;SUBMISSION;ASH_COATED_OSMIUM;XIREC;10006.0;2
874000;SUBMISSION;;ASH_COATED_OSMIUM;XIREC;9993.0;5
875400;SUBMISSION;;ASH_COATED_OSMIUM;XIREC;9991.0;5
875800;;;INTARIAN_PEPPER_ROOT;XIREC;12869.0;3
875900;;SUBMISSION;ASH_COATED_OSMIUM;XIREC;9999.0;7
877500;;SUBMISSION;ASH_COATED_OSMIUM;XIREC;10000.0;4
877900;SUBMISSION;;ASH_COATED_OSMIUM;XIREC;9992.0;7
878000;;SUBMISSION;ASH_COATED_OSMIUM;XIREC;10006.0;5
878000;;;INTARIAN_PEPPER_ROOT;XIREC;12874.0;4
879100;SUBMISSION;;ASH_COATED_OSMIUM;XIREC;9997.0;7
880600;SUBMISSION;;ASH_COATED_OSMIUM;XIREC;9993.0;4
881200;;;INTARIAN_PEPPER_ROOT;XIREC;12885.0;4
881400;;SUBMISSION;ASH_COATED_OSMIUM;XIREC;10001.0;9
882700;SUBMISSION;;ASH_COATED_OSMIUM;XIREC;9996.0;10
883700;;;INTARIAN_PEPPER_ROOT;XIREC;12877.0;5
886000;;;INTARIAN_PEPPER_ROOT;XIREC;12889.0;3
886300;SUBMISSION;;ASH_COATED_OSMIUM;XIREC;9997.0;4
886600;SUBMISSION;;ASH_COATED_OSMIUM;XIREC;9994.0;9
887000;;;INTARIAN_PEPPER_ROOT;XIREC;12890.0;4
887600;;SUBMISSION;ASH_COATED_OSMIUM;XIREC;9998.0;9
887700;;SUBMISSION;ASH_COATED_OSMIUM;XIREC;10004.0;6
887900;;;INTARIAN_PEPPER_ROOT;XIREC;12878.0;4
888300;SUBMISSION;;ASH_COATED_OSMIUM;XIREC;9997.0;2
889300;;;INTARIAN_PEPPER_ROOT;XIREC;12896.0;4
890500;SUBMISSION;;ASH_COATED_OSMIUM;XIREC;9993.0;6
891200;;;INTARIAN_PEPPER_ROOT;XIREC;12901.0;7
891400;;;INTARIAN_PEPPER_ROOT;XIREC;12895.0;4
892900;;SUBMISSION;ASH_COATED_OSMIUM;XIREC;10005.0;8
893000;SUBMISSION;;ASH_COATED_OSMIUM;XIREC;9988.0;4
894900;;SUBMISSION;ASH_COATED_OSMIUM;XIREC;10001.0;5
898100;;;INTARIAN_PEPPER_ROOT;XIREC;12894.0;8
898200;;SUBMISSION;ASH_COATED_OSMIUM;XIREC;10001.0;7
899200;;SUBMISSION;ASH_COATED_OSMIUM;XIREC;10010.0;5
899500;;;INTARIAN_PEPPER_ROOT;XIREC;12906.0;6
900000;SUBMISSION;;ASH_COATED_OSMIUM;XIREC;9997.0;10
901500;;SUBMISSION;ASH_COATED_OSMIUM;XIREC;10002.0;6
901500;;SUBMISSION;ASH_COATED_OSMIUM;XIREC;10007.0;8
901900;;SUBMISSION;ASH_COATED_OSMIUM;XIREC;10003.0;7
904500;;SUBMISSION;ASH_COATED_OSMIUM;XIREC;10010.0;3
904900;SUBMISSION;;ASH_COATED_OSMIUM;XIREC;9993.0;4
905000;SUBMISSION;;ASH_COATED_OSMIUM;XIREC;9996.0;10
905100;;;INTARIAN_PEPPER_ROOT;XIREC;12912.0;5
905700;;SUBMISSION;ASH_COATED_OSMIUM;XIREC;10013.0;5
907600;;;INTARIAN_PEPPER_ROOT;XIREC;12915.0;6
907700;;;INTARIAN_PEPPER_ROOT;XIREC;12915.0;7
909200;SUBMISSION;;ASH_COATED_OSMIUM;XIREC;9999.0;4
909900;;SUBMISSION;ASH_COATED_OSMIUM;XIREC;10015.0;8
910000;;SUBMISSION;ASH_COATED_OSMIUM;XIREC;10006.0;5
910100;;SUBMISSION;ASH_COATED_OSMIUM;XIREC;10009.0;5
910500;;SUBMISSION;ASH_COATED_OSMIUM;XIREC;10005.0;5
911000;;;ASH_COATED_OSMIUM;XIREC;10016.0;2
911000;;;INTARIAN_PEPPER_ROOT;XIREC;12904.0;5
912200;;SUBMISSION;ASH_COATED_OSMIUM;XIREC;10016.0;3
912600;;;INTARIAN_PEPPER_ROOT;XIREC;12920.0;7
913100;;SUBMISSION;ASH_COATED_OSMIUM;XIREC;10012.0;7
913700;;SUBMISSION;ASH_COATED_OSMIUM;XIREC;10004.0;14
914900;;;INTARIAN_PEPPER_ROOT;XIREC;12922.0;5
915300;SUBMISSION;;ASH_COATED_OSMIUM;XIREC;10009.0;10
915700;;SUBMISSION;ASH_COATED_OSMIUM;XIREC;10004.0;12
916000;;SUBMISSION;ASH_COATED_OSMIUM;XIREC;10005.0;10
917200;;SUBMISSION;ASH_COATED_OSMIUM;XIREC;10008.0;2
917500;SUBMISSION;;ASH_COATED_OSMIUM;XIREC;10008.0;8
917900;;SUBMISSION;ASH_COATED_OSMIUM;XIREC;10017.0;5
918600;;;INTARIAN_PEPPER_ROOT;XIREC;12926.0;7
918800;SUBMISSION;;ASH_COATED_OSMIUM;XIREC;10007.0;4
918800;SUBMISSION;;ASH_COATED_OSMIUM;XIREC;10000.0;3
919600;;SUBMISSION;ASH_COATED_OSMIUM;XIREC;10008.0;4
920400;;SUBMISSION;ASH_COATED_OSMIUM;XIREC;10009.0;2
920500;;SUBMISSION;ASH_COATED_OSMIUM;XIREC;10018.0;3
920500;;;INTARIAN_PEPPER_ROOT;XIREC;12927.0;4
921100;;;INTARIAN_PEPPER_ROOT;XIREC;12928.0;5
921200;;SUBMISSION;ASH_COATED_OSMIUM;XIREC;10019.0;10
921600;;SUBMISSION;ASH_COATED_OSMIUM;XIREC;10011.0;9
922700;;;INTARIAN_PEPPER_ROOT;XIREC;12930.0;3
922800;;;INTARIAN_PEPPER_ROOT;XIREC;12916.0;7
923300;SUBMISSION;;ASH_COATED_OSMIUM;XIREC;10002.0;3
923800;;SUBMISSION;ASH_COATED_OSMIUM;XIREC;10011.0;6
923800;;;ASH_COATED_OSMIUM;XIREC;10011.0;4
925700;;SUBMISSION;ASH_COATED_OSMIUM;XIREC;10010.0;10
926100;SUBMISSION;;ASH_COATED_OSMIUM;XIREC;10006.0;10
927200;;;INTARIAN_PEPPER_ROOT;XIREC;12931.0;3
928100;SUBMISSION;;ASH_COATED_OSMIUM;XIREC;9999.0;3
928700;SUBMISSION;;ASH_COATED_OSMIUM;XIREC;10000.0;4
929300;;SUBMISSION;ASH_COATED_OSMIUM;XIREC;10013.0;2
930600;SUBMISSION;;ASH_COATED_OSMIUM;XIREC;9999.0;6
932600;;SUBMISSION;ASH_COATED_OSMIUM;XIREC;10015.0;10
933700;;;INTARIAN_PEPPER_ROOT;XIREC;12941.0;6
933900;;SUBMISSION;ASH_COATED_OSMIUM;XIREC;10014.0;3
934400;;SUBMISSION;ASH_COATED_OSMIUM;XIREC;10009.0;6
935900;SUBMISSION;;ASH_COATED_OSMIUM;XIREC;10000.0;8
936600;;;INTARIAN_PEPPER_ROOT;XIREC;12932.0;8
937800;;SUBMISSION;ASH_COATED_OSMIUM;XIREC;10007.0;10
938100;;;INTARIAN_PEPPER_ROOT;XIREC;12931.0;6
938700;;;ASH_COATED_OSMIUM;XIREC;10014.0;2
939200;;SUBMISSION;ASH_COATED_OSMIUM;XIREC;10013.0;2
939200;;;ASH_COATED_OSMIUM;XIREC;10014.0;4
939500;;SUBMISSION;ASH_COATED_OSMIUM;XIREC;10014.0;1
939500;;;ASH_COATED_OSMIUM;XIREC;10015.0;8
941900;;SUBMISSION;ASH_COATED_OSMIUM;XIREC;10008.0;1
942700;;;INTARIAN_PEPPER_ROOT;XIREC;12938.0;3
946100;SUBMISSION;;ASH_COATED_OSMIUM;XIREC;9996.0;10
947700;SUBMISSION;;ASH_COATED_OSMIUM;XIREC;10004.0;6
947900;;;INTARIAN_PEPPER_ROOT;XIREC;12944.0;5
948000;;;INTARIAN_PEPPER_ROOT;XIREC;12941.0;6
948200;;;INTARIAN_PEPPER_ROOT;XIREC;12958.0;6
948400;;SUBMISSION;ASH_COATED_OSMIUM;XIREC;10014.0;7
949200;;SUBMISSION;ASH_COATED_OSMIUM;XIREC;10014.0;2
949300;SUBMISSION;;ASH_COATED_OSMIUM;XIREC;10006.0;10
949500;SUBMISSION;;ASH_COATED_OSMIUM;XIREC;10005.0;10
949900;;;INTARIAN_PEPPER_ROOT;XIREC;12957.0;4
951100;SUBMISSION;;ASH_COATED_OSMIUM;XIREC;10007.0;6
952800;;SUBMISSION;ASH_COATED_OSMIUM;XIREC;10006.0;4
953100;SUBMISSION;;ASH_COATED_OSMIUM;XIREC;10007.0;8
953900;;SUBMISSION;ASH_COATED_OSMIUM;XIREC;10011.0;7
954300;;SUBMISSION;ASH_COATED_OSMIUM;XIREC;10011.0;8
956200;SUBMISSION;;ASH_COATED_OSMIUM;XIREC;10004.0;3
956800;;SUBMISSION;ASH_COATED_OSMIUM;XIREC;10013.0;7
957400;;;INTARIAN_PEPPER_ROOT;XIREC;12953.0;5
958100;;;INTARIAN_PEPPER_ROOT;XIREC;12965.0;6
959100;;;INTARIAN_PEPPER_ROOT;XIREC;12962.0;3
959600;;SUBMISSION;ASH_COATED_OSMIUM;XIREC;10010.0;2
959700;;SUBMISSION;ASH_COATED_OSMIUM;XIREC;10010.0;4
960000;SUBMISSION;;ASH_COATED_OSMIUM;XIREC;10003.0;4
961100;;SUBMISSION;ASH_COATED_OSMIUM;XIREC;10015.0;4
964000;;SUBMISSION;ASH_COATED_OSMIUM;XIREC;10018.0;3
965000;;;INTARIAN_PEPPER_ROOT;XIREC;12955.0;7
965600;;SUBMISSION;ASH_COATED_OSMIUM;XIREC;10009.0;3
965600;;;INTARIAN_PEPPER_ROOT;XIREC;12959.0;5
966200;;;INTARIAN_PEPPER_ROOT;XIREC;12959.0;5
969000;SUBMISSION;;ASH_COATED_OSMIUM;XIREC;10008.0;7
969800;SUBMISSION;;ASH_COATED_OSMIUM;XIREC;10008.0;6
970000;;;INTARIAN_PEPPER_ROOT;XIREC;12966.0;8
970900;;SUBMISSION;ASH_COATED_OSMIUM;XIREC;10017.0;5
972700;;SUBMISSION;ASH_COATED_OSMIUM;XIREC;10008.0;2
973800;;SUBMISSION;ASH_COATED_OSMIUM;XIREC;10011.0;4
973900;;;INTARIAN_PEPPER_ROOT;XIREC;12984.0;5
974600;;SUBMISSION;ASH_COATED_OSMIUM;XIREC;10016.0;4
974600;;;INTARIAN_PEPPER_ROOT;XIREC;12968.0;7
975100;SUBMISSION;;ASH_COATED_OSMIUM;XIREC;10001.0;2
975500;;SUBMISSION;ASH_COATED_OSMIUM;XIREC;10015.0;2
975500;;;ASH_COATED_OSMIUM;XIREC;10016.0;1
976500;SUBMISSION;;ASH_COATED_OSMIUM;XIREC;10001.0;6
976500;;;INTARIAN_PEPPER_ROOT;XIREC;12983.0;5
976900;;;INTARIAN_PEPPER_ROOT;XIREC;12984.0;3
977200;;;INTARIAN_PEPPER_ROOT;XIREC;12973.0;5
977300;SUBMISSION;;ASH_COATED_OSMIUM;XIREC;10005.0;9
977500;;SUBMISSION;ASH_COATED_OSMIUM;XIREC;10010.0;10
978400;;;INTARIAN_PEPPER_ROOT;XIREC;12985.0;6
980800;;SUBMISSION;ASH_COATED_OSMIUM;XIREC;10016.0;5
983000;;;INTARIAN_PEPPER_ROOT;XIREC;12976.0;6
984100;;SUBMISSION;ASH_COATED_OSMIUM;XIREC;10017.0;2
984100;;;ASH_COATED_OSMIUM;XIREC;10018.0;2
984500;SUBMISSION;;ASH_COATED_OSMIUM;XIREC;10007.0;8
985300;SUBMISSION;;ASH_COATED_OSMIUM;XIREC;9999.0;3
985700;;SUBMISSION;ASH_COATED_OSMIUM;XIREC;10010.0;5
986200;;SUBMISSION;ASH_COATED_OSMIUM;XIREC;10016.0;3
986800;SUBMISSION;;ASH_COATED_OSMIUM;XIREC;10000.0;6
987100;;SUBMISSION;ASH_COATED_OSMIUM;XIREC;10015.0;6
987600;;;INTARIAN_PEPPER_ROOT;XIREC;12981.0;3
988700;SUBMISSION;;ASH_COATED_OSMIUM;XIREC;10004.0;8
988900;SUBMISSION;;ASH_COATED_OSMIUM;XIREC;9999.0;2
989900;;;INTARIAN_PEPPER_ROOT;XIREC;12983.0;4
991100;;;INTARIAN_PEPPER_ROOT;XIREC;12984.0;6
991400;SUBMISSION;;ASH_COATED_OSMIUM;XIREC;10003.0;9
993200;SUBMISSION;;ASH_COATED_OSMIUM;XIREC;10006.0;10
993300;SUBMISSION;;ASH_COATED_OSMIUM;XIREC;10002.0;5
994400;;;INTARIAN_PEPPER_ROOT;XIREC;12987.0;3
995200;;SUBMISSION;ASH_COATED_OSMIUM;XIREC;10015.0;6
