timestamp;buyer;seller;symbol;currency;price;quantity
0;SUBMISSION;;HYDROGEL_PACK;SEASHELLS;9966;13
0;SUBMISSION;;HYDROGEL_PACK;SEASHELLS;9968;6
100;SUBMISSION;;HYDROGEL_PACK;SEASHELLS;9969;15
100;SUBMISSION;;HYDROGEL_PACK;SEASHELLS;9971;14
2600;SUBMISSION;;HYDROGEL_PACK;SEASHELLS;9967;10
2600;SUBMISSION;;HYDROGEL_PACK;SEASHELLS;9969;7
5200;;SUBMISSION;VELVETFRUIT_EXTRACT;SEASHELLS;5251;18
6100;Mark 55;SUBMISSION;VELVETFRUIT_EXTRACT;SEASHELLS;5254;3
9400;SUBMISSION;;VELVETFRUIT_EXTRACT;SEASHELLS;5244;14
9400;SUBMISSION;Mark 49;VELVETFRUIT_EXTRACT;SEASHELLS;5244;8
10300;SUBMISSION;;VELVETFRUIT_EXTRACT;SEASHELLS;5242;13
10400;SUBMISSION;;VELVETFRUIT_EXTRACT;SEASHELLS;5240;12
10400;SUBMISSION;Mark 49;VELVETFRUIT_EXTRACT;SEASHELLS;5240;12
12800;SUBMISSION;;VELVETFRUIT_EXTRACT;SEASHELLS;5241;2
12900;SUBMISSION;;VELVETFRUIT_EXTRACT;SEASHELLS;5242;1
13100;SUBMISSION;;VELVETFRUIT_EXTRACT;SEASHELLS;5242;1
13200;SUBMISSION;;VELVETFRUIT_EXTRACT;SEASHELLS;5242;1
13300;SUBMISSION;;VELVETFRUIT_EXTRACT;SEASHELLS;5241;2
13400;SUBMISSION;;VELVETFRUIT_EXTRACT;SEASHELLS;5241;3
13500;SUBMISSION;;VELVETFRUIT_EXTRACT;SEASHELLS;5241;2
13600;SUBMISSION;;VELVETFRUIT_EXTRACT;SEASHELLS;5239;5
13700;SUBMISSION;;VELVETFRUIT_EXTRACT;SEASHELLS;5241;2
13800;SUBMISSION;;VELVETFRUIT_EXTRACT;SEASHELLS;5241;2
13900;SUBMISSION;;VELVETFRUIT_EXTRACT;SEASHELLS;5239;5
14000;SUBMISSION;;VELVETFRUIT_EXTRACT;SEASHELLS;5240;4
14800;SUBMISSION;;VEV_4000;SEASHELLS;1234;4
14800;SUBMISSION;;VEV_4500;SEASHELLS;734;1
16700;SUBMISSION;;VEV_4000;SEASHELLS;1231;2
16700;SUBMISSION;;VEV_4500;SEASHELLS;731;2
16700;SUBMISSION;;VEV_5000;SEASHELLS;239;2
17900;Mark 38;SUBMISSION;VEV_4000;SEASHELLS;1242;1
24200;SUBMISSION;;VELVETFRUIT_EXTRACT;SEASHELLS;5238;3
25700;Mark 38;SUBMISSION;VEV_4000;SEASHELLS;1240;3
29300;SUBMISSION;Mark 55;VELVETFRUIT_EXTRACT;SEASHELLS;5238;4
36200;Mark 38;SUBMISSION;VEV_4000;SEASHELLS;1243;2
38500;SUBMISSION;;VEV_4000;SEASHELLS;1231;5
40400;SUBMISSION;;VEV_4000;SEASHELLS;1233;4
40900;SUBMISSION;;VEV_5000;SEASHELLS;242;4
43400;SUBMISSION;;VEV_4000;SEASHELLS;1231;4
45200;SUBMISSION;Mark 38;HYDROGEL_PACK;SEASHELLS;9962;2
49800;SUBMISSION;Mark 55;VELVETFRUIT_EXTRACT;SEASHELLS;5245;3
50300;Mark 38;SUBMISSION;VEV_4000;SEASHELLS;1256;3
53800;Mark 38;SUBMISSION;VEV_4000;SEASHELLS;1254;2
57600;Mark 38;SUBMISSION;VEV_4000;SEASHELLS;1256;3
59600;SUBMISSION;Mark 55;VELVETFRUIT_EXTRACT;SEASHELLS;5245;4
60300;SUBMISSION;Mark 55;VELVETFRUIT_EXTRACT;SEASHELLS;5246;5
62600;Mark 38;SUBMISSION;VEV_4000;SEASHELLS;1253;1
63100;Mark 38;SUBMISSION;VEV_4000;SEASHELLS;1251;3
68000;Mark 38;SUBMISSION;VEV_4000;SEASHELLS;1257;1
74100;SUBMISSION;;VEV_4000;SEASHELLS;1235;3
74100;SUBMISSION;;VEV_4500;SEASHELLS;735;3
74100;SUBMISSION;;VEV_5000;SEASHELLS;242;2
80700;SUBMISSION;;VEV_5000;SEASHELLS;246;5
81500;SUBMISSION;;VEV_5000;SEASHELLS;248;3
83400;SUBMISSION;;VEV_5000;SEASHELLS;244;7
84300;Mark 38;SUBMISSION;VEV_4000;SEASHELLS;1242;1
85300;SUBMISSION;;VEV_4000;SEASHELLS;1234;2
85300;SUBMISSION;;VEV_4500;SEASHELLS;734;2
85300;SUBMISSION;;VEV_5000;SEASHELLS;241;2
86100;SUBMISSION;;VEV_4000;SEASHELLS;1236;4
105400;;SUBMISSION;VEV_5000;SEASHELLS;258;2
105500;;SUBMISSION;VEV_5000;SEASHELLS;258;3
105600;;SUBMISSION;VEV_5000;SEASHELLS;260;4
105700;;SUBMISSION;VEV_5000;SEASHELLS;260;5
105800;;SUBMISSION;VEV_5000;SEASHELLS;260;6
105900;;SUBMISSION;VEV_5000;SEASHELLS;259;4
106000;;SUBMISSION;VEV_5000;SEASHELLS;261;6
106100;;SUBMISSION;VEV_5000;SEASHELLS;259;4
106200;;SUBMISSION;VEV_5000;SEASHELLS;260;6
106300;;SUBMISSION;VEV_5000;SEASHELLS;262;7
106400;;SUBMISSION;VEV_5000;SEASHELLS;261;6
106500;;SUBMISSION;VEV_5000;SEASHELLS;262;7
106600;;SUBMISSION;VEV_5000;SEASHELLS;261;7
106600;;SUBMISSION;VEV_5000;SEASHELLS;260;1
106700;;SUBMISSION;VEV_5000;SEASHELLS;261;7
106800;;SUBMISSION;VEV_5000;SEASHELLS;261;7
106900;;SUBMISSION;VEV_5000;SEASHELLS;261;3
107000;;SUBMISSION;VEV_5000;SEASHELLS;261;7
107100;;SUBMISSION;VEV_5000;SEASHELLS;262;7
107200;;SUBMISSION;VEV_5000;SEASHELLS;264;11
107300;;SUBMISSION;VEV_5000;SEASHELLS;264;10
108400;;SUBMISSION;VEV_4000;SEASHELLS;1263;3
108400;;SUBMISSION;VEV_4500;SEASHELLS;763;3
112700;;SUBMISSION;VEV_5000;SEASHELLS;263;5
125100;;SUBMISSION;VEV_4000;SEASHELLS;1264;5
125100;;SUBMISSION;VEV_4500;SEASHELLS;764;2
181900;SUBMISSION;;VEV_5000;SEASHELLS;252;1
182100;SUBMISSION;;VEV_5000;SEASHELLS;252;1
182300;SUBMISSION;;VEV_5000;SEASHELLS;252;1
184100;SUBMISSION;;VEV_5000;SEASHELLS;250;4
184500;SUBMISSION;;VEV_5000;SEASHELLS;250;4
184900;SUBMISSION;;VEV_5000;SEASHELLS;248;6
185000;SUBMISSION;;VEV_5000;SEASHELLS;250;4
185100;SUBMISSION;;VEV_5000;SEASHELLS;248;6
185200;SUBMISSION;;VEV_5000;SEASHELLS;249;4
185400;;SUBMISSION;HYDROGEL_PACK;SEASHELLS;10017;2
185500;;SUBMISSION;HYDROGEL_PACK;SEASHELLS;10018;3
185600;;SUBMISSION;HYDROGEL_PACK;SEASHELLS;10023;8
185700;;SUBMISSION;HYDROGEL_PACK;SEASHELLS;10023;8
185800;;SUBMISSION;HYDROGEL_PACK;SEASHELLS;10024;9
185800;Mark 38;SUBMISSION;HYDROGEL_PACK;SEASHELLS;10039;4
185900;;SUBMISSION;HYDROGEL_PACK;SEASHELLS;10024;12
185900;;SUBMISSION;HYDROGEL_PACK;SEASHELLS;10021;2
186000;;SUBMISSION;HYDROGEL_PACK;SEASHELLS;10023;8
186000;SUBMISSION;;VEV_5000;SEASHELLS;245;9
186000;SUBMISSION;;VEV_5000;SEASHELLS;246;1
186100;;SUBMISSION;HYDROGEL_PACK;SEASHELLS;10022;7
186200;;SUBMISSION;HYDROGEL_PACK;SEASHELLS;10017;2
186400;;SUBMISSION;HYDROGEL_PACK;SEASHELLS;10017;2
186500;;SUBMISSION;HYDROGEL_PACK;SEASHELLS;10021;6
186600;;SUBMISSION;HYDROGEL_PACK;SEASHELLS;10020;5
186700;;SUBMISSION;HYDROGEL_PACK;SEASHELLS;10022;7
186800;;SUBMISSION;HYDROGEL_PACK;SEASHELLS;10020;5
186800;SUBMISSION;;VEV_5000;SEASHELLS;246;9
186900;;SUBMISSION;HYDROGEL_PACK;SEASHELLS;10020;5
187000;;SUBMISSION;HYDROGEL_PACK;SEASHELLS;10022;7
187100;;SUBMISSION;HYDROGEL_PACK;SEASHELLS;10021;6
187200;;SUBMISSION;HYDROGEL_PACK;SEASHELLS;10022;7
187300;;SUBMISSION;HYDROGEL_PACK;SEASHELLS;10022;7
187400;;SUBMISSION;HYDROGEL_PACK;SEASHELLS;10019;4
187500;;SUBMISSION;HYDROGEL_PACK;SEASHELLS;10018;3
187600;;SUBMISSION;HYDROGEL_PACK;SEASHELLS;10016;1
187700;;SUBMISSION;HYDROGEL_PACK;SEASHELLS;10017;2
188800;SUBMISSION;;VEV_5000;SEASHELLS;242;11
189900;SUBMISSION;;VEV_5000;SEASHELLS;248;4
190100;SUBMISSION;;VEV_4000;SEASHELLS;1238;3
190100;SUBMISSION;;VEV_4500;SEASHELLS;738;2
190200;SUBMISSION;;VEV_5000;SEASHELLS;246;6
191900;SUBMISSION;;VEV_5000;SEASHELLS;248;2
193400;Mark 38;SUBMISSION;HYDROGEL_PACK;SEASHELLS;10025;4
193600;SUBMISSION;;VEV_5000;SEASHELLS;246;5
194200;Mark 38;SUBMISSION;VEV_4000;SEASHELLS;1246;2
195600;SUBMISSION;;VEV_4000;SEASHELLS;1235;3
195600;SUBMISSION;;VEV_4500;SEASHELLS;735;3
195600;SUBMISSION;;VEV_5000;SEASHELLS;241;1
197300;SUBMISSION;;VEV_5000;SEASHELLS;246;4
197800;SUBMISSION;;VEV_5000;SEASHELLS;248;2
198200;SUBMISSION;;VEV_5000;SEASHELLS;248;2
198800;SUBMISSION;;VEV_5000;SEASHELLS;250;7
199700;SUBMISSION;;VEV_5000;SEASHELLS;248;10
202300;Mark 38;SUBMISSION;VEV_4000;SEASHELLS;1251;3
203600;SUBMISSION;;VEV_5000;SEASHELLS;249;1
206600;Mark 38;SUBMISSION;VEV_4000;SEASHELLS;1254;1
210600;SUBMISSION;Mark 38;HYDROGEL_PACK;SEASHELLS;9991;5
211100;SUBMISSION;Mark 38;HYDROGEL_PACK;SEASHELLS;9997;6
211900;;SUBMISSION;VEV_5000;SEASHELLS;258;2
212000;;SUBMISSION;VEV_5000;SEASHELLS;258;1
212300;;SUBMISSION;VEV_5000;SEASHELLS;257;1
212400;;SUBMISSION;VEV_5000;SEASHELLS;257;1
212500;;SUBMISSION;VEV_5000;SEASHELLS;258;2
212600;;SUBMISSION;VEV_5000;SEASHELLS;259;3
212700;;SUBMISSION;VEV_5000;SEASHELLS;258;2
212800;;SUBMISSION;VEV_5000;SEASHELLS;260;3
212900;;SUBMISSION;VEV_5000;SEASHELLS;261;5
213000;;SUBMISSION;VEV_5000;SEASHELLS;260;3
213100;;SUBMISSION;VEV_5000;SEASHELLS;259;2
213200;;SUBMISSION;VEV_5000;SEASHELLS;260;4
213300;;SUBMISSION;VEV_5000;SEASHELLS;258;2
213400;;SUBMISSION;VEV_5000;SEASHELLS;258;1
213500;;SUBMISSION;VEV_5000;SEASHELLS;259;2
213600;;SUBMISSION;VEV_5000;SEASHELLS;258;2
213700;;SUBMISSION;VEV_5000;SEASHELLS;258;2
213800;SUBMISSION;;HYDROGEL_PACK;SEASHELLS;9996;1
213800;;SUBMISSION;VEV_5000;SEASHELLS;258;3
213900;;SUBMISSION;VEV_5000;SEASHELLS;258;1
214000;;SUBMISSION;VEV_5000;SEASHELLS;257;1
214200;SUBMISSION;;HYDROGEL_PACK;SEASHELLS;9996;1
214300;SUBMISSION;;HYDROGEL_PACK;SEASHELLS;9995;3
214400;SUBMISSION;;HYDROGEL_PACK;SEASHELLS;9994;4
214500;SUBMISSION;;HYDROGEL_PACK;SEASHELLS;9991;8
214600;SUBMISSION;;HYDROGEL_PACK;SEASHELLS;9989;12
214700;SUBMISSION;;HYDROGEL_PACK;SEASHELLS;9992;8
214800;SUBMISSION;;HYDROGEL_PACK;SEASHELLS;9991;9
214900;SUBMISSION;;HYDROGEL_PACK;SEASHELLS;9990;11
215000;SUBMISSION;;HYDROGEL_PACK;SEASHELLS;9992;8
215100;SUBMISSION;;HYDROGEL_PACK;SEASHELLS;9994;4
215200;SUBMISSION;;HYDROGEL_PACK;SEASHELLS;9994;4
215300;SUBMISSION;;HYDROGEL_PACK;SEASHELLS;9994;4
215400;SUBMISSION;;HYDROGEL_PACK;SEASHELLS;9992;8
215500;SUBMISSION;;HYDROGEL_PACK;SEASHELLS;9994;4
215600;SUBMISSION;;HYDROGEL_PACK;SEASHELLS;9995;3
215700;SUBMISSION;;HYDROGEL_PACK;SEASHELLS;9995;3
215800;SUBMISSION;;HYDROGEL_PACK;SEASHELLS;9995;3
217500;Mark 38;SUBMISSION;HYDROGEL_PACK;SEASHELLS;10010;4
218200;;SUBMISSION;VEV_5000;SEASHELLS;256;2
218500;Mark 38;SUBMISSION;HYDROGEL_PACK;SEASHELLS;10016;5
218900;Mark 38;SUBMISSION;HYDROGEL_PACK;SEASHELLS;10013;3
221100;SUBMISSION;;VEV_5000;SEASHELLS;252;1
221200;Mark 38;SUBMISSION;HYDROGEL_PACK;SEASHELLS;10010;5
221700;SUBMISSION;;VEV_5000;SEASHELLS;251;1
221800;SUBMISSION;;VEV_5000;SEASHELLS;252;1
222000;SUBMISSION;;VEV_5000;SEASHELLS;251;1
223500;SUBMISSION;;HYDROGEL_PACK;SEASHELLS;9998;2
223600;SUBMISSION;;HYDROGEL_PACK;SEASHELLS;9994;9
223700;SUBMISSION;;HYDROGEL_PACK;SEASHELLS;9992;13
223800;SUBMISSION;;HYDROGEL_PACK;SEASHELLS;9994;9
223900;SUBMISSION;;HYDROGEL_PACK;SEASHELLS;9996;6
226100;;SUBMISSION;VEV_5000;SEASHELLS;256;1
226200;;SUBMISSION;VEV_5000;SEASHELLS;256;2
226400;;SUBMISSION;VEV_5000;SEASHELLS;256;1
226500;;SUBMISSION;VEV_5000;SEASHELLS;256;2
226900;;SUBMISSION;VEV_5000;SEASHELLS;256;2
227000;;SUBMISSION;VEV_5000;SEASHELLS;256;1
227100;;SUBMISSION;VEV_5000;SEASHELLS;256;1
227500;;SUBMISSION;VEV_5000;SEASHELLS;256;2
227600;;SUBMISSION;VEV_5000;SEASHELLS;257;3
227700;;SUBMISSION;VEV_5000;SEASHELLS;257;3
227900;;SUBMISSION;VEV_5000;SEASHELLS;256;2
228100;;SUBMISSION;VEV_5000;SEASHELLS;256;1
230000;SUBMISSION;;HYDROGEL_PACK;SEASHELLS;9998;1
230200;SUBMISSION;;HYDROGEL_PACK;SEASHELLS;9998;1
230700;SUBMISSION;;VEV_5000;SEASHELLS;252;2
230800;Mark 38;SUBMISSION;HYDROGEL_PACK;SEASHELLS;10006;3
231000;SUBMISSION;;VEV_5000;SEASHELLS;252;2
231100;SUBMISSION;;VEV_5000;SEASHELLS;252;2
231400;SUBMISSION;;VEV_5000;SEASHELLS;252;2
231700;SUBMISSION;;VEV_5000;SEASHELLS;252;2
232000;SUBMISSION;;VEV_5000;SEASHELLS;252;2
232900;SUBMISSION;;VEV_5000;SEASHELLS;252;2
233200;SUBMISSION;;VEV_5000;SEASHELLS;252;2
233400;SUBMISSION;;VEV_5000;SEASHELLS;252;2
233600;SUBMISSION;;VEV_5000;SEASHELLS;252;2
235000;;SUBMISSION;HYDROGEL_PACK;SEASHELLS;10006;3
235100;;SUBMISSION;HYDROGEL_PACK;SEASHELLS;10005;1
235900;SUBMISSION;Mark 38;HYDROGEL_PACK;SEASHELLS;9999;3
236400;;SUBMISSION;HYDROGEL_PACK;SEASHELLS;10005;2
236600;;SUBMISSION;HYDROGEL_PACK;SEASHELLS;10008;8
236700;;SUBMISSION;HYDROGEL_PACK;SEASHELLS;10010;11
236700;;SUBMISSION;HYDROGEL_PACK;SEASHELLS;10008;1
236800;;SUBMISSION;HYDROGEL_PACK;SEASHELLS;10007;6
236900;;SUBMISSION;HYDROGEL_PACK;SEASHELLS;10006;4
237000;;SUBMISSION;HYDROGEL_PACK;SEASHELLS;10009;10
237100;;SUBMISSION;HYDROGEL_PACK;SEASHELLS;10011;11
237100;;SUBMISSION;HYDROGEL_PACK;SEASHELLS;10008;3
237200;;SUBMISSION;HYDROGEL_PACK;SEASHELLS;10011;12
237200;;SUBMISSION;HYDROGEL_PACK;SEASHELLS;10009;2
237300;;SUBMISSION;HYDROGEL_PACK;SEASHELLS;10011;10
237300;;SUBMISSION;HYDROGEL_PACK;SEASHELLS;10008;4
237400;;SUBMISSION;HYDROGEL_PACK;SEASHELLS;10009;10
237500;;SUBMISSION;HYDROGEL_PACK;SEASHELLS;10010;10
237500;;SUBMISSION;HYDROGEL_PACK;SEASHELLS;10008;2
237600;;SUBMISSION;HYDROGEL_PACK;SEASHELLS;10012;13
237600;;SUBMISSION;HYDROGEL_PACK;SEASHELLS;10010;3
239100;;SUBMISSION;VEV_5000;SEASHELLS;255;1
239300;;SUBMISSION;HYDROGEL_PACK;SEASHELLS;10005;2
239300;;SUBMISSION;VEV_5000;SEASHELLS;256;1
239400;;SUBMISSION;VEV_5000;SEASHELLS;255;1
239500;;SUBMISSION;VEV_5000;SEASHELLS;256;2
239600;;SUBMISSION;VEV_5000;SEASHELLS;257;2
239700;;SUBMISSION;VEV_5000;SEASHELLS;256;3
239800;;SUBMISSION;VEV_5000;SEASHELLS;257;5
239900;;SUBMISSION;VEV_5000;SEASHELLS;257;5
240000;;SUBMISSION;VEV_5000;SEASHELLS;256;3
240100;;SUBMISSION;VEV_5000;SEASHELLS;257;4
240200;;SUBMISSION;VEV_5000;SEASHELLS;257;5
240300;;SUBMISSION;VEV_5000;SEASHELLS;256;3
240400;;SUBMISSION;VEV_5000;SEASHELLS;256;3
240500;;SUBMISSION;VEV_5000;SEASHELLS;257;4
240600;;SUBMISSION;VEV_5000;SEASHELLS;258;7
240700;;SUBMISSION;VEV_5000;SEASHELLS;259;9
243000;;SUBMISSION;VEV_5000;SEASHELLS;257;4
244400;;SUBMISSION;VEV_5000;SEASHELLS;257;1
244500;;SUBMISSION;HYDROGEL_PACK;SEASHELLS;10004;1
247800;;SUBMISSION;VEV_4000;SEASHELLS;1257;2
247800;;SUBMISSION;VEV_4500;SEASHELLS;757;2
249800;;SUBMISSION;VEV_4000;SEASHELLS;1266;3
249800;;SUBMISSION;VEV_4500;SEASHELLS;766;3
250600;SUBMISSION;Mark 38;VEV_4000;SEASHELLS;1253;2
252500;SUBMISSION;Mark 38;HYDROGEL_PACK;SEASHELLS;9989;3
253100;SUBMISSION;;HYDROGEL_PACK;SEASHELLS;10001;1
253900;SUBMISSION;;HYDROGEL_PACK;SEASHELLS;10001;1
254200;SUBMISSION;;HYDROGEL_PACK;SEASHELLS;10001;2
254300;SUBMISSION;;HYDROGEL_PACK;SEASHELLS;10001;2
254400;SUBMISSION;;HYDROGEL_PACK;SEASHELLS;9998;9
254500;SUBMISSION;;HYDROGEL_PACK;SEASHELLS;10000;4
254600;SUBMISSION;;HYDROGEL_PACK;SEASHELLS;9999;7
254700;SUBMISSION;;HYDROGEL_PACK;SEASHELLS;9997;3
254800;SUBMISSION;;HYDROGEL_PACK;SEASHELLS;9997;11
254800;SUBMISSION;;HYDROGEL_PACK;SEASHELLS;9999;1
254900;SUBMISSION;;HYDROGEL_PACK;SEASHELLS;9997;12
255000;SUBMISSION;;HYDROGEL_PACK;SEASHELLS;9996;13
255000;SUBMISSION;;HYDROGEL_PACK;SEASHELLS;9998;1
255000;SUBMISSION;Mark 38;HYDROGEL_PACK;SEASHELLS;9981;4
255100;SUBMISSION;;HYDROGEL_PACK;SEASHELLS;9995;11
255100;SUBMISSION;;HYDROGEL_PACK;SEASHELLS;9998;10
255200;SUBMISSION;;HYDROGEL_PACK;SEASHELLS;9993;12
255200;SUBMISSION;;HYDROGEL_PACK;SEASHELLS;9996;10
257600;;SUBMISSION;VEV_4000;SEASHELLS;1263;3
257600;;SUBMISSION;VEV_4500;SEASHELLS;763;3
260400;SUBMISSION;;HYDROGEL_PACK;SEASHELLS;9992;11
261100;SUBMISSION;;HYDROGEL_PACK;SEASHELLS;9997;2
262300;Mark 38;SUBMISSION;HYDROGEL_PACK;SEASHELLS;10004;4
262800;Mark 38;SUBMISSION;HYDROGEL_PACK;SEASHELLS;10007;2
265900;SUBMISSION;Mark 38;VEV_4000;SEASHELLS;1241;1
266300;SUBMISSION;;HYDROGEL_PACK;SEASHELLS;9999;1
266500;SUBMISSION;;HYDROGEL_PACK;SEASHELLS;9997;5
271600;SUBMISSION;Mark 38;VEV_4000;SEASHELLS;1249;1
286000;;SUBMISSION;VEV_4000;SEASHELLS;1262;5
286000;;SUBMISSION;VEV_4500;SEASHELLS;762;3
292000;;SUBMISSION;VEV_4000;SEASHELLS;1272;3
292000;;SUBMISSION;VEV_4500;SEASHELLS;772;3
295600;;SUBMISSION;VEV_4000;SEASHELLS;1274;4
295600;;SUBMISSION;VEV_4500;SEASHELLS;774;4
297500;SUBMISSION;Mark 38;VEV_4000;SEASHELLS;1263;1
304800;;SUBMISSION;VEV_4000;SEASHELLS;1267;5
304800;;SUBMISSION;VEV_4500;SEASHELLS;767;4
325300;SUBMISSION;Mark 38;VEV_4000;SEASHELLS;1238;2
328000;SUBMISSION;Mark 38;VEV_4000;SEASHELLS;1244;1
328400;SUBMISSION;Mark 38;VEV_4000;SEASHELLS;1241;1
331400;SUBMISSION;Mark 38;VEV_4000;SEASHELLS;1233;1
333200;SUBMISSION;;VEV_5000;SEASHELLS;248;2
334900;SUBMISSION;Mark 38;VEV_4000;SEASHELLS;1238;1
348500;SUBMISSION;Mark 38;HYDROGEL_PACK;SEASHELLS;9965;5
353000;SUBMISSION;;VEV_5000;SEASHELLS;252;1
354100;SUBMISSION;;VEV_5000;SEASHELLS;252;1
354200;SUBMISSION;;VEV_5000;SEASHELLS;252;1
354300;SUBMISSION;;VEV_5000;SEASHELLS;251;1
354400;SUBMISSION;;VEV_5000;SEASHELLS;251;2
354500;SUBMISSION;;VEV_5000;SEASHELLS;251;1
354700;SUBMISSION;;VEV_5000;SEASHELLS;251;2
355000;SUBMISSION;;VEV_5000;SEASHELLS;251;2
355200;SUBMISSION;;VEV_5000;SEASHELLS;250;3
355300;SUBMISSION;;VEV_5000;SEASHELLS;249;4
355500;SUBMISSION;;VEV_5000;SEASHELLS;250;3
355600;SUBMISSION;;VEV_5000;SEASHELLS;250;4
355700;SUBMISSION;;VEV_5000;SEASHELLS;248;5
355800;SUBMISSION;;VEV_5000;SEASHELLS;248;7
355900;SUBMISSION;;VEV_5000;SEASHELLS;248;7
356000;SUBMISSION;;VEV_5000;SEASHELLS;250;4
356100;SUBMISSION;;VEV_5000;SEASHELLS;250;4
356200;SUBMISSION;;VEV_5000;SEASHELLS;250;2
356300;SUBMISSION;;VEV_5000;SEASHELLS;251;2
356400;SUBMISSION;;VEV_5000;SEASHELLS;251;1
356600;SUBMISSION;;VEV_5000;SEASHELLS;251;1
356800;SUBMISSION;Mark 38;VEV_4000;SEASHELLS;1235;2
357200;SUBMISSION;;VEV_5000;SEASHELLS;252;1
357300;SUBMISSION;;VEV_5000;SEASHELLS;252;1
357400;SUBMISSION;;VEV_5000;SEASHELLS;252;1
358300;SUBMISSION;Mark 38;VEV_4000;SEASHELLS;1238;3
363400;;SUBMISSION;VEV_5000;SEASHELLS;256;2
363500;;SUBMISSION;VEV_5000;SEASHELLS;256;2
363600;;SUBMISSION;VEV_5000;SEASHELLS;258;7
363700;;SUBMISSION;VEV_5000;SEASHELLS;258;6
363800;;SUBMISSION;VEV_5000;SEASHELLS;258;6
363900;;SUBMISSION;VEV_5000;SEASHELLS;257;6
364100;;SUBMISSION;VEV_5000;SEASHELLS;256;2
364200;;SUBMISSION;VEV_5000;SEASHELLS;255;1
364300;;SUBMISSION;VEV_5000;SEASHELLS;256;2
365000;SUBMISSION;Mark 38;VEV_4000;SEASHELLS;1243;2
366200;;SUBMISSION;VEV_5000;SEASHELLS;254;1
370000;;SUBMISSION;VEV_5000;SEASHELLS;254;1
371100;;SUBMISSION;VEV_5000;SEASHELLS;254;2
372100;;SUBMISSION;VEV_5000;SEASHELLS;254;1
372200;;SUBMISSION;VEV_5000;SEASHELLS;255;2
372300;;SUBMISSION;VEV_5000;SEASHELLS;255;3
372600;;SUBMISSION;VEV_5000;SEASHELLS;255;2
372700;;SUBMISSION;VEV_5000;SEASHELLS;255;2
372800;;SUBMISSION;VEV_5000;SEASHELLS;255;3
372900;;SUBMISSION;VEV_5000;SEASHELLS;255;2
373000;;SUBMISSION;VEV_5000;SEASHELLS;256;4
373100;;SUBMISSION;VEV_5000;SEASHELLS;255;2
373200;;SUBMISSION;VEV_5000;SEASHELLS;255;2
374700;;SUBMISSION;VEV_5000;SEASHELLS;255;2
374800;SUBMISSION;Mark 38;VEV_4000;SEASHELLS;1243;3
376300;SUBMISSION;Mark 38;VEV_4000;SEASHELLS;1237;2
384200;SUBMISSION;Mark 38;VEV_4000;SEASHELLS;1240;1
384500;SUBMISSION;Mark 38;VEV_4000;SEASHELLS;1239;1
386100;SUBMISSION;;VEV_5000;SEASHELLS;253;2
386300;SUBMISSION;;VEV_5000;SEASHELLS;252;4
386500;SUBMISSION;;VEV_5000;SEASHELLS;253;2
386600;SUBMISSION;;VEV_5000;SEASHELLS;254;2
386700;SUBMISSION;;VEV_5000;SEASHELLS;253;2
386900;SUBMISSION;;VEV_5000;SEASHELLS;253;2
387100;SUBMISSION;;VEV_5000;SEASHELLS;254;2
387400;SUBMISSION;;VEV_5000;SEASHELLS;254;2
388700;SUBMISSION;;VEV_5000;SEASHELLS;253;2
388800;SUBMISSION;;VEV_5000;SEASHELLS;253;2
388900;SUBMISSION;;VEV_5000;SEASHELLS;252;4
389000;SUBMISSION;;VEV_5000;SEASHELLS;252;7
389200;SUBMISSION;;VEV_5000;SEASHELLS;251;7
389300;SUBMISSION;;VEV_5000;SEASHELLS;250;12
389500;SUBMISSION;;VEV_5000;SEASHELLS;252;7
389600;SUBMISSION;;VEV_5000;SEASHELLS;252;7
389700;SUBMISSION;;VEV_5000;SEASHELLS;252;2
389800;SUBMISSION;;VEV_5000;SEASHELLS;253;3
389900;SUBMISSION;;VEV_5000;SEASHELLS;252;5
390000;SUBMISSION;;VEV_5000;SEASHELLS;252;7
390200;SUBMISSION;;VEV_5000;SEASHELLS;253;7
390300;SUBMISSION;;VEV_5000;SEASHELLS;253;3
390400;SUBMISSION;;VEV_5000;SEASHELLS;253;2
390500;SUBMISSION;;VEV_5000;SEASHELLS;252;7
390600;SUBMISSION;;VEV_5000;SEASHELLS;252;4
390700;SUBMISSION;;VEV_5000;SEASHELLS;251;8
390800;SUBMISSION;;VEV_5000;SEASHELLS;251;6
390900;SUBMISSION;;VEV_5000;SEASHELLS;253;2
391100;SUBMISSION;;VEV_5000;SEASHELLS;252;5
391500;SUBMISSION;;VEV_5000;SEASHELLS;250;10
391800;SUBMISSION;;VEV_5000;SEASHELLS;252;5
392000;SUBMISSION;;VEV_5000;SEASHELLS;253;2
392200;SUBMISSION;;VEV_5000;SEASHELLS;254;1
392300;SUBMISSION;;VEV_5000;SEASHELLS;252;4
392400;SUBMISSION;;VEV_5000;SEASHELLS;252;4
392500;SUBMISSION;;VEV_5000;SEASHELLS;251;6
392700;SUBMISSION;;VEV_5000;SEASHELLS;252;4
392800;SUBMISSION;;VEV_5000;SEASHELLS;252;6
393100;SUBMISSION;;VEV_5000;SEASHELLS;252;5
393500;SUBMISSION;;VEV_5000;SEASHELLS;252;5
393600;SUBMISSION;;VEV_5000;SEASHELLS;252;2
393700;SUBMISSION;;VEV_5000;SEASHELLS;252;6
393800;SUBMISSION;;VEV_5000;SEASHELLS;251;6
395000;SUBMISSION;;VEV_5000;SEASHELLS;249;7
399700;SUBMISSION;;VEV_4000;SEASHELLS;1240;5
399700;SUBMISSION;;VEV_4500;SEASHELLS;740;3
410400;SUBMISSION;;VEV_4000;SEASHELLS;1235;3
410400;SUBMISSION;;VEV_4500;SEASHELLS;735;3
419700;Mark 38;SUBMISSION;VEV_4000;SEASHELLS;1240;1
425400;Mark 38;SUBMISSION;VEV_4000;SEASHELLS;1245;1
428000;SUBMISSION;;VEV_4000;SEASHELLS;1232;2
428000;SUBMISSION;;VEV_4500;SEASHELLS;732;2
437100;SUBMISSION;;VEV_4000;SEASHELLS;1233;4
437100;SUBMISSION;;VEV_4500;SEASHELLS;733;4
455400;Mark 38;SUBMISSION;VEV_4000;SEASHELLS;1256;1
462800;;SUBMISSION;VEV_5000;SEASHELLS;257;1
470500;;SUBMISSION;VEV_5000;SEASHELLS;257;1
474200;;SUBMISSION;VEV_5000;SEASHELLS;257;2
475700;;SUBMISSION;VEV_5000;SEASHELLS;256;2
475800;;SUBMISSION;VEV_5000;SEASHELLS;256;1
475900;;SUBMISSION;VEV_5000;SEASHELLS;257;3
476000;;SUBMISSION;VEV_5000;SEASHELLS;258;4
476100;;SUBMISSION;VEV_5000;SEASHELLS;259;6
476200;;SUBMISSION;VEV_5000;SEASHELLS;257;3
476300;;SUBMISSION;VEV_5000;SEASHELLS;258;4
476400;;SUBMISSION;VEV_5000;SEASHELLS;258;3
476500;;SUBMISSION;VEV_5000;SEASHELLS;258;3
476600;;SUBMISSION;VEV_5000;SEASHELLS;257;2
476700;;SUBMISSION;VEV_5000;SEASHELLS;257;2
476800;;SUBMISSION;VEV_5000;SEASHELLS;256;1
476900;;SUBMISSION;VEV_5000;SEASHELLS;256;2
477000;;SUBMISSION;VEV_5000;SEASHELLS;257;2
477100;;SUBMISSION;VEV_5000;SEASHELLS;258;1
477200;;SUBMISSION;VEV_5000;SEASHELLS;259;4
477300;;SUBMISSION;VEV_5000;SEASHELLS;259;6
477400;;SUBMISSION;VEV_5000;SEASHELLS;259;6
477500;;SUBMISSION;VEV_5000;SEASHELLS;259;6
477600;;SUBMISSION;VEV_4000;SEASHELLS;1258;3
477600;;SUBMISSION;VEV_4500;SEASHELLS;758;3
477700;;SUBMISSION;VEV_5000;SEASHELLS;258;3
477800;;SUBMISSION;VEV_5000;SEASHELLS;257;3
477900;;SUBMISSION;VEV_5000;SEASHELLS;256;1
478000;;SUBMISSION;VEV_5000;SEASHELLS;256;2
480700;Mark 38;SUBMISSION;VEV_4000;SEASHELLS;1258;2
481300;Mark 38;SUBMISSION;VEV_4000;SEASHELLS;1256;3
481700;SUBMISSION;;VEV_5000;SEASHELLS;252;1
481800;SUBMISSION;;VEV_5000;SEASHELLS;251;2
482000;SUBMISSION;;VEV_5000;SEASHELLS;251;1
482100;SUBMISSION;;VEV_5000;SEASHELLS;251;1
482200;SUBMISSION;;VEV_5000;SEASHELLS;251;2
482300;SUBMISSION;;VEV_5000;SEASHELLS;251;2
482900;SUBMISSION;;VEV_5000;SEASHELLS;250;2
483000;SUBMISSION;;VEV_5000;SEASHELLS;250;2
483200;Mark 38;SUBMISSION;VEV_4000;SEASHELLS;1251;3
483200;SUBMISSION;;VEV_5000;SEASHELLS;249;5
483300;SUBMISSION;;VEV_5000;SEASHELLS;248;6
483400;SUBMISSION;;VEV_5000;SEASHELLS;248;7
483500;SUBMISSION;;VEV_5000;SEASHELLS;248;6
483700;SUBMISSION;;VEV_5000;SEASHELLS;248;7
483800;SUBMISSION;;VEV_5000;SEASHELLS;249;5
483900;SUBMISSION;;VEV_5000;SEASHELLS;250;2
484000;SUBMISSION;;VEV_5000;SEASHELLS;250;2
484200;SUBMISSION;;VEV_5000;SEASHELLS;251;1
484300;SUBMISSION;;VEV_5000;SEASHELLS;251;1
484500;SUBMISSION;;VEV_5000;SEASHELLS;250;2
484600;SUBMISSION;;VEV_5000;SEASHELLS;250;4
484700;SUBMISSION;;VEV_5000;SEASHELLS;251;2
484800;SUBMISSION;;VEV_5000;SEASHELLS;251;2
484900;SUBMISSION;;VEV_5000;SEASHELLS;249;4
485000;SUBMISSION;;VEV_5000;SEASHELLS;250;2
485100;SUBMISSION;;VEV_5000;SEASHELLS;250;3
489700;SUBMISSION;;VEV_4000;SEASHELLS;1239;4
489700;SUBMISSION;;VEV_4500;SEASHELLS;739;2
499900;SUBMISSION;Mark 38;HYDROGEL_PACK;SEASHELLS;9991;6
503500;SUBMISSION;Mark 38;HYDROGEL_PACK;SEASHELLS;9995;6
504500;;SUBMISSION;VEV_5000;SEASHELLS;256;1
504700;;SUBMISSION;VEV_5000;SEASHELLS;256;1
505000;;SUBMISSION;VEV_5000;SEASHELLS;255;1
505100;;SUBMISSION;VEV_5000;SEASHELLS;256;1
505200;;SUBMISSION;VEV_5000;SEASHELLS;256;1
505300;;SUBMISSION;VEV_5000;SEASHELLS;257;1
505400;;SUBMISSION;VEV_5000;SEASHELLS;258;6
505500;;SUBMISSION;VEV_5000;SEASHELLS;258;6
505600;;SUBMISSION;VEV_5000;SEASHELLS;259;6
505700;;SUBMISSION;VEV_5000;SEASHELLS;259;7
505800;;SUBMISSION;VEV_5000;SEASHELLS;259;6
505900;;SUBMISSION;VEV_5000;SEASHELLS;259;6
506000;;SUBMISSION;VEV_5000;SEASHELLS;259;6
506100;;SUBMISSION;VEV_5000;SEASHELLS;259;6
506200;;SUBMISSION;VEV_5000;SEASHELLS;258;4
506300;;SUBMISSION;VEV_5000;SEASHELLS;257;3
506400;;SUBMISSION;VEV_5000;SEASHELLS;257;3
506500;;SUBMISSION;VEV_5000;SEASHELLS;258;4
506600;;SUBMISSION;VEV_5000;SEASHELLS;259;6
506700;;SUBMISSION;VEV_5000;SEASHELLS;260;7
506800;;SUBMISSION;VEV_5000;SEASHELLS;260;9
506900;;SUBMISSION;VEV_5000;SEASHELLS;260;8
507000;;SUBMISSION;VEV_5000;SEASHELLS;260;8
507100;;SUBMISSION;VEV_5000;SEASHELLS;262;10
507100;;SUBMISSION;VEV_5000;SEASHELLS;261;1
507200;;SUBMISSION;VEV_5000;SEASHELLS;263;12
507200;;SUBMISSION;VEV_5000;SEASHELLS;262;1
507300;;SUBMISSION;VEV_5000;SEASHELLS;261;10
507400;;SUBMISSION;VEV_5000;SEASHELLS;261;8
507500;;SUBMISSION;VEV_5000;SEASHELLS;261;9
507500;;SUBMISSION;VEV_5000;SEASHELLS;260;1
507600;;SUBMISSION;VEV_5000;SEASHELLS;261;8
507600;;SUBMISSION;VEV_5000;SEASHELLS;260;2
507700;;SUBMISSION;VEV_5000;SEASHELLS;262;11
507800;;SUBMISSION;VEV_5000;SEASHELLS;263;12
508900;;SUBMISSION;VEV_5000;SEASHELLS;261;7
508900;;SUBMISSION;VEV_5000;SEASHELLS;260;1
510000;;SUBMISSION;VEV_4000;SEASHELLS;1262;3
510000;;SUBMISSION;VEV_4500;SEASHELLS;762;3
518800;Mark 38;SUBMISSION;VEV_4000;SEASHELLS;1270;1
535600;SUBMISSION;;VEV_5000;SEASHELLS;250;2
535900;SUBMISSION;;VEV_5000;SEASHELLS;250;2
536100;SUBMISSION;;VEV_5000;SEASHELLS;250;2
536400;SUBMISSION;;VEV_5000;SEASHELLS;249;2
536500;SUBMISSION;;VEV_5000;SEASHELLS;250;2
536600;SUBMISSION;;VEV_5000;SEASHELLS;249;2
536700;SUBMISSION;;VEV_5000;SEASHELLS;248;3
536800;SUBMISSION;;VEV_5000;SEASHELLS;248;4
537100;SUBMISSION;;VEV_5000;SEASHELLS;246;6
537200;SUBMISSION;;VEV_5000;SEASHELLS;245;6
537300;SUBMISSION;;VEV_5000;SEASHELLS;246;6
537400;SUBMISSION;;VEV_5000;SEASHELLS;246;6
537500;SUBMISSION;;VEV_5000;SEASHELLS;246;5
537600;SUBMISSION;;VEV_5000;SEASHELLS;246;7
537700;SUBMISSION;;VEV_5000;SEASHELLS;246;6
537800;SUBMISSION;;VEV_5000;SEASHELLS;247;4
537900;SUBMISSION;;VEV_5000;SEASHELLS;247;3
538000;SUBMISSION;;VEV_5000;SEASHELLS;248;4
538100;SUBMISSION;;VEV_5000;SEASHELLS;246;6
538400;SUBMISSION;;VEV_5000;SEASHELLS;244;8
538500;SUBMISSION;;VEV_5000;SEASHELLS;244;9
538600;SUBMISSION;;VEV_5000;SEASHELLS;244;6
538700;SUBMISSION;;VEV_5000;SEASHELLS;244;8
538800;SUBMISSION;;VEV_5000;SEASHELLS;244;8
538900;SUBMISSION;;VEV_5000;SEASHELLS;244;8
539100;SUBMISSION;;VEV_5000;SEASHELLS;246;6
539200;SUBMISSION;;VEV_5000;SEASHELLS;246;6
539300;SUBMISSION;;VEV_5000;SEASHELLS;244;7
539400;SUBMISSION;;VEV_5000;SEASHELLS;245;6
539500;SUBMISSION;;VEV_5000;SEASHELLS;244;8
539600;SUBMISSION;;VEV_5000;SEASHELLS;244;6
539700;SUBMISSION;;VEV_5000;SEASHELLS;244;6
539800;SUBMISSION;;VEV_5000;SEASHELLS;244;8
539900;SUBMISSION;;VEV_5000;SEASHELLS;244;8
540100;SUBMISSION;;VEV_5000;SEASHELLS;246;6
540200;SUBMISSION;;VEV_5000;SEASHELLS;245;6
547600;SUBMISSION;;VEV_4000;SEASHELLS;1233;4
547600;SUBMISSION;;VEV_4500;SEASHELLS;733;4
547600;SUBMISSION;;VEV_5000;SEASHELLS;238;2
548400;SUBMISSION;;VEV_4000;SEASHELLS;1232;5
548400;SUBMISSION;;VEV_4500;SEASHELLS;732;4
550300;Mark 38;SUBMISSION;VEV_4000;SEASHELLS;1241;1
552600;Mark 38;SUBMISSION;VEV_4000;SEASHELLS;1243;3
553100;SUBMISSION;;VEV_4000;SEASHELLS;1229;4
553100;SUBMISSION;;VEV_4500;SEASHELLS;729;4
564300;SUBMISSION;;VEV_4000;SEASHELLS;1231;2
564300;SUBMISSION;;VEV_4500;SEASHELLS;731;2
564300;SUBMISSION;;VEV_5100;SEASHELLS;150;2
567200;SUBMISSION;;VEV_4000;SEASHELLS;1235;2
567200;SUBMISSION;;VEV_4500;SEASHELLS;735;2
567200;;SUBMISSION;VEV_5100;SEASHELLS;152;2
567700;Mark 38;SUBMISSION;VEV_4000;SEASHELLS;1245;1
568800;Mark 38;SUBMISSION;VEV_4000;SEASHELLS;1249;2
574800;SUBMISSION;;VEV_4000;SEASHELLS;1233;2
574800;SUBMISSION;;VEV_4500;SEASHELLS;733;2
575800;SUBMISSION;;VEV_4000;SEASHELLS;1235;3
576700;Mark 38;SUBMISSION;VEV_4000;SEASHELLS;1244;2
604600;SUBMISSION;;VEV_4000;SEASHELLS;1229;5
604600;SUBMISSION;;VEV_4500;SEASHELLS;729;4
608100;Mark 38;SUBMISSION;VEV_4000;SEASHELLS;1229;2
617900;SUBMISSION;;VEV_4000;SEASHELLS;1233;2
617900;SUBMISSION;;VEV_4500;SEASHELLS;733;2
618300;SUBMISSION;;VEV_4000;SEASHELLS;1233;2
618300;SUBMISSION;;VEV_4500;SEASHELLS;733;2
618300;SUBMISSION;;VEV_5100;SEASHELLS;151;2
621700;Mark 38;SUBMISSION;VEV_4000;SEASHELLS;1244;3
624400;;SUBMISSION;VEV_5100;SEASHELLS;154;2
631500;Mark 38;SUBMISSION;VEV_4000;SEASHELLS;1229;3
631700;SUBMISSION;;VEV_4000;SEASHELLS;1220;3
631700;SUBMISSION;;VEV_4500;SEASHELLS;720;3
636100;SUBMISSION;;VEV_4000;SEASHELLS;1223;4
636100;SUBMISSION;;VEV_4500;SEASHELLS;723;1
642100;SUBMISSION;;VEV_4000;SEASHELLS;1214;4
642100;SUBMISSION;;VEV_4500;SEASHELLS;714;3
645000;Mark 38;SUBMISSION;VEV_4000;SEASHELLS;1217;3
654200;SUBMISSION;;VEV_4000;SEASHELLS;1206;2
654200;SUBMISSION;;VEV_4500;SEASHELLS;706;2
674000;SUBMISSION;;VEV_4000;SEASHELLS;1223;3
674000;SUBMISSION;;VEV_4500;SEASHELLS;723;3
711700;;SUBMISSION;VEV_5000;SEASHELLS;263;1
711800;;SUBMISSION;VEV_5000;SEASHELLS;264;2
711900;;SUBMISSION;VEV_5000;SEASHELLS;265;2
712000;;SUBMISSION;VEV_5000;SEASHELLS;264;1
712100;;SUBMISSION;VEV_5000;SEASHELLS;263;1
712200;;SUBMISSION;VEV_5000;SEASHELLS;263;1
712300;;SUBMISSION;VEV_5000;SEASHELLS;263;1
712400;;SUBMISSION;VEV_5000;SEASHELLS;263;1
712500;;SUBMISSION;VEV_5000;SEASHELLS;263;1
712600;;SUBMISSION;VEV_5000;SEASHELLS;264;2
712700;;SUBMISSION;VEV_5000;SEASHELLS;264;2
712800;;SUBMISSION;VEV_5000;SEASHELLS;263;2
712900;;SUBMISSION;VEV_5000;SEASHELLS;264;2
713000;;SUBMISSION;VEV_5000;SEASHELLS;267;4
713100;;SUBMISSION;VEV_5000;SEASHELLS;266;4
713200;;SUBMISSION;VEV_5000;SEASHELLS;269;5
713300;;SUBMISSION;VEV_5000;SEASHELLS;270;6
713400;;SUBMISSION;VEV_5000;SEASHELLS;270;5
713500;;SUBMISSION;VEV_5000;SEASHELLS;271;6
713600;;SUBMISSION;VEV_5000;SEASHELLS;273;6
713700;;SUBMISSION;VEV_5000;SEASHELLS;273;7
713800;;SUBMISSION;VEV_5000;SEASHELLS;272;7
713900;;SUBMISSION;VEV_5000;SEASHELLS;272;7
714000;;SUBMISSION;VEV_5000;SEASHELLS;272;7
714100;;SUBMISSION;VEV_5000;SEASHELLS;272;7
714200;;SUBMISSION;VEV_5000;SEASHELLS;271;6
714300;;SUBMISSION;VEV_5000;SEASHELLS;271;6
714400;;SUBMISSION;VEV_5000;SEASHELLS;272;6
714500;;SUBMISSION;VEV_5000;SEASHELLS;271;6
714600;;SUBMISSION;VEV_5000;SEASHELLS;270;6
714700;;SUBMISSION;VEV_5000;SEASHELLS;269;5
714800;;SUBMISSION;VEV_5000;SEASHELLS;269;5
714900;;SUBMISSION;VEV_5000;SEASHELLS;269;4
715000;;SUBMISSION;VEV_5000;SEASHELLS;269;5
715100;;SUBMISSION;VEV_5000;SEASHELLS;269;5
715200;;SUBMISSION;VEV_5000;SEASHELLS;270;5
715300;;SUBMISSION;VEV_5000;SEASHELLS;270;6
715400;;SUBMISSION;VEV_5000;SEASHELLS;271;6
715500;;SUBMISSION;VEV_5000;SEASHELLS;272;6
715600;;SUBMISSION;VEV_5000;SEASHELLS;272;7
715700;;SUBMISSION;VEV_5000;SEASHELLS;273;7
715800;;SUBMISSION;VEV_5000;SEASHELLS;272;7
715900;;SUBMISSION;VEV_5000;SEASHELLS;271;6
716000;;SUBMISSION;VEV_5000;SEASHELLS;272;6
738100;Mark 38;SUBMISSION;VEV_4000;SEASHELLS;1281;2
743800;Mark 38;SUBMISSION;VEV_4000;SEASHELLS;1278;3
748300;;SUBMISSION;VEV_4000;SEASHELLS;1272;4
752400;;SUBMISSION;VEV_4000;SEASHELLS;1270;5
752400;;SUBMISSION;VEV_4500;SEASHELLS;770;3
756300;Mark 38;SUBMISSION;VEV_4000;SEASHELLS;1275;2
765700;;SUBMISSION;VEV_4000;SEASHELLS;1269;5
765700;;SUBMISSION;VEV_4500;SEASHELLS;769;5
772000;Mark 38;SUBMISSION;VEV_4000;SEASHELLS;1272;3
801000;Mark 38;SUBMISSION;VEV_4000;SEASHELLS;1258;2
802900;SUBMISSION;;VEV_5000;SEASHELLS;246;2
803000;SUBMISSION;;VEV_5000;SEASHELLS;246;1
803100;SUBMISSION;;VEV_5000;SEASHELLS;246;1
804100;SUBMISSION;;VEV_5000;SEASHELLS;248;1
804200;SUBMISSION;;VEV_5000;SEASHELLS;247;1
804700;SUBMISSION;;VEV_5000;SEASHELLS;248;1
805000;SUBMISSION;;VEV_5000;SEASHELLS;247;1
805100;SUBMISSION;;VEV_5000;SEASHELLS;247;1
810600;SUBMISSION;;VEV_5000;SEASHELLS;248;1
810800;SUBMISSION;;VEV_5000;SEASHELLS;248;1
810900;SUBMISSION;;VEV_5000;SEASHELLS;248;2
811000;SUBMISSION;;VEV_5000;SEASHELLS;245;4
811200;SUBMISSION;;VEV_5000;SEASHELLS;244;5
811300;SUBMISSION;;VEV_5000;SEASHELLS;244;6
811400;SUBMISSION;;VEV_5000;SEASHELLS;245;4
811500;SUBMISSION;;VEV_5000;SEASHELLS;244;5
811700;SUBMISSION;;VEV_5000;SEASHELLS;245;4
811800;SUBMISSION;;VEV_5000;SEASHELLS;244;4
811900;SUBMISSION;;VEV_5000;SEASHELLS;245;4
812000;SUBMISSION;;VEV_5000;SEASHELLS;244;5
812100;SUBMISSION;;VEV_5000;SEASHELLS;244;5
812200;SUBMISSION;;VEV_5000;SEASHELLS;242;7
812400;SUBMISSION;;VEV_5000;SEASHELLS;243;6
812600;SUBMISSION;;VEV_4000;SEASHELLS;1234;4
812600;SUBMISSION;;VEV_4500;SEASHELLS;734;2
812800;SUBMISSION;;VEV_5000;SEASHELLS;242;6
813000;SUBMISSION;;VEV_4000;SEASHELLS;1231;3
813000;SUBMISSION;;VEV_4500;SEASHELLS;731;3
813000;SUBMISSION;;VEV_5000;SEASHELLS;236;3
813000;SUBMISSION;;VEV_5000;SEASHELLS;240;3
813100;SUBMISSION;;VEV_5000;SEASHELLS;240;9
813200;SUBMISSION;;VEV_5000;SEASHELLS;240;9
813300;SUBMISSION;;VEV_5000;SEASHELLS;240;9
813500;SUBMISSION;;VEV_5000;SEASHELLS;240;9
813600;SUBMISSION;;VEV_5000;SEASHELLS;240;9
813700;SUBMISSION;;VEV_5000;SEASHELLS;240;9
813900;SUBMISSION;;VEV_5000;SEASHELLS;238;10
814100;SUBMISSION;;VEV_5000;SEASHELLS;238;10
814200;SUBMISSION;;VEV_5000;SEASHELLS;238;10
814400;SUBMISSION;;VEV_5000;SEASHELLS;238;9
814500;SUBMISSION;;VEV_5000;SEASHELLS;238;8
814600;SUBMISSION;;VEV_5000;SEASHELLS;237;7
815000;SUBMISSION;;VEV_5000;SEASHELLS;236;6
819800;SUBMISSION;;VEV_5000;SEASHELLS;244;2
841400;;SUBMISSION;VEV_5000;SEASHELLS;257;1
841500;;SUBMISSION;VEV_5000;SEASHELLS;258;2
841600;;SUBMISSION;VEV_5000;SEASHELLS;258;2
841700;;SUBMISSION;VEV_5000;SEASHELLS;258;3
841800;;SUBMISSION;VEV_5000;SEASHELLS;259;4
841900;;SUBMISSION;VEV_5000;SEASHELLS;258;2
842000;;SUBMISSION;VEV_5000;SEASHELLS;258;3
842100;;SUBMISSION;VEV_5000;SEASHELLS;259;4
842200;;SUBMISSION;VEV_5000;SEASHELLS;257;1
842300;;SUBMISSION;VEV_5000;SEASHELLS;257;1
842400;;SUBMISSION;VEV_5000;SEASHELLS;257;2
842500;;SUBMISSION;VEV_5000;SEASHELLS;258;2
842600;;SUBMISSION;VEV_5000;SEASHELLS;257;1
842700;;SUBMISSION;VEV_5000;SEASHELLS;258;2
842800;;SUBMISSION;VEV_5000;SEASHELLS;259;4
842900;;SUBMISSION;VEV_5000;SEASHELLS;257;2
843000;;SUBMISSION;VEV_5000;SEASHELLS;258;5
843100;;SUBMISSION;VEV_5000;SEASHELLS;258;2
843200;;SUBMISSION;VEV_5000;SEASHELLS;259;4
843300;;SUBMISSION;VEV_5000;SEASHELLS;258;2
843400;;SUBMISSION;VEV_5000;SEASHELLS;258;2
843500;;SUBMISSION;VEV_5000;SEASHELLS;257;2
843600;;SUBMISSION;VEV_5000;SEASHELLS;258;2
843700;;SUBMISSION;VEV_5000;SEASHELLS;258;2
843800;;SUBMISSION;VEV_5000;SEASHELLS;258;2
843900;;SUBMISSION;VEV_5000;SEASHELLS;258;2
844000;;SUBMISSION;VEV_5000;SEASHELLS;260;6
844100;;SUBMISSION;VEV_5000;SEASHELLS;261;6
844200;;SUBMISSION;VEV_5000;SEASHELLS;260;5
844300;;SUBMISSION;VEV_5000;SEASHELLS;260;3
844400;;SUBMISSION;VEV_5000;SEASHELLS;260;5
844500;;SUBMISSION;VEV_5000;SEASHELLS;259;4
844600;;SUBMISSION;VEV_5000;SEASHELLS;258;2
844700;;SUBMISSION;VEV_5000;SEASHELLS;258;2
844800;;SUBMISSION;VEV_5000;SEASHELLS;258;2
844900;;SUBMISSION;VEV_5000;SEASHELLS;259;4
845000;;SUBMISSION;VEV_5000;SEASHELLS;258;2
845100;;SUBMISSION;VEV_5000;SEASHELLS;258;3
845200;;SUBMISSION;VEV_5000;SEASHELLS;258;2
845300;;SUBMISSION;VEV_5000;SEASHELLS;258;2
845500;;SUBMISSION;VEV_5000;SEASHELLS;258;2
845600;;SUBMISSION;VEV_5000;SEASHELLS;258;3
845700;;SUBMISSION;VEV_5000;SEASHELLS;258;3
845800;;SUBMISSION;VEV_5000;SEASHELLS;260;5
845900;;SUBMISSION;VEV_5000;SEASHELLS;260;5
846000;;SUBMISSION;VEV_5000;SEASHELLS;262;7
846100;;SUBMISSION;VEV_5000;SEASHELLS;262;8
846200;;SUBMISSION;VEV_5000;SEASHELLS;261;7
846300;;SUBMISSION;VEV_5000;SEASHELLS;262;8
846400;;SUBMISSION;VEV_5000;SEASHELLS;262;7
846500;;SUBMISSION;VEV_5000;SEASHELLS;262;8
846600;;SUBMISSION;VEV_5000;SEASHELLS;262;7
846700;;SUBMISSION;VEV_5000;SEASHELLS;260;6
846800;;SUBMISSION;VEV_5000;SEASHELLS;262;8
846900;;SUBMISSION;VEV_5000;SEASHELLS;260;3
847700;;SUBMISSION;VEV_5000;SEASHELLS;260;4
847900;;SUBMISSION;VEV_4000;SEASHELLS;1259;4
848200;Mark 38;SUBMISSION;VEV_4000;SEASHELLS;1271;2
855200;;SUBMISSION;VEV_4000;SEASHELLS;1275;4
855200;;SUBMISSION;VEV_4500;SEASHELLS;775;4
855500;SUBMISSION;Mark 38;VEV_4000;SEASHELLS;1265;2
873600;SUBMISSION;;VEV_5000;SEASHELLS;248;1
875100;SUBMISSION;;VEV_5000;SEASHELLS;247;2
875200;SUBMISSION;;VEV_5000;SEASHELLS;247;2
875300;SUBMISSION;;VEV_5000;SEASHELLS;247;2
875400;SUBMISSION;;VEV_5000;SEASHELLS;247;2
875500;SUBMISSION;;VEV_5000;SEASHELLS;245;4
875600;SUBMISSION;;VEV_5000;SEASHELLS;246;3
875700;SUBMISSION;;VEV_5000;SEASHELLS;247;1
875900;SUBMISSION;;VEV_5000;SEASHELLS;248;1
876000;SUBMISSION;;VEV_5000;SEASHELLS;247;2
876100;SUBMISSION;;VEV_5000;SEASHELLS;247;1
876200;SUBMISSION;;VEV_5000;SEASHELLS;248;1
876300;SUBMISSION;;VEV_5000;SEASHELLS;247;2
876400;SUBMISSION;;VEV_5000;SEASHELLS;247;2
876500;SUBMISSION;;VEV_5000;SEASHELLS;247;2
876600;SUBMISSION;;VEV_5000;SEASHELLS;245;4
876800;SUBMISSION;;VEV_5000;SEASHELLS;245;4
876900;SUBMISSION;;VEV_5000;SEASHELLS;245;5
877000;SUBMISSION;;VEV_5000;SEASHELLS;244;4
877100;SUBMISSION;;VEV_5000;SEASHELLS;244;4
877200;SUBMISSION;;VEV_5000;SEASHELLS;244;5
877300;SUBMISSION;;VEV_5000;SEASHELLS;245;4
877400;SUBMISSION;;VEV_5000;SEASHELLS;245;4
877500;SUBMISSION;;VEV_5000;SEASHELLS;244;5
877600;SUBMISSION;;VEV_5000;SEASHELLS;244;5
877700;SUBMISSION;;VEV_5000;SEASHELLS;244;6
877800;SUBMISSION;;VEV_5000;SEASHELLS;246;3
877900;SUBMISSION;;VEV_5000;SEASHELLS;246;3
878000;SUBMISSION;;VEV_5000;SEASHELLS;245;4
878100;SUBMISSION;;VEV_5000;SEASHELLS;245;4
878200;SUBMISSION;;VEV_5000;SEASHELLS;243;6
878300;SUBMISSION;;VEV_5000;SEASHELLS;242;6
878400;SUBMISSION;;VEV_5000;SEASHELLS;243;6
878500;SUBMISSION;;VEV_5000;SEASHELLS;244;5
878600;SUBMISSION;;VEV_5000;SEASHELLS;245;4
878700;SUBMISSION;;VEV_5000;SEASHELLS;246;3
878800;SUBMISSION;;VEV_5000;SEASHELLS;246;3
878900;SUBMISSION;;VEV_5000;SEASHELLS;245;4
879000;SUBMISSION;;VEV_5000;SEASHELLS;244;5
879100;SUBMISSION;;VEV_5000;SEASHELLS;245;4
879200;SUBMISSION;;VEV_5000;SEASHELLS;245;4
879300;SUBMISSION;;VEV_5000;SEASHELLS;246;4
879400;SUBMISSION;;VEV_5000;SEASHELLS;247;2
879500;SUBMISSION;;VEV_5000;SEASHELLS;248;1
879600;SUBMISSION;;VEV_5000;SEASHELLS;247;2
879800;SUBMISSION;;VEV_5000;SEASHELLS;247;6
879900;SUBMISSION;;VEV_5000;SEASHELLS;247;2
880000;SUBMISSION;;VEV_5000;SEASHELLS;246;2
880100;SUBMISSION;;VEV_5000;SEASHELLS;247;2
880200;SUBMISSION;;VEV_5000;SEASHELLS;247;2
880300;SUBMISSION;;VEV_5000;SEASHELLS;245;4
880400;SUBMISSION;;VEV_5000;SEASHELLS;246;3
880500;SUBMISSION;;VEV_5000;SEASHELLS;246;3
880600;SUBMISSION;;VEV_5000;SEASHELLS;246;3
880700;SUBMISSION;;VEV_5000;SEASHELLS;245;4
880800;SUBMISSION;;VEV_5000;SEASHELLS;245;4
880900;SUBMISSION;;VEV_5000;SEASHELLS;245;4
881000;SUBMISSION;;VEV_5000;SEASHELLS;246;2
881100;SUBMISSION;;VEV_5000;SEASHELLS;247;2
881200;SUBMISSION;;VEV_5000;SEASHELLS;247;2
881300;SUBMISSION;;VEV_5000;SEASHELLS;247;2
884700;;SUBMISSION;VEV_5000;SEASHELLS;257;1
885500;;SUBMISSION;VEV_5000;SEASHELLS;258;2
885600;;SUBMISSION;VEV_5000;SEASHELLS;257;1
886300;;SUBMISSION;VEV_5000;SEASHELLS;257;1
886400;;SUBMISSION;VEV_5000;SEASHELLS;257;2
887100;;SUBMISSION;VEV_5000;SEASHELLS;257;1
893500;;SUBMISSION;VEV_5000;SEASHELLS;256;1
894500;;SUBMISSION;VEV_5000;SEASHELLS;256;1
901700;;SUBMISSION;VEV_5000;SEASHELLS;255;1
901800;;SUBMISSION;VEV_5000;SEASHELLS;255;1
901900;;SUBMISSION;VEV_5000;SEASHELLS;256;2
902000;;SUBMISSION;VEV_5000;SEASHELLS;256;3
902100;;SUBMISSION;VEV_5000;SEASHELLS;256;2
902200;;SUBMISSION;VEV_5000;SEASHELLS;256;3
902300;;SUBMISSION;VEV_5000;SEASHELLS;256;2
902400;;SUBMISSION;VEV_5000;SEASHELLS;256;2
902500;;SUBMISSION;VEV_5000;SEASHELLS;257;5
902600;;SUBMISSION;VEV_5000;SEASHELLS;257;4
902700;;SUBMISSION;VEV_5000;SEASHELLS;256;3
902800;;SUBMISSION;VEV_5000;SEASHELLS;256;2
902900;;SUBMISSION;VEV_5000;SEASHELLS;257;4
903000;;SUBMISSION;VEV_5000;SEASHELLS;257;4
903100;;SUBMISSION;VEV_5000;SEASHELLS;259;7
903200;;SUBMISSION;VEV_5000;SEASHELLS;261;7
903200;;SUBMISSION;VEV_5000;SEASHELLS;260;3
903300;;SUBMISSION;VEV_5000;SEASHELLS;259;8
903400;;SUBMISSION;VEV_5000;SEASHELLS;260;12
903500;;SUBMISSION;VEV_5000;SEASHELLS;261;8
903600;;SUBMISSION;VEV_5000;SEASHELLS;261;8
903600;;SUBMISSION;VEV_5000;SEASHELLS;260;2
903700;;SUBMISSION;VEV_5000;SEASHELLS;260;8
903800;;SUBMISSION;VEV_5000;SEASHELLS;259;7
903900;;SUBMISSION;VEV_5000;SEASHELLS;259;6
903900;;SUBMISSION;VEV_5000;SEASHELLS;258;1
904000;;SUBMISSION;VEV_5000;SEASHELLS;259;7
904100;;SUBMISSION;VEV_5000;SEASHELLS;259;7
904200;;SUBMISSION;VEV_5000;SEASHELLS;260;7
904200;;SUBMISSION;VEV_5000;SEASHELLS;259;1
904300;;SUBMISSION;VEV_5000;SEASHELLS;261;10
904400;;SUBMISSION;VEV_5000;SEASHELLS;259;8
904500;;SUBMISSION;VEV_5000;SEASHELLS;257;1
904600;;SUBMISSION;VEV_5000;SEASHELLS;258;5
904700;;SUBMISSION;VEV_5000;SEASHELLS;258;6
904800;;SUBMISSION;VEV_5000;SEASHELLS;258;6
904900;;SUBMISSION;VEV_5000;SEASHELLS;258;6
905000;;SUBMISSION;VEV_4000;SEASHELLS;1257;4
905000;;SUBMISSION;VEV_4500;SEASHELLS;757;1
905100;;SUBMISSION;VEV_5000;SEASHELLS;258;5
905600;;SUBMISSION;VEV_5000;SEASHELLS;257;4
915200;SUBMISSION;Mark 38;VEV_4000;SEASHELLS;1254;2
919400;;SUBMISSION;VEV_4000;SEASHELLS;1270;2
919400;;SUBMISSION;VEV_4500;SEASHELLS;770;2
919900;;SUBMISSION;VEV_4000;SEASHELLS;1270;4
919900;;SUBMISSION;VEV_4500;SEASHELLS;770;4
925400;SUBMISSION;Mark 38;VEV_4000;SEASHELLS;1265;3
932900;;SUBMISSION;VEV_4000;SEASHELLS;1273;5
932900;;SUBMISSION;VEV_4500;SEASHELLS;773;1
937700;SUBMISSION;Mark 38;VEV_4000;SEASHELLS;1250;3
954900;;SUBMISSION;VEV_4000;SEASHELLS;1265;5
968200;SUBMISSION;Mark 38;VEV_4000;SEASHELLS;1262;1
997300;SUBMISSION;Mark 38;VEV_4000;SEASHELLS;1262;2
