timestamp,buyer,seller,symbol,currency,price,quantity
4500,SUBMISSION,,VEV_5400,XIREC,18.0,2
4500,SUBMISSION,,VEV_5500,XIREC,8.0,2
4500,,,VEV_6000,XIREC,0.0,2
4500,,,VEV_6500,XIREC,0.0,2
5100,,,HYDROGEL_PACK,XIREC,9960.0,4
5200,,SUBMISSION,VELVETFRUIT_EXTRACT,XIREC,5251.0,18
5300,,SUBMISSION,VEV_4000,XIREC,1259.0,2
6100,,SUBMISSION,VELVETFRUIT_EXTRACT,XIREC,5254.0,3
6200,,,HYDROGEL_PACK,XIREC,9955.0,5
6500,SUBMISSION,,HYDROGEL_PACK,XIREC,9944.0,4
6500,SUBMISSION,,HYDROGEL_PACK,XIREC,9953.0,12
6800,SUBMISSION,,HYDROGEL_PACK,XIREC,9952.0,12
6900,SUBMISSION,,HYDROGEL_PACK,XIREC,9952.0,11
7800,SUBMISSION,,HYDROGEL_PACK,XIREC,9952.0,15
8300,SUBMISSION,,HYDROGEL_PACK,XIREC,9950.0,15
8300,SUBMISSION,,HYDROGEL_PACK,XIREC,9952.0,28
8400,SUBMISSION,,HYDROGEL_PACK,XIREC,9949.0,11
8400,SUBMISSION,,HYDROGEL_PACK,XIREC,9952.0,29
8500,SUBMISSION,,HYDROGEL_PACK,XIREC,9947.0,14
8500,SUBMISSION,,HYDROGEL_PACK,XIREC,9950.0,25
8600,SUBMISSION,,HYDROGEL_PACK,XIREC,9946.0,13
8600,SUBMISSION,,HYDROGEL_PACK,XIREC,9948.0,11
9400,SUBMISSION,,VELVETFRUIT_EXTRACT,XIREC,5244.0,14
9400,SUBMISSION,,VELVETFRUIT_EXTRACT,XIREC,5244.0,8
9500,SUBMISSION,,VELVETFRUIT_EXTRACT,XIREC,5245.0,6
9600,SUBMISSION,,VEV_5400,XIREC,16.0,4
9600,SUBMISSION,,VEV_5500,XIREC,7.0,4
9600,,,VEV_6000,XIREC,0.0,4
9600,,,VEV_6500,XIREC,0.0,4
9900,SUBMISSION,,VEV_5100,XIREC,167.0,11
9900,SUBMISSION,,VEV_5100,XIREC,168.0,19
9900,SUBMISSION,,VEV_5200,XIREC,97.0,30
9900,SUBMISSION,,VEV_5300,XIREC,48.0,19
9900,SUBMISSION,,VEV_5400,XIREC,17.0,19
9900,SUBMISSION,,VEV_5500,XIREC,8.0,19
10000,SUBMISSION,,VEV_5100,XIREC,167.0,25
10000,SUBMISSION,,VEV_5200,XIREC,97.0,25
10000,SUBMISSION,,VEV_5300,XIREC,48.0,24
10000,SUBMISSION,,VEV_5400,XIREC,17.0,24
10000,SUBMISSION,,VEV_5500,XIREC,8.0,24
10100,SUBMISSION,,VEV_5100,XIREC,166.0,9
10100,SUBMISSION,,VEV_5100,XIREC,167.0,16
10100,SUBMISSION,,VEV_5200,XIREC,96.0,9
10100,SUBMISSION,,VEV_5200,XIREC,97.0,16
10100,SUBMISSION,,VEV_5300,XIREC,47.0,5
10100,SUBMISSION,,VEV_5300,XIREC,48.0,10
10100,SUBMISSION,,VEV_5400,XIREC,17.0,15
10100,SUBMISSION,,VEV_5500,XIREC,8.0,15
10200,SUBMISSION,,VEV_5100,XIREC,166.0,22
10200,SUBMISSION,,VEV_5200,XIREC,96.0,22
10200,SUBMISSION,,VEV_5300,XIREC,47.0,23
10200,SUBMISSION,,VEV_5400,XIREC,17.0,23
10200,SUBMISSION,,VEV_5500,XIREC,8.0,23
10300,SUBMISSION,,VELVETFRUIT_EXTRACT,XIREC,5242.0,13
10300,SUBMISSION,,VEV_5100,XIREC,166.0,26
10300,SUBMISSION,,VEV_5200,XIREC,96.0,26
10300,SUBMISSION,,VEV_5300,XIREC,47.0,23
10300,SUBMISSION,,VEV_5400,XIREC,17.0,23
10300,SUBMISSION,,VEV_5500,XIREC,8.0,23
10400,SUBMISSION,,VELVETFRUIT_EXTRACT,XIREC,5240.0,12
10400,SUBMISSION,,VELVETFRUIT_EXTRACT,XIREC,5244.0,65
10400,SUBMISSION,,VELVETFRUIT_EXTRACT,XIREC,5240.0,12
10400,SUBMISSION,,VEV_5100,XIREC,164.0,30
10400,SUBMISSION,,VEV_5200,XIREC,95.0,30
10400,SUBMISSION,,VEV_5300,XIREC,46.0,17
10400,SUBMISSION,,VEV_5400,XIREC,17.0,17
10400,SUBMISSION,,VEV_5500,XIREC,8.0,17
10500,SUBMISSION,,VELVETFRUIT_EXTRACT,XIREC,5244.0,21
10500,SUBMISSION,,VEV_5100,XIREC,165.0,22
10500,SUBMISSION,,VEV_5200,XIREC,95.0,22
10500,SUBMISSION,,VEV_5300,XIREC,47.0,27
10500,SUBMISSION,,VEV_5400,XIREC,17.0,27
10500,SUBMISSION,,VEV_5500,XIREC,8.0,27
10600,SUBMISSION,,VELVETFRUIT_EXTRACT,XIREC,5244.0,18
10600,SUBMISSION,,VEV_5100,XIREC,165.0,28
10600,SUBMISSION,,VEV_5200,XIREC,95.0,28
10600,SUBMISSION,,VEV_5300,XIREC,47.0,23
10600,SUBMISSION,,VEV_5400,XIREC,17.0,23
10600,SUBMISSION,,VEV_5500,XIREC,8.0,23
10700,SUBMISSION,,VELVETFRUIT_EXTRACT,XIREC,5244.0,22
10700,SUBMISSION,,VEV_5100,XIREC,165.0,21
10700,SUBMISSION,,VEV_5200,XIREC,95.0,21
10700,SUBMISSION,,VEV_5300,XIREC,47.0,25
10700,SUBMISSION,,VEV_5400,XIREC,17.0,25
10700,SUBMISSION,,VEV_5500,XIREC,8.0,25
10800,SUBMISSION,,VEV_5100,XIREC,165.0,30
10800,SUBMISSION,,VEV_5200,XIREC,95.0,12
10800,SUBMISSION,,VEV_5200,XIREC,96.0,18
10800,SUBMISSION,,VEV_5300,XIREC,47.0,25
10800,SUBMISSION,,VEV_5400,XIREC,17.0,25
10800,SUBMISSION,,VEV_5500,XIREC,8.0,25
10900,SUBMISSION,,VEV_5100,XIREC,166.0,22
10900,SUBMISSION,,VEV_5200,XIREC,96.0,22
10900,SUBMISSION,,VEV_5300,XIREC,47.0,21
10900,SUBMISSION,,VEV_5400,XIREC,17.0,21
10900,SUBMISSION,,VEV_5500,XIREC,8.0,21
11000,SUBMISSION,,VEV_5100,XIREC,167.0,14
11000,SUBMISSION,,VEV_5200,XIREC,97.0,14
11000,SUBMISSION,,VEV_5300,XIREC,48.0,16
11000,SUBMISSION,,VEV_5400,XIREC,17.0,16
11000,SUBMISSION,,VEV_5500,XIREC,8.0,16
11100,SUBMISSION,,VEV_5300,XIREC,48.0,28
11100,SUBMISSION,,VEV_5400,XIREC,17.0,28
11100,SUBMISSION,,VEV_5500,XIREC,8.0,28
11200,SUBMISSION,,VEV_5300,XIREC,47.0,9
11200,SUBMISSION,,VEV_5400,XIREC,17.0,3
11200,SUBMISSION,,VEV_5500,XIREC,8.0,3
11500,SUBMISSION,,VELVETFRUIT_EXTRACT,XIREC,5244.0,24
11600,SUBMISSION,,VELVETFRUIT_EXTRACT,XIREC,5244.0,6
11800,SUBMISSION,,VEV_4000,XIREC,1241.0,4
11800,SUBMISSION,,VEV_4000,XIREC,1252.0,9
11800,SUBMISSION,,VEV_4000,XIREC,1255.0,17
11800,,,VEV_5500,XIREC,7.0,4
11800,,,VEV_6000,XIREC,0.0,4
11800,,,VEV_6500,XIREC,0.0,4
12200,,SUBMISSION,VEV_5500,XIREC,7.0,5
12200,SUBMISSION,,VEV_5500,XIREC,8.0,5
14300,,,VELVETFRUIT_EXTRACT,XIREC,5238.0,6
14800,SUBMISSION,,VEV_4000,XIREC,1234.0,4
14800,SUBMISSION,,VEV_4000,XIREC,1245.0,7
14800,SUBMISSION,,VEV_4000,XIREC,1248.0,15
14800,,,VELVETFRUIT_EXTRACT,XIREC,5232.0,6
14800,,,VEV_5300,XIREC,42.0,4
14800,,,VEV_5400,XIREC,14.0,4
14800,,,VEV_5500,XIREC,6.0,4
14800,,,VEV_6000,XIREC,0.0,4
14800,,,VEV_6500,XIREC,0.0,4
15000,,SUBMISSION,HYDROGEL_PACK,XIREC,9965.0,4
16700,SUBMISSION,,VEV_4000,XIREC,1225.0,2
16700,,,VEV_5300,XIREC,41.0,2
16700,,,VEV_5400,XIREC,14.0,2
16700,,,VEV_5500,XIREC,6.0,2
16700,,,VEV_6000,XIREC,0.0,2
16700,,,VEV_6500,XIREC,0.0,2
17200,SUBMISSION,,HYDROGEL_PACK,XIREC,9951.0,4
17300,SUBMISSION,,VEV_4000,XIREC,1225.0,1
17400,,,VELVETFRUIT_EXTRACT,XIREC,5230.0,8
17900,,SUBMISSION,VEV_4000,XIREC,1237.0,1
18500,,SUBMISSION,VEV_5300,XIREC,40.0,5
18500,SUBMISSION,,VEV_5300,XIREC,41.0,5
18800,,SUBMISSION,VEV_5300,XIREC,40.0,5
18800,SUBMISSION,,VEV_5300,XIREC,41.0,5
19300,,,VELVETFRUIT_EXTRACT,XIREC,5226.0,5
19600,,SUBMISSION,VEV_5500,XIREC,6.0,5
19600,SUBMISSION,,VEV_5500,XIREC,7.0,5
20200,,,VELVETFRUIT_EXTRACT,XIREC,5224.0,5
22800,,,HYDROGEL_PACK,XIREC,9946.0,6
25100,,SUBMISSION,VEV_5400,XIREC,14.0,5
25100,SUBMISSION,,VEV_5400,XIREC,15.0,5
25700,,,VEV_4000,XIREC,1241.0,3
29300,,,VELVETFRUIT_EXTRACT,XIREC,5237.0,4
29800,,SUBMISSION,VEV_5500,XIREC,7.0,7
29900,SUBMISSION,,VEV_5500,XIREC,8.0,7
30800,,,HYDROGEL_PACK,XIREC,9940.0,2
31400,,,HYDROGEL_PACK,XIREC,9953.0,3
31700,,,VELVETFRUIT_EXTRACT,XIREC,5237.0,4
32000,,,HYDROGEL_PACK,XIREC,9938.0,5
32600,,,VELVETFRUIT_EXTRACT,XIREC,5240.0,5
32800,,,VELVETFRUIT_EXTRACT,XIREC,5238.0,7
33600,,,HYDROGEL_PACK,XIREC,9948.0,6
36200,,SUBMISSION,VEV_4000,XIREC,1238.0,3
36500,,,VELVETFRUIT_EXTRACT,XIREC,5232.0,7
37400,,,HYDROGEL_PACK,XIREC,9936.0,4
38500,,,VEV_5500,XIREC,6.0,5
38500,,,VEV_6000,XIREC,0.0,5
38500,,,VEV_6500,XIREC,0.0,5
38700,,,VELVETFRUIT_EXTRACT,XIREC,5228.0,8
39100,,SUBMISSION,VEV_5400,XIREC,14.0,5
39100,SUBMISSION,,VEV_5400,XIREC,15.0,5
39400,,,VELVETFRUIT_EXTRACT,XIREC,5234.0,5
39400,,,VELVETFRUIT_EXTRACT,XIREC,5233.0,9
39800,,,VELVETFRUIT_EXTRACT,XIREC,5232.0,4
40400,,,VEV_5300,XIREC,41.0,4
40400,,,VEV_5400,XIREC,14.0,4
40400,,,VEV_5500,XIREC,6.0,4
40400,,,VEV_6000,XIREC,0.0,4
40400,,,VEV_6500,XIREC,0.0,4
40900,,,HYDROGEL_PACK,XIREC,9951.0,5
41300,,,HYDROGEL_PACK,XIREC,9953.0,5
43400,,,VEV_5400,XIREC,13.0,5
43400,,,VEV_5500,XIREC,6.0,5
43400,,,VEV_6000,XIREC,0.0,5
43400,,,VEV_6500,XIREC,0.0,5
43600,,,VELVETFRUIT_EXTRACT,XIREC,5229.0,4
43900,,,HYDROGEL_PACK,XIREC,9952.0,6
44900,,SUBMISSION,VEV_5400,XIREC,16.0,26
45000,,SUBMISSION,VEV_5400,XIREC,16.0,25
45100,,SUBMISSION,VEV_5400,XIREC,16.0,25
45200,,,HYDROGEL_PACK,XIREC,9961.0,2
45400,,,VELVETFRUIT_EXTRACT,XIREC,5241.0,8
45500,,SUBMISSION,VEV_5500,XIREC,7.0,8
45600,,SUBMISSION,VEV_5400,XIREC,16.0,9
45700,,SUBMISSION,VEV_5400,XIREC,16.0,16
45800,,SUBMISSION,VEV_5400,XIREC,16.0,23
46300,,SUBMISSION,VEV_5400,XIREC,16.0,19
46400,,SUBMISSION,VEV_5400,XIREC,16.0,21
46600,,SUBMISSION,VEV_5400,XIREC,16.0,29
46700,,SUBMISSION,VEV_5400,XIREC,17.0,8
46900,,SUBMISSION,VEV_5400,XIREC,16.0,24
47000,,SUBMISSION,VEV_5400,XIREC,16.0,25
47100,,SUBMISSION,VEV_5400,XIREC,16.0,8
47200,,SUBMISSION,VEV_5400,XIREC,16.0,26
47700,,,VELVETFRUIT_EXTRACT,XIREC,5243.0,4
48300,,,HYDROGEL_PACK,XIREC,9960.0,3
48900,,SUBMISSION,VEV_5500,XIREC,7.0,2
48900,,,VELVETFRUIT_EXTRACT,XIREC,5241.0,6
49100,,SUBMISSION,VEV_5500,XIREC,7.0,7
49800,,,VELVETFRUIT_EXTRACT,XIREC,5244.0,3
50200,SUBMISSION,,VEV_4000,XIREC,1240.0,2
50300,,,VEV_4000,XIREC,1257.0,3
50700,,,VEV_5400,XIREC,16.0,5
50700,,,VEV_5500,XIREC,7.0,5
50700,,,VEV_6000,XIREC,0.0,5
50700,,,VEV_6500,XIREC,0.0,5
51600,,SUBMISSION,VEV_5500,XIREC,7.0,10
51700,,,VELVETFRUIT_EXTRACT,XIREC,5243.0,4
52400,,,HYDROGEL_PACK,XIREC,9961.0,5
52800,,,VEV_5400,XIREC,16.0,3
52800,,,VEV_5500,XIREC,7.0,3
52800,,,VEV_6000,XIREC,0.0,3
52800,,,VEV_6500,XIREC,0.0,3
53000,,,HYDROGEL_PACK,XIREC,9961.0,4
53400,,SUBMISSION,VEV_5500,XIREC,7.0,3
53400,,,VEV_5500,XIREC,7.0,2
53400,,,VEV_6000,XIREC,0.0,2
53400,,,VEV_6500,XIREC,0.0,2
53500,,SUBMISSION,VEV_5500,XIREC,7.0,9
53800,,,VEV_4000,XIREC,1255.0,2
54300,,SUBMISSION,VEV_5500,XIREC,7.0,9
54400,SUBMISSION,,VEV_4000,XIREC,1238.0,3
57600,,SUBMISSION,VEV_4000,XIREC,1252.0,3
59300,,,HYDROGEL_PACK,XIREC,9949.0,4
59600,,,VELVETFRUIT_EXTRACT,XIREC,5244.0,4
60300,,,VELVETFRUIT_EXTRACT,XIREC,5245.0,5
61100,,SUBMISSION,HYDROGEL_PACK,XIREC,9960.0,2
61400,,SUBMISSION,HYDROGEL_PACK,XIREC,9961.0,2
62100,,,VELVETFRUIT_EXTRACT,XIREC,5243.0,6
62300,,SUBMISSION,VEV_5500,XIREC,7.0,5
62400,SUBMISSION,,HYDROGEL_PACK,XIREC,9948.0,4
62400,SUBMISSION,,VEV_5500,XIREC,8.0,23
62500,,SUBMISSION,VEV_5500,XIREC,7.0,7
62600,,SUBMISSION,VEV_4000,XIREC,1248.0,1
62600,,SUBMISSION,VEV_5500,XIREC,7.0,5
62700,SUBMISSION,,VEV_5500,XIREC,8.0,22
62900,SUBMISSION,,VEV_5500,XIREC,8.0,20
63100,,SUBMISSION,VEV_4000,XIREC,1246.0,3
63200,,,HYDROGEL_PACK,XIREC,9950.0,5
63200,,,VELVETFRUIT_EXTRACT,XIREC,5240.0,8
63400,,SUBMISSION,VEV_5500,XIREC,7.0,10
63800,SUBMISSION,,VEV_5500,XIREC,8.0,10
64100,SUBMISSION,,VEV_5400,XIREC,16.0,6
64100,SUBMISSION,,VEV_5400,XIREC,17.0,19
64200,,SUBMISSION,VELVETFRUIT_EXTRACT,XIREC,5244.0,6
64300,,,HYDROGEL_PACK,XIREC,9933.0,4
64400,,SUBMISSION,VEV_5400,XIREC,16.0,25
64500,,SUBMISSION,VEV_5500,XIREC,7.0,5
64600,SUBMISSION,,VEV_5500,XIREC,8.0,5
64700,,SUBMISSION,VEV_5500,XIREC,7.0,7
64800,SUBMISSION,,VEV_5500,XIREC,8.0,7
64900,SUBMISSION,,VEV_5400,XIREC,16.0,23
65100,,SUBMISSION,VEV_5400,XIREC,16.0,22
65400,,,HYDROGEL_PACK,XIREC,9930.0,4
65700,SUBMISSION,,VELVETFRUIT_EXTRACT,XIREC,5241.0,6
65700,,,VELVETFRUIT_EXTRACT,XIREC,5240.0,2
65800,SUBMISSION,,VEV_5400,XIREC,16.0,10
65800,SUBMISSION,,VEV_5400,XIREC,17.0,11
65900,,,HYDROGEL_PACK,XIREC,9935.0,2
66300,SUBMISSION,,VEV_5400,XIREC,16.0,7
66300,SUBMISSION,,VEV_5400,XIREC,17.0,13
66700,,SUBMISSION,VEV_5500,XIREC,7.0,6
66900,,SUBMISSION,VEV_5400,XIREC,16.0,16
67000,,SUBMISSION,VEV_5400,XIREC,16.0,5
67100,,SUBMISSION,VEV_5400,XIREC,16.0,25
67300,,SUBMISSION,VELVETFRUIT_EXTRACT,XIREC,5244.0,20
67700,,SUBMISSION,VELVETFRUIT_EXTRACT,XIREC,5249.0,4
68000,,SUBMISSION,VEV_4000,XIREC,1252.0,2
69500,,,HYDROGEL_PACK,XIREC,9952.0,2
70100,SUBMISSION,,VEV_5500,XIREC,8.0,6
70200,SUBMISSION,,VEV_5400,XIREC,16.0,21
70400,SUBMISSION,,VEV_5400,XIREC,16.0,6
70400,SUBMISSION,,VEV_5400,XIREC,17.0,18
70500,SUBMISSION,,VEV_4000,XIREC,1236.0,1
70600,,SUBMISSION,VEV_5500,XIREC,7.0,10
70700,SUBMISSION,,VEV_5500,XIREC,8.0,10
70800,,SUBMISSION,VEV_5500,XIREC,7.0,8
70900,SUBMISSION,,VEV_5400,XIREC,16.0,10
70900,SUBMISSION,,VEV_5400,XIREC,17.0,17
70900,SUBMISSION,,VEV_5500,XIREC,8.0,8
71000,SUBMISSION,,VEV_5400,XIREC,16.0,6
71000,SUBMISSION,,VEV_5400,XIREC,17.0,20
71100,SUBMISSION,,VEV_5400,XIREC,16.0,17
71200,SUBMISSION,,VEV_5400,XIREC,16.0,24
71300,SUBMISSION,,VEV_5400,XIREC,16.0,25
71400,SUBMISSION,,VEV_5400,XIREC,16.0,20
71500,SUBMISSION,,VEV_5400,XIREC,16.0,22
71600,SUBMISSION,,VELVETFRUIT_EXTRACT,XIREC,5240.0,5
71600,SUBMISSION,,VEV_5400,XIREC,16.0,27
71700,SUBMISSION,,VEV_5400,XIREC,16.0,22
71800,SUBMISSION,,VELVETFRUIT_EXTRACT,XIREC,5240.0,7
71800,SUBMISSION,,VEV_5400,XIREC,16.0,20
72400,SUBMISSION,,VEV_5400,XIREC,16.0,13
72800,SUBMISSION,,VELVETFRUIT_EXTRACT,XIREC,5240.0,12
73400,,,VELVETFRUIT_EXTRACT,XIREC,5237.0,8
73400,,,VELVETFRUIT_EXTRACT,XIREC,5236.0,6
73500,,,HYDROGEL_PACK,XIREC,9966.0,3
74100,SUBMISSION,,VEV_4000,XIREC,1235.0,3
74100,SUBMISSION,,VEV_4000,XIREC,1246.0,10
74100,SUBMISSION,,VEV_4000,XIREC,1249.0,17
74100,,,VEV_5300,XIREC,42.0,3
74100,,,VEV_5400,XIREC,14.0,3
74100,,,VEV_5500,XIREC,6.0,3
74100,,,VEV_6000,XIREC,0.0,3
74100,,,VEV_6500,XIREC,0.0,3
74300,,,VELVETFRUIT_EXTRACT,XIREC,5238.0,6
74400,,,VELVETFRUIT_EXTRACT,XIREC,5235.0,4
76600,,SUBMISSION,HYDROGEL_PACK,XIREC,9994.0,3
77300,,,VELVETFRUIT_EXTRACT,XIREC,5241.0,8
78300,SUBMISSION,,VEV_4000,XIREC,1232.0,3
78400,,SUBMISSION,VEV_5400,XIREC,15.0,5
78400,SUBMISSION,,VEV_5400,XIREC,16.0,5
78400,,,VELVETFRUIT_EXTRACT,XIREC,5238.0,7
78500,,SUBMISSION,HYDROGEL_PACK,XIREC,9999.0,4
79000,,,HYDROGEL_PACK,XIREC,9982.0,3
79800,,SUBMISSION,HYDROGEL_PACK,XIREC,9993.0,6
81300,,,HYDROGEL_PACK,XIREC,9970.0,6
81700,,SUBMISSION,HYDROGEL_PACK,XIREC,9979.0,3
81900,,SUBMISSION,HYDROGEL_PACK,XIREC,9977.0,2
82300,,SUBMISSION,HYDROGEL_PACK,XIREC,9976.0,3
82300,,,VELVETFRUIT_EXTRACT,XIREC,5235.0,3
83200,,,VELVETFRUIT_EXTRACT,XIREC,5237.0,7
84300,,SUBMISSION,VEV_4000,XIREC,1237.0,1
84600,,,VELVETFRUIT_EXTRACT,XIREC,5233.0,8
85300,,,VEV_5300,XIREC,42.0,2
85300,,,VEV_5400,XIREC,14.0,2
85300,,,VEV_5500,XIREC,6.0,2
85300,,,VEV_6000,XIREC,0.0,2
85300,,,VEV_6500,XIREC,0.0,2
86100,,,VEV_5400,XIREC,14.0,5
86100,,,VEV_5500,XIREC,6.0,5
86100,,,VEV_6000,XIREC,0.0,5
86100,,,VEV_6500,XIREC,0.0,5
87900,,,VELVETFRUIT_EXTRACT,XIREC,5239.0,3
88500,,SUBMISSION,VELVETFRUIT_EXTRACT,XIREC,5241.0,6
89300,SUBMISSION,,VEV_4000,XIREC,1235.0,3
89800,,,VEV_5300,XIREC,45.0,4
89800,,,VEV_5400,XIREC,15.0,4
89800,,,VEV_6000,XIREC,0.0,4
89800,,,VEV_6500,XIREC,0.0,4
90500,,SUBMISSION,VEV_5500,XIREC,7.0,9
90700,SUBMISSION,,VEV_5500,XIREC,7.0,9
91100,,SUBMISSION,VELVETFRUIT_EXTRACT,XIREC,5243.0,6
92000,,SUBMISSION,VELVETFRUIT_EXTRACT,XIREC,5242.0,8
92100,SUBMISSION,,HYDROGEL_PACK,XIREC,9956.0,4
92500,,,HYDROGEL_PACK,XIREC,9956.0,2
93700,,SUBMISSION,VELVETFRUIT_EXTRACT,XIREC,5245.0,6
93800,,SUBMISSION,VELVETFRUIT_EXTRACT,XIREC,5245.0,7
94000,,SUBMISSION,VEV_5400,XIREC,16.0,8
94100,,SUBMISSION,VEV_5400,XIREC,16.0,20
94100,,SUBMISSION,VEV_5500,XIREC,7.0,5
94400,,SUBMISSION,HYDROGEL_PACK,XIREC,9973.0,4
94600,,SUBMISSION,VEV_5400,XIREC,16.0,6
94700,,SUBMISSION,VEV_5400,XIREC,16.0,7
94700,,SUBMISSION,VEV_5500,XIREC,7.0,7
94800,,SUBMISSION,VEV_5400,XIREC,16.0,8
94900,,SUBMISSION,VEV_5400,XIREC,16.0,28
95500,,SUBMISSION,VEV_5400,XIREC,16.0,26
95500,,SUBMISSION,VEV_5500,XIREC,7.0,6
95700,SUBMISSION,,VEV_5400,XIREC,16.0,8
95700,SUBMISSION,,VEV_5400,XIREC,17.0,11
95700,,SUBMISSION,VEV_5500,XIREC,6.0,19
95700,SUBMISSION,,VEV_5500,XIREC,7.0,19
95800,SUBMISSION,,VEV_5400,XIREC,16.0,28
95900,SUBMISSION,,VEV_5400,XIREC,16.0,25
96000,SUBMISSION,,VEV_5400,XIREC,16.0,26
96100,SUBMISSION,,VEV_5400,XIREC,16.0,5
96200,,SUBMISSION,VEV_5500,XIREC,6.0,17
96200,SUBMISSION,,VEV_5500,XIREC,7.0,17
97100,SUBMISSION,,HYDROGEL_PACK,XIREC,9951.0,2
97100,SUBMISSION,,VEV_5500,XIREC,7.0,8
97100,SUBMISSION,,VEV_5500,XIREC,8.0,10
97400,,SUBMISSION,VEV_5400,XIREC,16.0,27
97500,,SUBMISSION,VEV_5400,XIREC,16.0,6
97600,,SUBMISSION,VEV_5400,XIREC,16.0,20
98100,,SUBMISSION,VEV_5400,XIREC,16.0,21
98200,,SUBMISSION,VEV_5400,XIREC,16.0,25
98500,,SUBMISSION,VEV_5400,XIREC,16.0,16
98600,,SUBMISSION,HYDROGEL_PACK,XIREC,9961.0,2
98600,,SUBMISSION,VEV_5400,XIREC,16.0,27
98700,,SUBMISSION,VEV_5400,XIREC,16.0,22
98900,,SUBMISSION,VEV_5400,XIREC,16.0,27
99000,,SUBMISSION,VEV_5400,XIREC,16.0,21
99000,,,HYDROGEL_PACK,XIREC,9961.0,3
99100,,SUBMISSION,VEV_5400,XIREC,16.0,26
99200,,SUBMISSION,VEV_5400,XIREC,16.0,25
99300,,SUBMISSION,VEV_5400,XIREC,16.0,20
99900,SUBMISSION,,HYDROGEL_PACK,XIREC,9951.0,10
100500,,SUBMISSION,VELVETFRUIT_EXTRACT,XIREC,5247.0,4
100800,SUBMISSION,,HYDROGEL_PACK,XIREC,9952.0,11
101400,,,HYDROGEL_PACK,XIREC,9936.0,5
101500,,,HYDROGEL_PACK,XIREC,9935.0,6
102300,,SUBMISSION,VEV_5500,XIREC,7.0,5
102500,SUBMISSION,,VEV_4000,XIREC,1238.0,1
102800,SUBMISSION,,VEV_4000,XIREC,1239.0,1
103100,,,HYDROGEL_PACK,XIREC,9952.0,4
103500,,,HYDROGEL_PACK,XIREC,9940.0,3
104400,,SUBMISSION,VELVETFRUIT_EXTRACT,XIREC,5251.0,6
105400,,SUBMISSION,VEV_5500,XIREC,8.0,5
105500,,SUBMISSION,VEV_5500,XIREC,8.0,19
105600,,SUBMISSION,VEV_5500,XIREC,8.0,23
105700,,SUBMISSION,VEV_5500,XIREC,8.0,19
105800,,SUBMISSION,VEV_5500,XIREC,8.0,28
105900,,SUBMISSION,VEV_5500,XIREC,8.0,25
106000,,SUBMISSION,VEV_5500,XIREC,8.0,25
106100,,SUBMISSION,VEV_5500,XIREC,8.0,19
106200,,SUBMISSION,VEV_5500,XIREC,8.0,23
106300,,SUBMISSION,VEV_5500,XIREC,8.0,25
106400,,SUBMISSION,VEV_5500,XIREC,8.0,25
106500,,SUBMISSION,VEV_5500,XIREC,8.0,25
107100,,,HYDROGEL_PACK,XIREC,9952.0,5
107900,,SUBMISSION,VELVETFRUIT_EXTRACT,XIREC,5266.0,3
109000,,SUBMISSION,VELVETFRUIT_EXTRACT,XIREC,5264.0,23
109000,,SUBMISSION,VELVETFRUIT_EXTRACT,XIREC,5264.0,7
109000,,,VELVETFRUIT_EXTRACT,XIREC,5265.0,5
109100,,,HYDROGEL_PACK,XIREC,9957.0,2
110100,,,VELVETFRUIT_EXTRACT,XIREC,5265.0,4
112000,,,VELVETFRUIT_EXTRACT,XIREC,5260.0,3
112700,,,HYDROGEL_PACK,XIREC,9948.0,2
113900,,,HYDROGEL_PACK,XIREC,9956.0,2
115500,,,HYDROGEL_PACK,XIREC,9937.0,3
118800,,,VELVETFRUIT_EXTRACT,XIREC,5257.0,3
119400,,SUBMISSION,HYDROGEL_PACK,XIREC,9961.0,3
120300,,,VEV_5400,XIREC,18.0,4
120300,,,VEV_5500,XIREC,8.0,4
120300,,,VEV_6000,XIREC,0.0,4
120300,,,VEV_6500,XIREC,0.0,4
120700,,,HYDROGEL_PACK,XIREC,9958.0,2
123300,,,VELVETFRUIT_EXTRACT,XIREC,5262.0,7
125600,,SUBMISSION,VELVETFRUIT_EXTRACT,XIREC,5264.0,3
126000,,,HYDROGEL_PACK,XIREC,9953.0,4
127200,,,VEV_5500,XIREC,8.0,3
127200,,,VEV_6000,XIREC,0.0,3
127200,,,VEV_6500,XIREC,0.0,3
129100,,SUBMISSION,VEV_4000,XIREC,1268.0,3
129500,,SUBMISSION,HYDROGEL_PACK,XIREC,9966.0,6
129800,SUBMISSION,,HYDROGEL_PACK,XIREC,9952.0,4
130800,SUBMISSION,,HYDROGEL_PACK,XIREC,9947.0,5
131300,,,VELVETFRUIT_EXTRACT,XIREC,5265.0,5
131800,,,VELVETFRUIT_EXTRACT,XIREC,5261.0,5
132600,,SUBMISSION,VELVETFRUIT_EXTRACT,XIREC,5262.0,10
133100,SUBMISSION,,VEV_4000,XIREC,1256.0,3
133700,,,HYDROGEL_PACK,XIREC,9948.0,4
134000,,,VELVETFRUIT_EXTRACT,XIREC,5264.0,8
134500,,,HYDROGEL_PACK,XIREC,9944.0,6
135200,,SUBMISSION,VELVETFRUIT_EXTRACT,XIREC,5263.0,8
135500,,,VELVETFRUIT_EXTRACT,XIREC,5257.0,7
135900,SUBMISSION,,VEV_5400,XIREC,19.0,3
135900,,,VEV_5300,XIREC,52.0,3
135900,,,VEV_5500,XIREC,8.0,3
135900,,,VEV_6000,XIREC,0.0,3
135900,,,VEV_6500,XIREC,0.0,3
137000,SUBMISSION,,VEV_4000,XIREC,1255.0,3
137300,SUBMISSION,,VEV_4000,XIREC,1254.0,3
137600,,SUBMISSION,VEV_4000,XIREC,1262.0,3
137800,,,HYDROGEL_PACK,XIREC,9942.0,3
138000,,,VELVETFRUIT_EXTRACT,XIREC,5254.0,7
138100,,SUBMISSION,HYDROGEL_PACK,XIREC,9958.0,2
139700,,SUBMISSION,VELVETFRUIT_EXTRACT,XIREC,5256.0,8
140000,,SUBMISSION,VELVETFRUIT_EXTRACT,XIREC,5260.0,5
140100,,SUBMISSION,VELVETFRUIT_EXTRACT,XIREC,5259.0,4
141000,,SUBMISSION,VELVETFRUIT_EXTRACT,XIREC,5259.0,4
142000,,SUBMISSION,VELVETFRUIT_EXTRACT,XIREC,5261.0,6
144500,,,VELVETFRUIT_EXTRACT,XIREC,5258.0,5
145500,,,VEV_5400,XIREC,19.0,2
145500,,,VEV_5500,XIREC,8.0,2
145500,,,VEV_6000,XIREC,0.0,2
145500,,,VEV_6500,XIREC,0.0,2
145600,,SUBMISSION,HYDROGEL_PACK,XIREC,9961.0,5
146500,,SUBMISSION,HYDROGEL_PACK,XIREC,9962.0,6
146700,,,VELVETFRUIT_EXTRACT,XIREC,5260.0,7
147900,SUBMISSION,,VEV_4000,XIREC,1259.0,1
148000,,SUBMISSION,HYDROGEL_PACK,XIREC,9971.0,3
148300,,,VELVETFRUIT_EXTRACT,XIREC,5265.0,4
148800,,SUBMISSION,VELVETFRUIT_EXTRACT,XIREC,5262.0,21
150600,,,VEV_5300,XIREC,53.0,2
150600,,,VEV_5400,XIREC,20.0,2
150600,,,VEV_5500,XIREC,8.0,2
150600,,,VEV_6000,XIREC,0.0,2
150600,,,VEV_6500,XIREC,0.0,2
150700,,SUBMISSION,VELVETFRUIT_EXTRACT,XIREC,5267.0,7
151100,SUBMISSION,,HYDROGEL_PACK,XIREC,9946.0,4
151200,SUBMISSION,,HYDROGEL_PACK,XIREC,9945.0,6
151400,,,VELVETFRUIT_EXTRACT,XIREC,5261.0,7
152700,SUBMISSION,,HYDROGEL_PACK,XIREC,9945.0,5
153000,SUBMISSION,,VEV_5400,XIREC,18.0,4
153000,,,VEV_5500,XIREC,7.0,4
153000,,,VEV_6000,XIREC,0.0,4
153000,,,VEV_6500,XIREC,0.0,4
154100,SUBMISSION,,VEV_4000,XIREC,1245.0,3
155900,,SUBMISSION,HYDROGEL_PACK,XIREC,9965.0,4
156000,SUBMISSION,,VELVETFRUIT_EXTRACT,XIREC,5250.0,15
156200,SUBMISSION,,VELVETFRUIT_EXTRACT,XIREC,5250.0,15
156200,SUBMISSION,,VEV_4000,XIREC,1240.0,1
156200,SUBMISSION,,VEV_5500,XIREC,8.0,29
156300,SUBMISSION,,VELVETFRUIT_EXTRACT,XIREC,5250.0,56
156300,SUBMISSION,,VEV_5500,XIREC,8.0,20
156400,SUBMISSION,,HYDROGEL_PACK,XIREC,9950.0,5
156400,SUBMISSION,,VELVETFRUIT_EXTRACT,XIREC,5249.0,19
156400,SUBMISSION,,VELVETFRUIT_EXTRACT,XIREC,5250.0,34
156400,SUBMISSION,,VEV_5400,XIREC,17.0,26
156400,SUBMISSION,,VEV_5500,XIREC,8.0,26
156400,,,HYDROGEL_PACK,XIREC,9949.0,1
156600,SUBMISSION,,VELVETFRUIT_EXTRACT,XIREC,5250.0,13
156600,,SUBMISSION,VEV_5500,XIREC,7.0,8
156700,SUBMISSION,,VEV_5400,XIREC,17.0,10
156700,SUBMISSION,,VEV_5400,XIREC,18.0,10
156700,SUBMISSION,,VEV_5500,XIREC,8.0,20
156800,SUBMISSION,,VEV_5400,XIREC,17.0,26
156800,,SUBMISSION,VEV_5500,XIREC,6.0,26
156800,SUBMISSION,,VEV_5500,XIREC,7.0,26
156900,SUBMISSION,,VEV_5400,XIREC,17.0,30
156900,SUBMISSION,,VEV_5500,XIREC,8.0,30
157000,,SUBMISSION,VEV_5500,XIREC,7.0,7
157100,,SUBMISSION,VEV_5500,XIREC,7.0,6
157200,,SUBMISSION,VEV_5500,XIREC,7.0,9
159900,,,HYDROGEL_PACK,XIREC,9961.0,3
161200,,,HYDROGEL_PACK,XIREC,9956.0,6
163300,,SUBMISSION,VELVETFRUIT_EXTRACT,XIREC,5253.0,10
164000,SUBMISSION,,VELVETFRUIT_EXTRACT,XIREC,5252.0,5
164300,,SUBMISSION,HYDROGEL_PACK,XIREC,9972.0,5
165500,SUBMISSION,,VELVETFRUIT_EXTRACT,XIREC,5251.0,4
167300,,,HYDROGEL_PACK,XIREC,9957.0,3
167600,SUBMISSION,,VELVETFRUIT_EXTRACT,XIREC,5250.0,1
167600,SUBMISSION,,VEV_4000,XIREC,1245.0,2
167600,,,VELVETFRUIT_EXTRACT,XIREC,5249.0,5
168400,,,VELVETFRUIT_EXTRACT,XIREC,5248.0,3
168500,,SUBMISSION,VEV_4000,XIREC,1254.0,2
168600,SUBMISSION,,VEV_5400,XIREC,18.0,24
168700,,SUBMISSION,VEV_4000,XIREC,1253.0,1
170400,,,VEV_5400,XIREC,17.0,5
170400,,,VEV_5500,XIREC,7.0,5
170400,,,VEV_6000,XIREC,0.0,5
170400,,,VEV_6500,XIREC,0.0,5
170500,SUBMISSION,,VEV_5400,XIREC,17.0,3
170500,SUBMISSION,,VEV_5400,XIREC,18.0,23
170500,,,VEV_5300,XIREC,46.0,3
170500,,,VEV_5500,XIREC,7.0,3
170500,,,VEV_6000,XIREC,0.0,3
170500,,,VEV_6500,XIREC,0.0,3
170800,,SUBMISSION,VEV_5400,XIREC,17.0,9
170900,,SUBMISSION,VEV_4000,XIREC,1253.0,3
171000,SUBMISSION,,VEV_5400,XIREC,18.0,22
171100,SUBMISSION,,VEV_5400,XIREC,18.0,28
171200,SUBMISSION,,VEV_5400,XIREC,18.0,17
171400,,SUBMISSION,HYDROGEL_PACK,XIREC,9991.0,6
171700,,,VELVETFRUIT_EXTRACT,XIREC,5248.0,7
172300,SUBMISSION,,VEV_5400,XIREC,18.0,23
172400,SUBMISSION,,VEV_4000,XIREC,1241.0,1
172400,,SUBMISSION,VEV_5400,XIREC,17.0,5
172500,,,VEV_5300,XIREC,46.0,5
172500,,,VEV_5400,XIREC,17.0,5
172500,,,VEV_5500,XIREC,7.0,5
172500,,,VEV_6000,XIREC,0.0,5
172500,,,VEV_6500,XIREC,0.0,5
172600,SUBMISSION,,VEV_5400,XIREC,18.0,23
172700,SUBMISSION,,VEV_5400,XIREC,18.0,24
172900,SUBMISSION,,VEV_5400,XIREC,18.0,1
173300,,SUBMISSION,VEV_5400,XIREC,17.0,9
173400,SUBMISSION,,VEV_5400,XIREC,18.0,9
174200,,SUBMISSION,HYDROGEL_PACK,XIREC,9987.0,5
174400,,SUBMISSION,HYDROGEL_PACK,XIREC,9990.0,6
174400,SUBMISSION,,VEV_5500,XIREC,8.0,25
174500,SUBMISSION,,VEV_5500,XIREC,8.0,18
174700,SUBMISSION,,VEV_5500,XIREC,8.0,25
175700,SUBMISSION,,VEV_5500,XIREC,8.0,19
175800,SUBMISSION,,VEV_5500,XIREC,8.0,21
175900,SUBMISSION,,VEV_5500,XIREC,8.0,21
176000,SUBMISSION,,VEV_5500,XIREC,8.0,18
177300,SUBMISSION,,VEV_5500,XIREC,8.0,23
177400,,SUBMISSION,VEV_5500,XIREC,7.0,5
177500,SUBMISSION,,VEV_5500,XIREC,8.0,6
178000,,,HYDROGEL_PACK,XIREC,9988.0,3
178700,,SUBMISSION,VEV_5400,XIREC,17.0,8
179000,SUBMISSION,,VEV_5400,XIREC,18.0,8
179100,,SUBMISSION,VEV_5400,XIREC,17.0,10
179200,SUBMISSION,,VEV_5400,XIREC,18.0,10
179200,,,VELVETFRUIT_EXTRACT,XIREC,5243.0,4
179300,,SUBMISSION,VEV_5500,XIREC,7.0,5
179400,SUBMISSION,,VEV_5500,XIREC,8.0,5
180100,,,VELVETFRUIT_EXTRACT,XIREC,5248.0,3
181400,,SUBMISSION,VEV_5400,XIREC,17.0,9
181500,SUBMISSION,,VEV_5400,XIREC,18.0,9
182100,,,HYDROGEL_PACK,XIREC,10012.0,3
182800,,SUBMISSION,VEV_5500,XIREC,7.0,7
182800,,,HYDROGEL_PACK,XIREC,10010.0,5
183000,SUBMISSION,,VEV_5500,XIREC,8.0,7
184200,,SUBMISSION,VEV_4000,XIREC,1244.0,3
185600,,SUBMISSION,HYDROGEL_PACK,XIREC,10023.0,12
185600,,SUBMISSION,HYDROGEL_PACK,XIREC,10020.0,23
185700,,SUBMISSION,HYDROGEL_PACK,XIREC,10023.0,14
185700,,SUBMISSION,HYDROGEL_PACK,XIREC,10021.0,29
185800,,SUBMISSION,HYDROGEL_PACK,XIREC,10024.0,13
185800,,SUBMISSION,HYDROGEL_PACK,XIREC,10022.0,24
185800,,SUBMISSION,HYDROGEL_PACK,XIREC,10039.0,4
185900,,SUBMISSION,HYDROGEL_PACK,XIREC,10024.0,12
185900,,SUBMISSION,HYDROGEL_PACK,XIREC,10021.0,23
186000,,SUBMISSION,HYDROGEL_PACK,XIREC,10023.0,15
186000,,SUBMISSION,HYDROGEL_PACK,XIREC,10020.0,27
187400,,,VELVETFRUIT_EXTRACT,XIREC,5235.0,8
187600,,,VELVETFRUIT_EXTRACT,XIREC,5235.0,5
188400,,,HYDROGEL_PACK,XIREC,10021.0,4
188700,,SUBMISSION,HYDROGEL_PACK,XIREC,10023.0,10
188700,,SUBMISSION,HYDROGEL_PACK,XIREC,10021.0,23
188800,,,VELVETFRUIT_EXTRACT,XIREC,5232.0,6
189300,,SUBMISSION,HYDROGEL_PACK,XIREC,10025.0,14
189300,,SUBMISSION,HYDROGEL_PACK,XIREC,10022.0,29
189400,,SUBMISSION,HYDROGEL_PACK,XIREC,10026.0,14
189400,,SUBMISSION,HYDROGEL_PACK,XIREC,10023.0,24
189600,,SUBMISSION,HYDROGEL_PACK,XIREC,10026.0,10
189600,,SUBMISSION,HYDROGEL_PACK,XIREC,10023.0,28
190100,,,VEV_5300,XIREC,42.0,3
190100,,,VEV_5400,XIREC,15.0,3
190100,,,VEV_5500,XIREC,6.0,3
190100,,,VEV_6000,XIREC,0.0,3
190100,,,VEV_6500,XIREC,0.0,3
190600,,,VELVETFRUIT_EXTRACT,XIREC,5234.0,6
190700,,,VELVETFRUIT_EXTRACT,XIREC,5239.0,3
191100,,,VELVETFRUIT_EXTRACT,XIREC,5237.0,8
192600,,,VELVETFRUIT_EXTRACT,XIREC,5231.0,3
192800,,,HYDROGEL_PACK,XIREC,10007.0,5
193400,,SUBMISSION,HYDROGEL_PACK,XIREC,10025.0,4
194200,,SUBMISSION,VEV_4000,XIREC,1240.0,2
194400,,,VELVETFRUIT_EXTRACT,XIREC,5234.0,5
195200,,,VELVETFRUIT_EXTRACT,XIREC,5236.0,3
195600,,,VEV_5300,XIREC,41.0,3
195600,,,VEV_5400,XIREC,14.0,3
195600,,,VEV_5500,XIREC,6.0,3
195600,,,VEV_6000,XIREC,0.0,3
195600,,,VEV_6500,XIREC,0.0,3
196100,,,VELVETFRUIT_EXTRACT,XIREC,5236.0,5
196700,SUBMISSION,,VEV_4000,XIREC,1228.0,1
197600,,,VELVETFRUIT_EXTRACT,XIREC,5237.0,9
198900,,,VELVETFRUIT_EXTRACT,XIREC,5243.0,5
199200,,,VELVETFRUIT_EXTRACT,XIREC,5243.0,5
199400,,SUBMISSION,HYDROGEL_PACK,XIREC,10028.0,3
202300,,SUBMISSION,VEV_4000,XIREC,1245.0,3
202700,,SUBMISSION,HYDROGEL_PACK,XIREC,10032.0,5
203200,,,HYDROGEL_PACK,XIREC,10014.0,6
203700,,,VELVETFRUIT_EXTRACT,XIREC,5241.0,3
206100,,SUBMISSION,VEV_5400,XIREC,16.0,5
206100,SUBMISSION,,VEV_5400,XIREC,17.0,5
206200,,,VEV_5400,XIREC,16.0,3
206200,,,VEV_6000,XIREC,0.0,3
206200,,,VEV_6500,XIREC,0.0,3
206600,,,VEV_4000,XIREC,1255.0,1
206800,,,VELVETFRUIT_EXTRACT,XIREC,5241.0,6
207600,,SUBMISSION,VELVETFRUIT_EXTRACT,XIREC,5250.0,4
210300,,,VELVETFRUIT_EXTRACT,XIREC,5250.0,5
210600,,,HYDROGEL_PACK,XIREC,9990.0,5
211100,,,HYDROGEL_PACK,XIREC,9996.0,6
211900,,SUBMISSION,VEV_5400,XIREC,18.0,18
211900,,SUBMISSION,VEV_5500,XIREC,8.0,18
212000,,SUBMISSION,VEV_5400,XIREC,18.0,8
212000,,SUBMISSION,VEV_5500,XIREC,8.0,8
212300,,SUBMISSION,VEV_5500,XIREC,8.0,6
212400,,SUBMISSION,VEV_5400,XIREC,18.0,10
212400,,SUBMISSION,VEV_5500,XIREC,8.0,22
212500,,SUBMISSION,VEV_5400,XIREC,18.0,19
212500,,SUBMISSION,VEV_5500,XIREC,8.0,19
212600,,SUBMISSION,VEV_5400,XIREC,18.0,20
212600,,SUBMISSION,VEV_5500,XIREC,8.0,20
212700,,SUBMISSION,VEV_5400,XIREC,18.0,25
212700,,SUBMISSION,VEV_5500,XIREC,8.0,25
212800,,SUBMISSION,VEV_5400,XIREC,18.0,23
212800,,SUBMISSION,VEV_5500,XIREC,8.0,23
212900,,SUBMISSION,VEV_5500,XIREC,8.0,29
213000,,SUBMISSION,VEV_5400,XIREC,18.0,26
213000,,SUBMISSION,VEV_5500,XIREC,8.0,26
213100,,SUBMISSION,VEV_5400,XIREC,18.0,25
213100,,SUBMISSION,VEV_5500,XIREC,8.0,25
213200,,SUBMISSION,VEV_5500,XIREC,8.0,19
213300,,SUBMISSION,VEV_5400,XIREC,18.0,16
213300,,SUBMISSION,VEV_5500,XIREC,8.0,16
213400,,SUBMISSION,VEV_5400,XIREC,18.0,10
213400,,SUBMISSION,VEV_5500,XIREC,8.0,25
213500,,SUBMISSION,VEV_5400,XIREC,18.0,19
213600,,SUBMISSION,VEV_5400,XIREC,18.0,22
213700,,SUBMISSION,VELVETFRUIT_EXTRACT,XIREC,5258.0,5
213700,,SUBMISSION,VEV_5400,XIREC,18.0,15
213800,,SUBMISSION,VEV_5400,XIREC,18.0,21
214400,,,VELVETFRUIT_EXTRACT,XIREC,5250.0,3
215000,,,VELVETFRUIT_EXTRACT,XIREC,5249.0,4
215600,,SUBMISSION,VELVETFRUIT_EXTRACT,XIREC,5250.0,17
216000,,,VEV_4000,XIREC,1263.0,1
217100,,SUBMISSION,VELVETFRUIT_EXTRACT,XIREC,5256.0,4
217500,,SUBMISSION,HYDROGEL_PACK,XIREC,10010.0,4
217800,,,VEV_4000,XIREC,1263.0,1
218500,,SUBMISSION,HYDROGEL_PACK,XIREC,10016.0,5
218900,,SUBMISSION,HYDROGEL_PACK,XIREC,10013.0,3
218900,,,VELVETFRUIT_EXTRACT,XIREC,5249.0,8
220200,SUBMISSION,,VEV_5400,XIREC,17.0,24
220300,,SUBMISSION,VEV_5400,XIREC,16.0,15
220300,SUBMISSION,,VEV_5400,XIREC,17.0,15
220400,,SUBMISSION,VEV_5400,XIREC,16.0,30
220400,SUBMISSION,,VEV_5400,XIREC,17.0,30
220500,,SUBMISSION,VEV_5400,XIREC,16.0,24
220500,SUBMISSION,,VEV_5400,XIREC,17.0,24
220600,,SUBMISSION,VEV_5400,XIREC,16.0,24
220600,SUBMISSION,,VEV_5400,XIREC,17.0,24
220700,SUBMISSION,,VEV_5400,XIREC,17.0,19
220700,SUBMISSION,,VEV_5500,XIREC,8.0,19
220800,SUBMISSION,,VEV_5400,XIREC,17.0,19
220800,SUBMISSION,,VEV_5500,XIREC,8.0,19
220900,SUBMISSION,,VEV_5400,XIREC,17.0,28
220900,SUBMISSION,,VEV_5500,XIREC,8.0,28
221000,SUBMISSION,,VEV_5400,XIREC,17.0,20
221000,,SUBMISSION,VEV_5500,XIREC,6.0,20
221000,SUBMISSION,,VEV_5500,XIREC,7.0,20
221100,SUBMISSION,,VEV_5400,XIREC,17.0,21
221100,SUBMISSION,,VEV_5500,XIREC,8.0,21
221200,,SUBMISSION,HYDROGEL_PACK,XIREC,10010.0,5
221200,SUBMISSION,,VEV_5400,XIREC,17.0,24
221200,SUBMISSION,,VEV_5500,XIREC,8.0,24
221300,SUBMISSION,,VEV_5400,XIREC,17.0,17
221300,SUBMISSION,,VEV_5500,XIREC,7.0,6
221300,SUBMISSION,,VEV_5500,XIREC,8.0,11
221400,SUBMISSION,,VEV_5400,XIREC,17.0,20
221400,SUBMISSION,,VEV_5500,XIREC,7.0,10
221400,SUBMISSION,,VEV_5500,XIREC,8.0,10
221500,SUBMISSION,,VEV_5400,XIREC,17.0,20
221500,,SUBMISSION,VEV_5500,XIREC,6.0,20
221500,SUBMISSION,,VEV_5500,XIREC,7.0,20
221600,SUBMISSION,,VELVETFRUIT_EXTRACT,XIREC,5245.0,30
221600,SUBMISSION,,VEV_5400,XIREC,16.0,22
221600,,SUBMISSION,VEV_5500,XIREC,6.0,22
221600,SUBMISSION,,VEV_5500,XIREC,7.0,22
221700,SUBMISSION,,VEV_5400,XIREC,16.0,25
221700,,SUBMISSION,VEV_5500,XIREC,6.0,25
221700,SUBMISSION,,VEV_5500,XIREC,7.0,25
221800,SUBMISSION,,VEV_5400,XIREC,17.0,18
221800,,SUBMISSION,VEV_5500,XIREC,6.0,22
221800,SUBMISSION,,VEV_5500,XIREC,7.0,22
221800,,,VELVETFRUIT_EXTRACT,XIREC,5241.0,7
221900,,SUBMISSION,VEV_5500,XIREC,6.0,22
221900,SUBMISSION,,VEV_5500,XIREC,7.0,22
222000,,SUBMISSION,VEV_5500,XIREC,6.0,25
222000,SUBMISSION,,VEV_5500,XIREC,7.0,25
222100,SUBMISSION,,VEV_5500,XIREC,7.0,8
222100,SUBMISSION,,VEV_5500,XIREC,8.0,15
222200,SUBMISSION,,VEV_5500,XIREC,8.0,17
222300,SUBMISSION,,VEV_5500,XIREC,8.0,30
222400,SUBMISSION,,VEV_5500,XIREC,8.0,25
222500,SUBMISSION,,VEV_5500,XIREC,8.0,22
222600,SUBMISSION,,VEV_5500,XIREC,8.0,16
222900,SUBMISSION,,VEV_4000,XIREC,1240.0,3
223300,,SUBMISSION,VEV_4000,XIREC,1252.0,2
224100,,SUBMISSION,VEV_4000,XIREC,1253.0,2
224900,,SUBMISSION,VEV_5400,XIREC,17.0,8
225100,,SUBMISSION,VELVETFRUIT_EXTRACT,XIREC,5253.0,5
225700,,SUBMISSION,VEV_5400,XIREC,17.0,5
226100,,,HYDROGEL_PACK,XIREC,9974.0,5
227600,,SUBMISSION,VEV_5400,XIREC,18.0,7
227700,,SUBMISSION,VEV_5400,XIREC,18.0,5
228800,,SUBMISSION,VEV_5400,XIREC,16.0,24
228800,SUBMISSION,,VEV_5400,XIREC,17.0,24
228900,,SUBMISSION,VEV_5400,XIREC,16.0,20
228900,SUBMISSION,,VEV_5400,XIREC,17.0,20
229000,SUBMISSION,,VELVETFRUIT_EXTRACT,XIREC,5245.0,5
229000,,SUBMISSION,VEV_5400,XIREC,16.0,17
229000,SUBMISSION,,VEV_5400,XIREC,17.0,17
229100,,SUBMISSION,VEV_5400,XIREC,16.0,23
229100,SUBMISSION,,VEV_5400,XIREC,17.0,23
229100,,,VEV_4000,XIREC,1258.0,1
229400,,SUBMISSION,VEV_5400,XIREC,16.0,19
229400,SUBMISSION,,VEV_5400,XIREC,17.0,19
229500,,SUBMISSION,VEV_5400,XIREC,16.0,23
229500,SUBMISSION,,VEV_5400,XIREC,17.0,23
229600,,SUBMISSION,VEV_5400,XIREC,16.0,20
229600,SUBMISSION,,VEV_5400,XIREC,17.0,20
229700,,SUBMISSION,VEV_5400,XIREC,16.0,17
229700,SUBMISSION,,VEV_5400,XIREC,17.0,17
229800,,SUBMISSION,VEV_5400,XIREC,16.0,27
229800,SUBMISSION,,VEV_5400,XIREC,17.0,27
229900,,SUBMISSION,VEV_5400,XIREC,16.0,23
229900,SUBMISSION,,VEV_5400,XIREC,17.0,23
229900,,SUBMISSION,VEV_5500,XIREC,7.0,8
230000,,SUBMISSION,HYDROGEL_PACK,XIREC,9997.0,1
230000,,SUBMISSION,VEV_5400,XIREC,16.0,7
230000,SUBMISSION,,VEV_5400,XIREC,17.0,21
230000,SUBMISSION,,VEV_5500,XIREC,8.0,8
230000,,,HYDROGEL_PACK,XIREC,9998.0,3
230300,,SUBMISSION,VEV_5400,XIREC,16.0,15
230300,SUBMISSION,,VEV_5400,XIREC,17.0,15
230300,,SUBMISSION,VEV_5500,XIREC,7.0,5
230400,,SUBMISSION,VEV_5500,XIREC,7.0,7
230500,SUBMISSION,,VEV_5400,XIREC,17.0,11
230500,SUBMISSION,,VEV_5500,XIREC,8.0,12
230800,,,HYDROGEL_PACK,XIREC,10007.0,3
234500,,SUBMISSION,VEV_5300,XIREC,47.0,3
234900,SUBMISSION,,VEV_5300,XIREC,48.0,3
235300,,,VEV_5400,XIREC,16.0,3
235300,,,VEV_5500,XIREC,7.0,3
235300,,,VEV_6000,XIREC,0.0,3
235300,,,VEV_6500,XIREC,0.0,3
235900,,,HYDROGEL_PACK,XIREC,9998.0,3
236400,,SUBMISSION,VEV_5500,XIREC,7.0,8
236500,,SUBMISSION,VEV_5500,XIREC,7.0,7
237100,,SUBMISSION,VEV_5400,XIREC,17.0,8
237900,,SUBMISSION,VELVETFRUIT_EXTRACT,XIREC,5253.0,6
238200,,,HYDROGEL_PACK,XIREC,10025.0,2
238600,,SUBMISSION,VELVETFRUIT_EXTRACT,XIREC,5248.0,19
239400,,,VELVETFRUIT_EXTRACT,XIREC,5251.0,6
239600,,SUBMISSION,VELVETFRUIT_EXTRACT,XIREC,5254.0,5
239600,,,HYDROGEL_PACK,XIREC,10006.0,4
239700,,,HYDROGEL_PACK,XIREC,10021.0,6
240200,,SUBMISSION,VELVETFRUIT_EXTRACT,XIREC,5257.0,3
240600,,SUBMISSION,VEV_5400,XIREC,18.0,6
240600,,SUBMISSION,VEV_5500,XIREC,8.0,6
240600,,,HYDROGEL_PACK,XIREC,10013.0,3
240700,,SUBMISSION,VEV_5400,XIREC,18.0,21
240700,,SUBMISSION,VEV_5500,XIREC,8.0,21
240800,,SUBMISSION,VEV_5400,XIREC,18.0,25
240800,,SUBMISSION,VEV_5500,XIREC,8.0,25
240900,,SUBMISSION,VEV_5400,XIREC,18.0,25
240900,,SUBMISSION,VEV_5500,XIREC,8.0,25
241000,,SUBMISSION,VEV_5400,XIREC,18.0,23
241000,,SUBMISSION,VEV_5500,XIREC,8.0,23
241100,,SUBMISSION,VEV_5500,XIREC,8.0,21
241200,,SUBMISSION,VEV_5500,XIREC,8.0,19
241300,,SUBMISSION,VEV_5500,XIREC,8.0,26
241400,,SUBMISSION,VEV_5500,XIREC,8.0,23
241500,,SUBMISSION,VEV_5400,XIREC,18.0,18
241500,,SUBMISSION,VEV_5500,XIREC,8.0,18
241600,,SUBMISSION,VEV_5500,XIREC,8.0,16
241700,,SUBMISSION,VEV_5500,XIREC,8.0,25
241800,,SUBMISSION,VEV_5500,XIREC,8.0,18
241900,,,HYDROGEL_PACK,XIREC,10005.0,2
242000,,SUBMISSION,VEV_5400,XIREC,19.0,6
242700,,SUBMISSION,VEV_5400,XIREC,18.0,29
242800,,SUBMISSION,VEV_5400,XIREC,18.0,26
242900,,SUBMISSION,VELVETFRUIT_EXTRACT,XIREC,5253.0,5
243500,,SUBMISSION,VEV_5400,XIREC,18.0,5
243800,,SUBMISSION,VEV_5400,XIREC,18.0,18
243900,,SUBMISSION,VEV_5400,XIREC,18.0,26
244000,,SUBMISSION,VEV_5400,XIREC,18.0,24
244300,,SUBMISSION,VEV_5400,XIREC,18.0,8
245600,,SUBMISSION,VELVETFRUIT_EXTRACT,XIREC,5255.0,6
248200,,,HYDROGEL_PACK,XIREC,10025.0,5
248300,,,VELVETFRUIT_EXTRACT,XIREC,5257.0,5
250500,,,VELVETFRUIT_EXTRACT,XIREC,5260.0,4
250600,SUBMISSION,,VEV_4000,XIREC,1255.0,2
251200,,,VELVETFRUIT_EXTRACT,XIREC,5262.0,8
251600,,SUBMISSION,VEV_4000,XIREC,1269.0,3
251900,,SUBMISSION,VELVETFRUIT_EXTRACT,XIREC,5262.0,14
252400,,SUBMISSION,VELVETFRUIT_EXTRACT,XIREC,5266.0,6
252500,SUBMISSION,,VEV_5500,XIREC,8.0,2
252500,,,HYDROGEL_PACK,XIREC,9988.0,3
252500,,,VEV_5300,XIREC,53.0,2
252500,,,VEV_5400,XIREC,19.0,2
252500,,,VEV_6000,XIREC,0.0,2
252500,,,VEV_6500,XIREC,0.0,2
253900,,SUBMISSION,VELVETFRUIT_EXTRACT,XIREC,5265.0,3
254700,,,HYDROGEL_PACK,XIREC,9997.0,5
255000,,,HYDROGEL_PACK,XIREC,9980.0,4
255300,SUBMISSION,,HYDROGEL_PACK,XIREC,9974.0,2
255400,SUBMISSION,,HYDROGEL_PACK,XIREC,9974.0,3
258400,,SUBMISSION,VELVETFRUIT_EXTRACT,XIREC,5256.0,8
262200,SUBMISSION,,VELVETFRUIT_EXTRACT,XIREC,5251.0,4
262300,,SUBMISSION,HYDROGEL_PACK,XIREC,10004.0,4
262800,,SUBMISSION,HYDROGEL_PACK,XIREC,10007.0,1
262800,,,HYDROGEL_PACK,XIREC,10008.0,1
263100,,SUBMISSION,VEV_4000,XIREC,1262.0,3
263900,,SUBMISSION,VELVETFRUIT_EXTRACT,XIREC,5256.0,7
265400,SUBMISSION,,VELVETFRUIT_EXTRACT,XIREC,5250.0,9
265400,,,VELVETFRUIT_EXTRACT,XIREC,5250.0,9
265600,SUBMISSION,,VELVETFRUIT_EXTRACT,XIREC,5249.0,5
265600,SUBMISSION,,VEV_5400,XIREC,18.0,24
265700,SUBMISSION,,VELVETFRUIT_EXTRACT,XIREC,5247.0,14
265700,SUBMISSION,,VEV_5400,XIREC,18.0,22
265800,SUBMISSION,,VEV_5400,XIREC,18.0,22
265800,,,VELVETFRUIT_EXTRACT,XIREC,5252.0,7
265900,SUBMISSION,,VEV_4000,XIREC,1243.0,1
265900,SUBMISSION,,VEV_5400,XIREC,18.0,27
266300,,,HYDROGEL_PACK,XIREC,9999.0,4
266400,SUBMISSION,,VEV_5400,XIREC,18.0,18
266500,SUBMISSION,,VEV_5400,XIREC,18.0,20
266500,,,VELVETFRUIT_EXTRACT,XIREC,5253.0,5
266600,SUBMISSION,,VEV_5400,XIREC,18.0,20
266600,,,HYDROGEL_PACK,XIREC,9997.0,4
266700,SUBMISSION,,VEV_5400,XIREC,18.0,20
266800,SUBMISSION,,VEV_5400,XIREC,18.0,17
266900,SUBMISSION,,VEV_5400,XIREC,18.0,16
267000,SUBMISSION,,VEV_5400,XIREC,18.0,26
267400,,SUBMISSION,VELVETFRUIT_EXTRACT,XIREC,5253.0,3
267500,SUBMISSION,,VEV_5400,XIREC,18.0,24
267600,SUBMISSION,,VEV_5400,XIREC,18.0,12
267800,SUBMISSION,,VELVETFRUIT_EXTRACT,XIREC,5250.0,23
267900,SUBMISSION,,VELVETFRUIT_EXTRACT,XIREC,5249.0,22
267900,SUBMISSION,,VELVETFRUIT_EXTRACT,XIREC,5250.0,8
268300,,SUBMISSION,VEV_4000,XIREC,1251.0,2
268700,,,VELVETFRUIT_EXTRACT,XIREC,5251.0,5
269300,SUBMISSION,,HYDROGEL_PACK,XIREC,9974.0,3
269300,,,VELVETFRUIT_EXTRACT,XIREC,5247.0,5
271600,SUBMISSION,,VEV_4000,XIREC,1251.0,1
272600,,SUBMISSION,VELVETFRUIT_EXTRACT,XIREC,5260.0,7
274600,,SUBMISSION,HYDROGEL_PACK,XIREC,9988.0,2
274900,,SUBMISSION,VELVETFRUIT_EXTRACT,XIREC,5255.0,20
275300,,SUBMISSION,VELVETFRUIT_EXTRACT,XIREC,5258.0,8
275700,,SUBMISSION,HYDROGEL_PACK,XIREC,9995.0,1
275700,,,HYDROGEL_PACK,XIREC,9996.0,1
276500,,SUBMISSION,VELVETFRUIT_EXTRACT,XIREC,5254.0,7
277400,,SUBMISSION,VELVETFRUIT_EXTRACT,XIREC,5254.0,4
278300,,SUBMISSION,VELVETFRUIT_EXTRACT,XIREC,5257.0,5
279600,,SUBMISSION,VELVETFRUIT_EXTRACT,XIREC,5259.0,4
280000,SUBMISSION,,HYDROGEL_PACK,XIREC,9967.0,7
280500,,,HYDROGEL_PACK,XIREC,9973.0,2
280600,SUBMISSION,,HYDROGEL_PACK,XIREC,9970.0,11
280700,SUBMISSION,,HYDROGEL_PACK,XIREC,9972.0,11
280800,SUBMISSION,,HYDROGEL_PACK,XIREC,9972.0,14
280800,SUBMISSION,,VEV_5500,XIREC,8.0,25
280900,SUBMISSION,,HYDROGEL_PACK,XIREC,9971.0,10
281000,SUBMISSION,,HYDROGEL_PACK,XIREC,9968.0,14
281000,SUBMISSION,,HYDROGEL_PACK,XIREC,9971.0,27
281100,SUBMISSION,,HYDROGEL_PACK,XIREC,9968.0,11
281100,SUBMISSION,,HYDROGEL_PACK,XIREC,9971.0,30
281100,SUBMISSION,,HYDROGEL_PACK,XIREC,9953.0,3
281100,SUBMISSION,,VEV_5500,XIREC,8.0,16
281200,SUBMISSION,,HYDROGEL_PACK,XIREC,9966.0,12
281200,SUBMISSION,,HYDROGEL_PACK,XIREC,9969.0,30
281200,SUBMISSION,,VEV_5500,XIREC,8.0,20
281300,SUBMISSION,,HYDROGEL_PACK,XIREC,9970.0,10
281300,SUBMISSION,,VEV_5500,XIREC,8.0,23
281400,SUBMISSION,,HYDROGEL_PACK,XIREC,9971.0,10
281400,SUBMISSION,,VELVETFRUIT_EXTRACT,XIREC,5253.0,15
281400,SUBMISSION,,VELVETFRUIT_EXTRACT,XIREC,5253.0,15
281400,SUBMISSION,,VEV_5500,XIREC,8.0,28
281500,SUBMISSION,,HYDROGEL_PACK,XIREC,9972.0,15
281500,,SUBMISSION,VEV_4000,XIREC,1261.0,1
281600,SUBMISSION,,HYDROGEL_PACK,XIREC,9972.0,11
282000,,SUBMISSION,VELVETFRUIT_EXTRACT,XIREC,5255.0,16
282200,,,HYDROGEL_PACK,XIREC,9979.0,2
282200,,,VELVETFRUIT_EXTRACT,XIREC,5260.0,7
283400,,SUBMISSION,VELVETFRUIT_EXTRACT,XIREC,5258.0,7
285400,SUBMISSION,,HYDROGEL_PACK,XIREC,9966.0,5
286000,,SUBMISSION,VEV_5300,XIREC,53.0,5
286300,,SUBMISSION,VELVETFRUIT_EXTRACT,XIREC,5265.0,6
286500,,SUBMISSION,VEV_5400,XIREC,20.0,8
286600,,SUBMISSION,VEV_4000,XIREC,1271.0,2
286600,,SUBMISSION,VEV_5400,XIREC,20.0,24
286700,,SUBMISSION,VEV_5400,XIREC,20.0,20
286900,,SUBMISSION,VEV_5400,XIREC,20.0,26
287000,,SUBMISSION,VEV_5400,XIREC,20.0,22
287100,,SUBMISSION,VEV_5400,XIREC,20.0,23
287200,SUBMISSION,,HYDROGEL_PACK,XIREC,9971.0,15
287200,,SUBMISSION,VEV_5400,XIREC,20.0,27
287400,,SUBMISSION,VEV_5400,XIREC,20.0,24
287600,SUBMISSION,,HYDROGEL_PACK,XIREC,9971.0,13
287700,SUBMISSION,,HYDROGEL_PACK,XIREC,9970.0,14
287700,,SUBMISSION,VEV_5400,XIREC,20.0,20
287800,SUBMISSION,,HYDROGEL_PACK,XIREC,9968.0,13
287800,SUBMISSION,,HYDROGEL_PACK,XIREC,9970.0,23
287800,,SUBMISSION,VEV_5400,XIREC,20.0,24
287900,SUBMISSION,,HYDROGEL_PACK,XIREC,9970.0,11
288000,SUBMISSION,,HYDROGEL_PACK,XIREC,9971.0,13
288100,SUBMISSION,,HYDROGEL_PACK,XIREC,9969.0,10
288100,SUBMISSION,,HYDROGEL_PACK,XIREC,9971.0,24
288200,SUBMISSION,,HYDROGEL_PACK,XIREC,9966.0,13
288200,SUBMISSION,,HYDROGEL_PACK,XIREC,9968.0,20
288200,,SUBMISSION,VEV_5400,XIREC,20.0,6
288400,,SUBMISSION,VEV_5400,XIREC,20.0,6
288500,,SUBMISSION,VEV_5400,XIREC,20.0,25
288600,,SUBMISSION,VEV_5400,XIREC,20.0,17
288800,,SUBMISSION,VEV_4000,XIREC,1272.0,1
289100,,SUBMISSION,VELVETFRUIT_EXTRACT,XIREC,5270.0,5
289200,,SUBMISSION,VELVETFRUIT_EXTRACT,XIREC,5265.0,18
289200,,SUBMISSION,VELVETFRUIT_EXTRACT,XIREC,5265.0,11
290900,,,HYDROGEL_PACK,XIREC,9965.0,3
291400,,SUBMISSION,VELVETFRUIT_EXTRACT,XIREC,5273.0,5
291800,,SUBMISSION,VELVETFRUIT_EXTRACT,XIREC,5269.0,5
292400,,SUBMISSION,VELVETFRUIT_EXTRACT,XIREC,5274.0,8
292800,,,HYDROGEL_PACK,XIREC,9951.0,6
294400,,SUBMISSION,VELVETFRUIT_EXTRACT,XIREC,5272.0,69
294500,,SUBMISSION,VELVETFRUIT_EXTRACT,XIREC,5275.0,25
294500,,SUBMISSION,VELVETFRUIT_EXTRACT,XIREC,5274.0,42
294600,,SUBMISSION,VELVETFRUIT_EXTRACT,XIREC,5275.0,18
294600,,SUBMISSION,VELVETFRUIT_EXTRACT,XIREC,5274.0,45
294700,,SUBMISSION,VELVETFRUIT_EXTRACT,XIREC,5275.0,59
294800,,SUBMISSION,VELVETFRUIT_EXTRACT,XIREC,5275.0,21
294800,,SUBMISSION,VELVETFRUIT_EXTRACT,XIREC,5274.0,15
295000,,,HYDROGEL_PACK,XIREC,9959.0,5
296900,,,VELVETFRUIT_EXTRACT,XIREC,5270.0,5
297100,,,HYDROGEL_PACK,XIREC,9958.0,3
297400,,,VELVETFRUIT_EXTRACT,XIREC,5275.0,4
297500,SUBMISSION,,VEV_4000,XIREC,1266.0,1
301100,,,HYDROGEL_PACK,XIREC,9966.0,3
301300,,,HYDROGEL_PACK,XIREC,9967.0,2
302400,,,HYDROGEL_PACK,XIREC,9936.0,6
304000,SUBMISSION,,VEV_5400,XIREC,19.0,3
304000,,,VEV_5500,XIREC,8.0,3
304000,,,VEV_6000,XIREC,0.0,3
304000,,,VEV_6500,XIREC,0.0,3
304100,,SUBMISSION,VEV_5500,XIREC,8.0,25
304200,,SUBMISSION,VEV_5500,XIREC,8.0,28
304200,,,HYDROGEL_PACK,XIREC,9944.0,2
304300,,SUBMISSION,VEV_5500,XIREC,8.0,26
304400,,SUBMISSION,VEV_5500,XIREC,8.0,26
306500,,,HYDROGEL_PACK,XIREC,9967.0,5
307100,,SUBMISSION,VEV_4000,XIREC,1273.0,1
307500,,,VELVETFRUIT_EXTRACT,XIREC,5275.0,8
308000,,,HYDROGEL_PACK,XIREC,9943.0,3
308100,,,HYDROGEL_PACK,XIREC,9945.0,4
308100,,,VELVETFRUIT_EXTRACT,XIREC,5271.0,6
309500,,,VELVETFRUIT_EXTRACT,XIREC,5268.0,4
310100,SUBMISSION,,VEV_5500,XIREC,8.0,5
310100,,,VEV_5400,XIREC,20.0,5
310100,,,VEV_6000,XIREC,0.0,5
310100,,,VEV_6500,XIREC,0.0,5
310500,,,VELVETFRUIT_EXTRACT,XIREC,5266.0,11
310600,,,VELVETFRUIT_EXTRACT,XIREC,5264.0,3
313000,,,VELVETFRUIT_EXTRACT,XIREC,5267.0,5
314000,SUBMISSION,,VEV_5500,XIREC,8.0,24
314100,SUBMISSION,,VEV_5500,XIREC,8.0,20
314200,SUBMISSION,,VEV_5500,XIREC,8.0,19
314300,SUBMISSION,,VELVETFRUIT_EXTRACT,XIREC,5257.0,49
314300,SUBMISSION,,VEV_5500,XIREC,8.0,22
314400,SUBMISSION,,VELVETFRUIT_EXTRACT,XIREC,5256.0,63
314400,SUBMISSION,,VEV_5500,XIREC,8.0,26
314500,SUBMISSION,,VELVETFRUIT_EXTRACT,XIREC,5256.0,54
314500,SUBMISSION,,VELVETFRUIT_EXTRACT,XIREC,5252.0,4
314500,SUBMISSION,,VEV_5500,XIREC,8.0,28
314600,SUBMISSION,,VELVETFRUIT_EXTRACT,XIREC,5255.0,22
314600,SUBMISSION,,VELVETFRUIT_EXTRACT,XIREC,5256.0,35
314600,SUBMISSION,,VEV_5400,XIREC,18.0,18
314600,SUBMISSION,,VEV_5500,XIREC,8.0,18
314700,SUBMISSION,,VELVETFRUIT_EXTRACT,XIREC,5254.0,67
314700,SUBMISSION,,VEV_5400,XIREC,18.0,16
314700,SUBMISSION,,VEV_5500,XIREC,8.0,16
314800,SUBMISSION,,VELVETFRUIT_EXTRACT,XIREC,5253.0,54
314800,SUBMISSION,,VEV_5300,XIREC,49.0,5
314800,SUBMISSION,,VEV_5400,XIREC,17.0,21
314800,SUBMISSION,,VEV_5500,XIREC,8.0,21
314900,SUBMISSION,,VELVETFRUIT_EXTRACT,XIREC,5254.0,18
314900,SUBMISSION,,VELVETFRUIT_EXTRACT,XIREC,5255.0,33
314900,SUBMISSION,,VEV_5400,XIREC,18.0,25
314900,SUBMISSION,,VEV_5500,XIREC,8.0,25
315000,SUBMISSION,,VELVETFRUIT_EXTRACT,XIREC,5253.0,1
315000,SUBMISSION,,VEV_5400,XIREC,18.0,22
315000,SUBMISSION,,VEV_5500,XIREC,8.0,22
315100,SUBMISSION,,VEV_5400,XIREC,17.0,21
315100,SUBMISSION,,VEV_5500,XIREC,8.0,21
315200,SUBMISSION,,VEV_5400,XIREC,17.0,20
315200,SUBMISSION,,VEV_5500,XIREC,8.0,5
315300,SUBMISSION,,VEV_5400,XIREC,17.0,20
315400,SUBMISSION,,VEV_5400,XIREC,17.0,21
315500,SUBMISSION,,VEV_5400,XIREC,18.0,16
315600,SUBMISSION,,VEV_5400,XIREC,17.0,19
315700,SUBMISSION,,VEV_5400,XIREC,17.0,21
315800,SUBMISSION,,VEV_5400,XIREC,17.0,22
315900,SUBMISSION,,VEV_5400,XIREC,17.0,7
316200,,,HYDROGEL_PACK,XIREC,9939.0,5
317100,,,HYDROGEL_PACK,XIREC,9929.0,4
318300,,,HYDROGEL_PACK,XIREC,9950.0,4
318900,,,VELVETFRUIT_EXTRACT,XIREC,5250.0,4
321900,,,VELVETFRUIT_EXTRACT,XIREC,5253.0,7
322000,,,VEV_5400,XIREC,16.0,2
322000,,,VEV_5500,XIREC,7.0,2
322000,,,VEV_6000,XIREC,0.0,2
322000,,,VEV_6500,XIREC,0.0,2
322600,,,VEV_5200,XIREC,98.0,4
322600,,,VEV_5500,XIREC,7.0,4
322600,,,VEV_6000,XIREC,0.0,4
322600,,,VEV_6500,XIREC,0.0,4
323300,,SUBMISSION,VEV_4000,XIREC,1256.0,3
323300,,,HYDROGEL_PACK,XIREC,9956.0,5
324100,,,VELVETFRUIT_EXTRACT,XIREC,5254.0,7
324600,,,HYDROGEL_PACK,XIREC,9946.0,6
324700,,SUBMISSION,VEV_5200,XIREC,97.0,5
324700,,SUBMISSION,VEV_5500,XIREC,7.0,5
324700,SUBMISSION,,VEV_5500,XIREC,8.0,5
324800,SUBMISSION,,VEV_5200,XIREC,99.0,5
325300,SUBMISSION,,VEV_4000,XIREC,1240.0,2
326300,,SUBMISSION,VEV_4000,XIREC,1255.0,1
327000,,SUBMISSION,VEV_5400,XIREC,17.0,9
327100,SUBMISSION,,VEV_5400,XIREC,18.0,9
327600,,,HYDROGEL_PACK,XIREC,9928.0,5
327700,,,HYDROGEL_PACK,XIREC,9946.0,6
328000,SUBMISSION,,VEV_4000,XIREC,1246.0,1
328400,SUBMISSION,,VEV_4000,XIREC,1243.0,1
328500,,,VELVETFRUIT_EXTRACT,XIREC,5249.0,4
331400,SUBMISSION,,VEV_4000,XIREC,1235.0,1
333100,,,VELVETFRUIT_EXTRACT,XIREC,5236.0,4
334900,SUBMISSION,,VEV_4000,XIREC,1240.0,1
335300,,,HYDROGEL_PACK,XIREC,9943.0,5
335300,,,VELVETFRUIT_EXTRACT,XIREC,5245.0,3
335500,,,HYDROGEL_PACK,XIREC,9961.0,4
338100,,,HYDROGEL_PACK,XIREC,9931.0,3
339500,,,HYDROGEL_PACK,XIREC,9932.0,3
340100,,SUBMISSION,VEV_4000,XIREC,1254.0,2
340500,,,VELVETFRUIT_EXTRACT,XIREC,5249.0,9
341500,,SUBMISSION,VEV_5400,XIREC,16.0,2
341500,SUBMISSION,,VEV_5400,XIREC,17.0,2
342000,,,VELVETFRUIT_EXTRACT,XIREC,5249.0,6
342400,,,HYDROGEL_PACK,XIREC,9944.0,5
343100,,,HYDROGEL_PACK,XIREC,9966.0,2
343400,,,VELVETFRUIT_EXTRACT,XIREC,5251.0,13
344000,,,HYDROGEL_PACK,XIREC,9953.0,5
344200,,,VELVETFRUIT_EXTRACT,XIREC,5253.0,4
345700,,,HYDROGEL_PACK,XIREC,9957.0,6
345700,,,VELVETFRUIT_EXTRACT,XIREC,5245.0,7
345900,,,HYDROGEL_PACK,XIREC,9958.0,3
348500,,,HYDROGEL_PACK,XIREC,9964.0,5
350300,,,VEV_5400,XIREC,15.0,4
350300,,,VEV_5500,XIREC,6.0,4
350300,,,VEV_6000,XIREC,0.0,4
350300,,,VEV_6500,XIREC,0.0,4
350900,,SUBMISSION,VEV_4000,XIREC,1250.0,3
351000,,SUBMISSION,HYDROGEL_PACK,XIREC,9972.0,3
353700,SUBMISSION,,HYDROGEL_PACK,XIREC,9959.0,3
355000,,SUBMISSION,VEV_5400,XIREC,15.0,5
355000,SUBMISSION,,VEV_5400,XIREC,16.0,5
356800,SUBMISSION,,VEV_4000,XIREC,1237.0,2
357100,,,HYDROGEL_PACK,XIREC,9963.0,6
358100,,,VELVETFRUIT_EXTRACT,XIREC,5245.0,6
358300,SUBMISSION,,VEV_4000,XIREC,1240.0,3
358500,,,HYDROGEL_PACK,XIREC,9960.0,6
360600,,SUBMISSION,VEV_5400,XIREC,16.0,5
360600,SUBMISSION,,VEV_5400,XIREC,17.0,5
360600,,,HYDROGEL_PACK,XIREC,9951.0,2
362700,,,HYDROGEL_PACK,XIREC,9961.0,3
363100,,SUBMISSION,HYDROGEL_PACK,XIREC,9982.0,4
364000,,SUBMISSION,VELVETFRUIT_EXTRACT,XIREC,5252.0,22
364800,,SUBMISSION,HYDROGEL_PACK,XIREC,9977.0,5
364900,SUBMISSION,,VELVETFRUIT_EXTRACT,XIREC,5251.0,7
365000,SUBMISSION,,VEV_4000,XIREC,1245.0,2
365600,SUBMISSION,,VELVETFRUIT_EXTRACT,XIREC,5251.0,8
367900,SUBMISSION,,VELVETFRUIT_EXTRACT,XIREC,5248.0,5
367900,,,VELVETFRUIT_EXTRACT,XIREC,5248.0,5
368500,,SUBMISSION,HYDROGEL_PACK,XIREC,9982.0,6
369300,,SUBMISSION,VEV_5400,XIREC,16.0,5
369300,SUBMISSION,,VEV_5400,XIREC,17.0,5
370700,,SUBMISSION,VEV_5500,XIREC,7.0,3
370700,SUBMISSION,,VEV_5500,XIREC,8.0,3
370900,,SUBMISSION,VEV_5500,XIREC,7.0,3
370900,SUBMISSION,,VEV_5500,XIREC,8.0,3
371400,SUBMISSION,,HYDROGEL_PACK,XIREC,9954.0,2
373000,,SUBMISSION,VEV_5400,XIREC,17.0,10
373100,SUBMISSION,,VEV_5400,XIREC,18.0,10
373400,,SUBMISSION,HYDROGEL_PACK,XIREC,9969.0,3
373500,,SUBMISSION,VEV_5400,XIREC,17.0,9
373700,SUBMISSION,,HYDROGEL_PACK,XIREC,9955.0,5
373800,SUBMISSION,,VEV_5400,XIREC,18.0,9
373900,,SUBMISSION,VEV_5400,XIREC,17.0,6
374000,,SUBMISSION,VEV_5400,XIREC,17.0,10
374100,,,VELVETFRUIT_EXTRACT,XIREC,5253.0,6
374400,,,VELVETFRUIT_EXTRACT,XIREC,5253.0,4
374500,SUBMISSION,,VEV_5400,XIREC,18.0,16
374800,SUBMISSION,,VEV_4000,XIREC,1245.0,3
375100,SUBMISSION,,HYDROGEL_PACK,XIREC,9948.0,2
376200,SUBMISSION,,VELVETFRUIT_EXTRACT,XIREC,5249.0,2
376300,SUBMISSION,,VEV_4000,XIREC,1239.0,2
376600,,,VEV_5300,XIREC,46.0,5
376600,,,VEV_5400,XIREC,15.0,5
376600,,,VEV_5500,XIREC,6.0,5
376600,,,VEV_6000,XIREC,0.0,5
376600,,,VEV_6500,XIREC,0.0,5
377900,,,VEV_5300,XIREC,47.0,2
377900,,,VEV_5500,XIREC,6.0,2
377900,,,VEV_6000,XIREC,0.0,2
377900,,,VEV_6500,XIREC,0.0,2
380100,SUBMISSION,,HYDROGEL_PACK,XIREC,9957.0,9
380100,,,HYDROGEL_PACK,XIREC,9957.0,6
380700,,,HYDROGEL_PACK,XIREC,9948.0,4
380900,,,VELVETFRUIT_EXTRACT,XIREC,5250.0,8
381700,,SUBMISSION,VELVETFRUIT_EXTRACT,XIREC,5254.0,8
383300,,,HYDROGEL_PACK,XIREC,9945.0,5
383600,,,HYDROGEL_PACK,XIREC,9948.0,4
383700,SUBMISSION,,VELVETFRUIT_EXTRACT,XIREC,5247.0,7
384100,,SUBMISSION,VEV_5300,XIREC,48.0,3
384200,SUBMISSION,,VEV_4000,XIREC,1242.0,1
384200,SUBMISSION,,VEV_5300,XIREC,49.0,3
384500,SUBMISSION,,VEV_4000,XIREC,1241.0,3
384900,,SUBMISSION,VEV_5400,XIREC,16.0,2
384900,SUBMISSION,,VEV_5400,XIREC,17.0,2
385800,,,HYDROGEL_PACK,XIREC,9943.0,6
385900,SUBMISSION,,VELVETFRUIT_EXTRACT,XIREC,5246.0,1
385900,,,VELVETFRUIT_EXTRACT,XIREC,5245.0,2
386000,,,VELVETFRUIT_EXTRACT,XIREC,5244.0,8
386800,,SUBMISSION,VEV_4000,XIREC,1250.0,2
390100,,,VELVETFRUIT_EXTRACT,XIREC,5244.0,10
390800,SUBMISSION,,VEV_4000,XIREC,1236.0,3
392300,,,VELVETFRUIT_EXTRACT,XIREC,5242.0,5
393000,,,VELVETFRUIT_EXTRACT,XIREC,5242.0,4
393900,,,VELVETFRUIT_EXTRACT,XIREC,5241.0,6
394700,,,VELVETFRUIT_EXTRACT,XIREC,5237.0,8
394800,,,HYDROGEL_PACK,XIREC,9941.0,5
396000,,,VELVETFRUIT_EXTRACT,XIREC,5246.0,8
396200,,,VELVETFRUIT_EXTRACT,XIREC,5240.0,7
396300,,,HYDROGEL_PACK,XIREC,9956.0,4
397800,,,HYDROGEL_PACK,XIREC,9950.0,4
398400,,,VELVETFRUIT_EXTRACT,XIREC,5235.0,6
399700,,,VEV_5400,XIREC,14.0,5
399700,,,VEV_5500,XIREC,6.0,5
399700,,,VEV_6000,XIREC,0.0,5
399700,,,VEV_6500,XIREC,0.0,5
399900,SUBMISSION,,VEV_4000,XIREC,1234.0,1
400100,,,VELVETFRUIT_EXTRACT,XIREC,5240.0,8
401900,,,VELVETFRUIT_EXTRACT,XIREC,5242.0,8
402000,,SUBMISSION,VEV_5400,XIREC,15.0,5
402000,SUBMISSION,,VEV_5400,XIREC,16.0,5
402400,,,VELVETFRUIT_EXTRACT,XIREC,5240.0,6
403500,,,VELVETFRUIT_EXTRACT,XIREC,5239.0,8
403600,,,HYDROGEL_PACK,XIREC,9922.0,6
404200,,,VELVETFRUIT_EXTRACT,XIREC,5247.0,4
406400,,,VELVETFRUIT_EXTRACT,XIREC,5246.0,5
409300,,,HYDROGEL_PACK,XIREC,9929.0,6
410400,,,VEV_5400,XIREC,13.0,3
410400,,,VEV_5500,XIREC,5.0,3
410400,,,VEV_6000,XIREC,0.0,3
410400,,,VEV_6500,XIREC,0.0,3
410600,,,VELVETFRUIT_EXTRACT,XIREC,5239.0,6
411000,,,HYDROGEL_PACK,XIREC,9951.0,4
411200,,,VELVETFRUIT_EXTRACT,XIREC,5236.0,7
411300,,,VELVETFRUIT_EXTRACT,XIREC,5236.0,7
411400,,,HYDROGEL_PACK,XIREC,9952.0,3
412300,,,HYDROGEL_PACK,XIREC,9953.0,2
414000,,SUBMISSION,HYDROGEL_PACK,XIREC,9961.0,2
414400,SUBMISSION,,HYDROGEL_PACK,XIREC,9946.0,2
414400,,,HYDROGEL_PACK,XIREC,9945.0,1
414800,,,HYDROGEL_PACK,XIREC,9940.0,3
415700,,,VELVETFRUIT_EXTRACT,XIREC,5234.0,3
419700,,SUBMISSION,VEV_4000,XIREC,1234.0,1
419900,,,VELVETFRUIT_EXTRACT,XIREC,5231.0,6
421500,,,HYDROGEL_PACK,XIREC,9946.0,3
424500,,,VELVETFRUIT_EXTRACT,XIREC,5235.0,7
425400,,SUBMISSION,VEV_4000,XIREC,1239.0,1
426800,,,VELVETFRUIT_EXTRACT,XIREC,5232.0,8
427000,,,HYDROGEL_PACK,XIREC,9950.0,2
427600,,,VELVETFRUIT_EXTRACT,XIREC,5237.0,8
428000,,,VEV_5400,XIREC,13.0,2
428000,,,VEV_5500,XIREC,5.0,2
428000,,,VEV_6000,XIREC,0.0,2
428000,,,VEV_6500,XIREC,0.0,2
430200,,,VELVETFRUIT_EXTRACT,XIREC,5230.0,3
431000,,,VELVETFRUIT_EXTRACT,XIREC,5233.0,5
431400,,SUBMISSION,VEV_5400,XIREC,13.0,5
431400,SUBMISSION,,VEV_5400,XIREC,14.0,5
431600,,SUBMISSION,VEV_5500,XIREC,5.0,5
431600,SUBMISSION,,VEV_5500,XIREC,6.0,5
431700,,,VELVETFRUIT_EXTRACT,XIREC,5233.0,4
432100,,,VELVETFRUIT_EXTRACT,XIREC,5234.0,3
433700,,SUBMISSION,VEV_5500,XIREC,5.0,5
433700,SUBMISSION,,VEV_5500,XIREC,6.0,5
434200,,SUBMISSION,VEV_5400,XIREC,13.0,5
434200,SUBMISSION,,VEV_5400,XIREC,14.0,5
435300,,,VELVETFRUIT_EXTRACT,XIREC,5225.0,8
435400,,SUBMISSION,VEV_5500,XIREC,5.0,3
435400,SUBMISSION,,VEV_5500,XIREC,6.0,3
435600,,SUBMISSION,VEV_5400,XIREC,13.0,5
435600,SUBMISSION,,VEV_5400,XIREC,14.0,5
435700,,SUBMISSION,VEV_5400,XIREC,13.0,5
435700,SUBMISSION,,VEV_5400,XIREC,14.0,5
436200,,,HYDROGEL_PACK,XIREC,9935.0,5
437100,,SUBMISSION,VEV_4000,XIREC,1231.0,1
437100,,SUBMISSION,VEV_4500,XIREC,733.0,1
437100,,SUBMISSION,VEV_5100,XIREC,151.0,1
437100,,SUBMISSION,VEV_5200,XIREC,87.0,1
437100,,SUBMISSION,VEV_5300,XIREC,41.0,1
437100,,,VEV_5000,XIREC,238.0,1
437100,,,VEV_5400,XIREC,13.0,4
437100,,,VEV_5500,XIREC,5.0,4
437100,,,VEV_6000,XIREC,0.0,4
437100,,,VEV_6500,XIREC,0.0,4
437200,SUBMISSION,,VEV_5100,XIREC,154.0,1
437200,SUBMISSION,,VEV_5200,XIREC,88.0,1
437200,SUBMISSION,,VEV_5300,XIREC,42.0,1
438000,,,VELVETFRUIT_EXTRACT,XIREC,5230.0,7
440300,,,HYDROGEL_PACK,XIREC,9922.0,2
441300,,,HYDROGEL_PACK,XIREC,9902.0,2
443600,,,HYDROGEL_PACK,XIREC,9908.0,2
444000,SUBMISSION,,VEV_4000,XIREC,1233.0,3
444300,,,VELVETFRUIT_EXTRACT,XIREC,5238.0,7
445900,,SUBMISSION,VELVETFRUIT_EXTRACT,XIREC,5248.0,4
448100,,SUBMISSION,VELVETFRUIT_EXTRACT,XIREC,5253.0,3
448700,SUBMISSION,,VEV_4000,XIREC,1241.0,3
450000,,,HYDROGEL_PACK,XIREC,9932.0,5
453500,,,VELVETFRUIT_EXTRACT,XIREC,5245.0,8
453600,,SUBMISSION,VELVETFRUIT_EXTRACT,XIREC,5251.0,4
454800,,,VELVETFRUIT_EXTRACT,XIREC,5245.0,3
455200,,,VELVETFRUIT_EXTRACT,XIREC,5244.0,6
455400,,SUBMISSION,VEV_4000,XIREC,1250.0,1
455700,,,VEV_5400,XIREC,15.0,4
455700,,,VEV_5500,XIREC,6.0,4
455700,,,VEV_6000,XIREC,0.0,4
455700,,,VEV_6500,XIREC,0.0,4
456900,SUBMISSION,,VELVETFRUIT_EXTRACT,XIREC,5240.0,10
457700,,,HYDROGEL_PACK,XIREC,9914.0,4
458400,,SUBMISSION,VELVETFRUIT_EXTRACT,XIREC,5247.0,3
459900,,SUBMISSION,VELVETFRUIT_EXTRACT,XIREC,5251.0,8
459900,SUBMISSION,,VEV_4000,XIREC,1242.0,2
460400,,SUBMISSION,VEV_5400,XIREC,16.0,2
460400,SUBMISSION,,VEV_5400,XIREC,17.0,2
460400,,,VEV_5300,XIREC,47.0,3
460400,,,VEV_5400,XIREC,16.0,3
460400,,,VEV_5500,XIREC,6.0,3
460400,,,VEV_6000,XIREC,0.0,3
460400,,,VEV_6500,XIREC,0.0,3
460700,,SUBMISSION,VELVETFRUIT_EXTRACT,XIREC,5253.0,6
462300,,SUBMISSION,VELVETFRUIT_EXTRACT,XIREC,5258.0,8
462400,,SUBMISSION,VEV_5500,XIREC,7.0,7
462500,SUBMISSION,,VEV_5500,XIREC,8.0,7
462500,,,HYDROGEL_PACK,XIREC,9932.0,2
462700,,SUBMISSION,VEV_5400,XIREC,17.0,6
462900,,SUBMISSION,VEV_5300,XIREC,49.0,4
463200,SUBMISSION,,VEV_5400,XIREC,17.0,6
464200,SUBMISSION,,VEV_4000,XIREC,1244.0,1
465300,,SUBMISSION,VELVETFRUIT_EXTRACT,XIREC,5254.0,8
465600,,SUBMISSION,VEV_5400,XIREC,17.0,6
467400,SUBMISSION,,VEV_5300,XIREC,48.0,4
467400,SUBMISSION,,VEV_5400,XIREC,17.0,6
468000,,,VELVETFRUIT_EXTRACT,XIREC,5247.0,3
469200,,SUBMISSION,VEV_5400,XIREC,17.0,5
469200,,SUBMISSION,VEV_5500,XIREC,7.0,5
469300,SUBMISSION,,VEV_5500,XIREC,8.0,5
469300,,,VELVETFRUIT_EXTRACT,XIREC,5252.0,6
469600,,,VELVETFRUIT_EXTRACT,XIREC,5252.0,7
470400,,SUBMISSION,VELVETFRUIT_EXTRACT,XIREC,5256.0,4
471000,SUBMISSION,,VEV_5400,XIREC,17.0,5
471700,,SUBMISSION,VEV_5400,XIREC,16.0,5
471700,SUBMISSION,,VEV_5400,XIREC,17.0,5
472600,,,VELVETFRUIT_EXTRACT,XIREC,5249.0,3
475400,,SUBMISSION,VELVETFRUIT_EXTRACT,XIREC,5253.0,7
475500,SUBMISSION,,VEV_4000,XIREC,1247.0,1
476200,,SUBMISSION,HYDROGEL_PACK,XIREC,9958.0,3
476200,,SUBMISSION,VEV_5500,XIREC,7.0,8
476500,,,VEV_5400,XIREC,17.0,2
476500,,,VEV_5500,XIREC,7.0,2
476500,,,VEV_6000,XIREC,0.0,2
476500,,,VEV_6500,XIREC,0.0,2
476600,SUBMISSION,,VEV_5500,XIREC,8.0,8
477000,,SUBMISSION,VEV_5400,XIREC,17.0,7
477100,,SUBMISSION,VEV_5500,XIREC,7.0,8
477600,SUBMISSION,,HYDROGEL_PACK,XIREC,9942.0,3
477600,,SUBMISSION,VEV_5300,XIREC,51.0,3
477600,,,HYDROGEL_PACK,XIREC,9941.0,2
477700,,SUBMISSION,VEV_5500,XIREC,7.0,10
477800,SUBMISSION,,VEV_5500,XIREC,8.0,18
477900,,SUBMISSION,VELVETFRUIT_EXTRACT,XIREC,5257.0,5
478200,SUBMISSION,,VEV_5400,XIREC,17.0,7
478900,,,VELVETFRUIT_EXTRACT,XIREC,5250.0,4
479100,,SUBMISSION,HYDROGEL_PACK,XIREC,9972.0,5
479200,SUBMISSION,,VEV_5300,XIREC,48.0,3
480100,,SUBMISSION,VELVETFRUIT_EXTRACT,XIREC,5249.0,10
480700,,SUBMISSION,VEV_4000,XIREC,1252.0,2
480900,SUBMISSION,,VEV_4000,XIREC,1242.0,2
481300,,SUBMISSION,VEV_4000,XIREC,1250.0,3
483100,,,VELVETFRUIT_EXTRACT,XIREC,5245.0,8
483200,SUBMISSION,,VELVETFRUIT_EXTRACT,XIREC,5244.0,20
483200,,SUBMISSION,VEV_4000,XIREC,1245.0,3
483300,SUBMISSION,,VELVETFRUIT_EXTRACT,XIREC,5243.0,40
483800,,,VELVETFRUIT_EXTRACT,XIREC,5238.0,7
485300,,,HYDROGEL_PACK,XIREC,9952.0,3
486400,,,VELVETFRUIT_EXTRACT,XIREC,5239.0,7
489600,,,HYDROGEL_PACK,XIREC,9948.0,4
489700,,,VELVETFRUIT_EXTRACT,XIREC,5237.0,6
489700,,,VEV_5300,XIREC,43.0,4
489700,,,VEV_5400,XIREC,14.0,4
489700,,,VEV_5500,XIREC,5.0,4
489700,,,VEV_6000,XIREC,0.0,4
489700,,,VEV_6500,XIREC,0.0,4
490900,,SUBMISSION,VELVETFRUIT_EXTRACT,XIREC,5246.0,5
491100,SUBMISSION,,VEV_4000,XIREC,1236.0,3
492100,SUBMISSION,,VELVETFRUIT_EXTRACT,XIREC,5242.0,5
493900,,,VELVETFRUIT_EXTRACT,XIREC,5237.0,3
494500,,SUBMISSION,HYDROGEL_PACK,XIREC,9974.0,4
494700,SUBMISSION,,VEV_4000,XIREC,1231.0,2
494700,,SUBMISSION,VEV_5400,XIREC,14.0,5
494700,SUBMISSION,,VEV_5400,XIREC,15.0,5
495300,,,HYDROGEL_PACK,XIREC,9964.0,5
496200,,,VELVETFRUIT_EXTRACT,XIREC,5239.0,5
496300,SUBMISSION,,VEV_4000,XIREC,1233.0,2
498200,,,VELVETFRUIT_EXTRACT,XIREC,5241.0,5
498400,,,VELVETFRUIT_EXTRACT,XIREC,5238.0,7
499900,,,HYDROGEL_PACK,XIREC,9990.0,6
500100,,SUBMISSION,VEV_5400,XIREC,15.0,5
500100,SUBMISSION,,VEV_5400,XIREC,16.0,5
500700,,SUBMISSION,VEV_5300,XIREC,45.0,2
500700,SUBMISSION,,VEV_5300,XIREC,46.0,2
500700,,SUBMISSION,VEV_5400,XIREC,15.0,2
500700,SUBMISSION,,VEV_5400,XIREC,16.0,2
500800,,,HYDROGEL_PACK,XIREC,9987.0,4
501400,,,HYDROGEL_PACK,XIREC,9987.0,6
502000,,,HYDROGEL_PACK,XIREC,9985.0,3
502700,,,VEV_5500,XIREC,6.0,2
502700,,,VEV_6000,XIREC,0.0,2
502700,,,VEV_6500,XIREC,0.0,2
503500,SUBMISSION,,VEV_4000,XIREC,1243.0,3
503500,,,HYDROGEL_PACK,XIREC,9994.0,6
505300,,SUBMISSION,VELVETFRUIT_EXTRACT,XIREC,5255.0,3
506200,,,VELVETFRUIT_EXTRACT,XIREC,5254.0,5
507100,,SUBMISSION,VEV_5400,XIREC,18.0,10
507200,,SUBMISSION,HYDROGEL_PACK,XIREC,10011.0,4
507200,,SUBMISSION,VEV_5400,XIREC,18.0,23
507700,,SUBMISSION,VEV_5400,XIREC,18.0,23
507800,,SUBMISSION,VEV_5400,XIREC,18.0,19
507800,,,HYDROGEL_PACK,XIREC,9992.0,6
507900,,SUBMISSION,VEV_5400,XIREC,18.0,26
508100,,SUBMISSION,VEV_5400,XIREC,18.0,25
508200,,SUBMISSION,VEV_5400,XIREC,18.0,26
508300,,SUBMISSION,VEV_5400,XIREC,18.0,25
508400,,SUBMISSION,VEV_5400,XIREC,18.0,25
508500,,SUBMISSION,VEV_5400,XIREC,18.0,27
509000,,SUBMISSION,VEV_5400,XIREC,18.0,19
509100,SUBMISSION,,VEV_4000,XIREC,1253.0,3
509100,,SUBMISSION,VEV_5400,XIREC,18.0,10
509200,,SUBMISSION,VEV_5400,XIREC,18.0,17
509700,,SUBMISSION,VELVETFRUIT_EXTRACT,XIREC,5259.0,22
509700,,SUBMISSION,VELVETFRUIT_EXTRACT,XIREC,5259.0,8
509700,,,VELVETFRUIT_EXTRACT,XIREC,5260.0,5
509900,,,HYDROGEL_PACK,XIREC,10005.0,5
510100,,,HYDROGEL_PACK,XIREC,10003.0,3
513200,,SUBMISSION,HYDROGEL_PACK,XIREC,10009.0,5
514100,,,VELVETFRUIT_EXTRACT,XIREC,5263.0,7
514500,,,VELVETFRUIT_EXTRACT,XIREC,5265.0,6
515200,,,HYDROGEL_PACK,XIREC,10000.0,4
516800,,,VELVETFRUIT_EXTRACT,XIREC,5261.0,5
517800,,SUBMISSION,VEV_5500,XIREC,7.0,10
517900,SUBMISSION,,VEV_4000,XIREC,1252.0,1
518000,SUBMISSION,,VEV_5500,XIREC,8.0,10
518600,,SUBMISSION,VEV_5500,XIREC,7.0,7
518800,,SUBMISSION,VEV_4000,XIREC,1264.0,1
518900,SUBMISSION,,VEV_5500,XIREC,8.0,7
519000,,,HYDROGEL_PACK,XIREC,10002.0,5
519100,SUBMISSION,,VEV_4000,XIREC,1249.0,2
519400,,SUBMISSION,HYDROGEL_PACK,XIREC,10016.0,2
519500,,,VEV_5300,XIREC,50.0,4
519500,,,VEV_5400,XIREC,17.0,4
519500,,,VEV_5500,XIREC,6.0,4
519500,,,VEV_6000,XIREC,0.0,4
519500,,,VEV_6500,XIREC,0.0,4
520400,,SUBMISSION,HYDROGEL_PACK,XIREC,10018.0,2
520400,,SUBMISSION,VEV_5500,XIREC,7.0,5
520500,SUBMISSION,,VEV_5500,XIREC,8.0,5
520500,,,VELVETFRUIT_EXTRACT,XIREC,5256.0,4
520900,,SUBMISSION,VEV_5500,XIREC,7.0,9
521000,SUBMISSION,,VEV_5500,XIREC,8.0,9
521100,SUBMISSION,,VEV_4000,XIREC,1251.0,2
521800,,SUBMISSION,VELVETFRUIT_EXTRACT,XIREC,5264.0,3
523300,,SUBMISSION,VELVETFRUIT_EXTRACT,XIREC,5261.0,3
523500,,SUBMISSION,VEV_5500,XIREC,7.0,8
523700,SUBMISSION,,VEV_5500,XIREC,8.0,8
524000,,SUBMISSION,VEV_5500,XIREC,7.0,4
524000,,,VEV_5400,XIREC,17.0,4
524000,,,VEV_5500,XIREC,7.0,4
524000,,,VEV_6000,XIREC,0.0,4
524000,,,VEV_6500,XIREC,0.0,4
524100,SUBMISSION,,VEV_5500,XIREC,8.0,4
524500,,SUBMISSION,VELVETFRUIT_EXTRACT,XIREC,5258.0,7
524600,,SUBMISSION,VEV_5500,XIREC,7.0,7
524700,SUBMISSION,,VEV_5500,XIREC,8.0,7
525000,,SUBMISSION,VEV_5500,XIREC,7.0,7
525100,SUBMISSION,,VEV_5500,XIREC,8.0,7
525500,SUBMISSION,,VEV_4000,XIREC,1250.0,1
525900,SUBMISSION,,VEV_5400,XIREC,17.0,18
526000,,SUBMISSION,VEV_5400,XIREC,16.0,19
526000,SUBMISSION,,VEV_5400,XIREC,17.0,19
526100,,SUBMISSION,VEV_5400,XIREC,16.0,20
526100,SUBMISSION,,VEV_5400,XIREC,17.0,20
526200,,SUBMISSION,VEV_5400,XIREC,16.0,19
526200,SUBMISSION,,VEV_5400,XIREC,17.0,19
526200,,,VELVETFRUIT_EXTRACT,XIREC,5250.0,8
526300,,SUBMISSION,VEV_5400,XIREC,16.0,21
526300,SUBMISSION,,VEV_5400,XIREC,17.0,21
526400,,SUBMISSION,VEV_5400,XIREC,16.0,24
526400,SUBMISSION,,VEV_5400,XIREC,17.0,24
526500,SUBMISSION,,VEV_5400,XIREC,17.0,27
526600,,SUBMISSION,HYDROGEL_PACK,XIREC,10020.0,4
526600,SUBMISSION,,VEV_5400,XIREC,17.0,24
526700,SUBMISSION,,VEV_5400,XIREC,17.0,29
526800,SUBMISSION,,VEV_5400,XIREC,17.0,21
526900,SUBMISSION,,VEV_5400,XIREC,17.0,19
527000,SUBMISSION,,VEV_5400,XIREC,17.0,24
527100,SUBMISSION,,VEV_5400,XIREC,17.0,24
527200,SUBMISSION,,VEV_5400,XIREC,17.0,24
527300,SUBMISSION,,VEV_5400,XIREC,17.0,24
527400,SUBMISSION,,VEV_5400,XIREC,17.0,22
527500,SUBMISSION,,VEV_5400,XIREC,17.0,19
527700,,SUBMISSION,HYDROGEL_PACK,XIREC,10020.0,6
527700,,SUBMISSION,VELVETFRUIT_EXTRACT,XIREC,5254.0,6
528600,,SUBMISSION,VELVETFRUIT_EXTRACT,XIREC,5253.0,4
529400,,SUBMISSION,VELVETFRUIT_EXTRACT,XIREC,5255.0,4
529500,,SUBMISSION,HYDROGEL_PACK,XIREC,10026.0,9
529500,,SUBMISSION,HYDROGEL_PACK,XIREC,10019.0,12
529500,,SUBMISSION,HYDROGEL_PACK,XIREC,10016.0,24
530000,,,VELVETFRUIT_EXTRACT,XIREC,5249.0,6
530300,,,HYDROGEL_PACK,XIREC,10010.0,3
530600,,,HYDROGEL_PACK,XIREC,10010.0,5
532000,,SUBMISSION,HYDROGEL_PACK,XIREC,10026.0,4
532000,,SUBMISSION,HYDROGEL_PACK,XIREC,10018.0,12
532000,,SUBMISSION,HYDROGEL_PACK,XIREC,10016.0,30
533100,,SUBMISSION,HYDROGEL_PACK,XIREC,10028.0,2
533300,SUBMISSION,,VELVETFRUIT_EXTRACT,XIREC,5247.0,8
533400,,SUBMISSION,HYDROGEL_PACK,XIREC,10029.0,5
534100,SUBMISSION,,VELVETFRUIT_EXTRACT,XIREC,5245.0,3
534300,SUBMISSION,,VELVETFRUIT_EXTRACT,XIREC,5246.0,7
534800,,SUBMISSION,HYDROGEL_PACK,XIREC,10017.0,3
534800,SUBMISSION,,VELVETFRUIT_EXTRACT,XIREC,5246.0,16
534800,SUBMISSION,,VELVETFRUIT_EXTRACT,XIREC,5247.0,26
537500,,,HYDROGEL_PACK,XIREC,10014.0,2
537500,,,VELVETFRUIT_EXTRACT,XIREC,5241.0,4
537900,,,VELVETFRUIT_EXTRACT,XIREC,5239.0,6
538000,,SUBMISSION,HYDROGEL_PACK,XIREC,10023.0,2
538900,,SUBMISSION,HYDROGEL_PACK,XIREC,10021.0,6
540700,,,VELVETFRUIT_EXTRACT,XIREC,5238.0,7
542600,,SUBMISSION,HYDROGEL_PACK,XIREC,10011.0,6
544300,,,VELVETFRUIT_EXTRACT,XIREC,5236.0,4
544400,,,VELVETFRUIT_EXTRACT,XIREC,5240.0,6
544500,,SUBMISSION,VEV_4000,XIREC,1239.0,2
545000,,,VELVETFRUIT_EXTRACT,XIREC,5235.0,4
547600,,,VEV_5400,XIREC,12.0,4
547600,,,VEV_6000,XIREC,0.0,4
547600,,,VEV_6500,XIREC,0.0,4
547800,,,VELVETFRUIT_EXTRACT,XIREC,5232.0,3
548400,,,VEV_5400,XIREC,12.0,5
548400,,,VEV_6000,XIREC,0.0,5
548400,,,VEV_6500,XIREC,0.0,5
548800,,SUBMISSION,VEV_5400,XIREC,12.0,4
548800,SUBMISSION,,VEV_5400,XIREC,13.0,4
549800,,,VELVETFRUIT_EXTRACT,XIREC,5236.0,5
550300,,SUBMISSION,VEV_4000,XIREC,1235.0,1
550400,,,HYDROGEL_PACK,XIREC,9998.0,2
550900,SUBMISSION,,VEV_4000,XIREC,1224.0,2
551600,,,VELVETFRUIT_EXTRACT,XIREC,5234.0,8
552600,,SUBMISSION,VEV_4000,XIREC,1237.0,3
553100,,,VEV_5300,XIREC,39.0,4
553100,,,VEV_5500,XIREC,4.0,4
553100,,,VEV_6000,XIREC,0.0,4
553100,,,VEV_6500,XIREC,0.0,4
553300,,SUBMISSION,HYDROGEL_PACK,XIREC,10031.0,6
554700,,SUBMISSION,VEV_5300,XIREC,40.0,4
554700,SUBMISSION,,VEV_5300,XIREC,41.0,4
554700,,SUBMISSION,VEV_5400,XIREC,12.0,4
554700,SUBMISSION,,VEV_5400,XIREC,13.0,4
555500,,SUBMISSION,VEV_5400,XIREC,12.0,5
555500,SUBMISSION,,VEV_5400,XIREC,13.0,5
556400,,,VELVETFRUIT_EXTRACT,XIREC,5228.0,8
556900,SUBMISSION,,VEV_4000,XIREC,1222.0,3
557200,,,VELVETFRUIT_EXTRACT,XIREC,5225.0,4
563500,,,VELVETFRUIT_EXTRACT,XIREC,5226.0,8
563600,,,HYDROGEL_PACK,XIREC,9991.0,2
564000,,,VELVETFRUIT_EXTRACT,XIREC,5231.0,12
564300,,,VEV_5200,XIREC,84.0,2
564300,,,VEV_5300,XIREC,40.0,2
564300,,,VEV_5400,XIREC,12.0,2
564300,,,VEV_5500,XIREC,4.0,2
564300,,,VEV_6000,XIREC,0.0,2
564300,,,VEV_6500,XIREC,0.0,2
564900,,,VELVETFRUIT_EXTRACT,XIREC,5236.0,6
565500,,,VELVETFRUIT_EXTRACT,XIREC,5239.0,7
566100,,,HYDROGEL_PACK,XIREC,10011.0,4
567200,,,VEV_5400,XIREC,13.0,2
567200,,,VEV_5500,XIREC,5.0,2
567200,,,VEV_6000,XIREC,0.0,2
567200,,,VEV_6500,XIREC,0.0,2
567700,,SUBMISSION,VEV_4000,XIREC,1239.0,1
568100,,SUBMISSION,VEV_5500,XIREC,5.0,5
568100,SUBMISSION,,VEV_5500,XIREC,6.0,5
568200,,,VELVETFRUIT_EXTRACT,XIREC,5237.0,7
568700,,,HYDROGEL_PACK,XIREC,10000.0,5
568800,,,VEV_4000,XIREC,1250.0,2
568900,,,VEV_5300,XIREC,43.0,4
568900,,,VEV_5400,XIREC,13.0,4
568900,,,VEV_5500,XIREC,5.0,4
568900,,,VEV_6000,XIREC,0.0,4
568900,,,VEV_6500,XIREC,0.0,4
569900,SUBMISSION,,VEV_4000,XIREC,1231.0,1
570200,,,VELVETFRUIT_EXTRACT,XIREC,5236.0,7
571600,,,VELVETFRUIT_EXTRACT,XIREC,5235.0,7
572300,,SUBMISSION,VEV_5400,XIREC,13.0,5
572300,SUBMISSION,,VEV_5400,XIREC,14.0,5
574000,,,VELVETFRUIT_EXTRACT,XIREC,5238.0,3
574800,,,VEV_5400,XIREC,12.0,2
574800,,,VEV_5500,XIREC,4.0,2
574800,,,VEV_6000,XIREC,0.0,2
574800,,,VEV_6500,XIREC,0.0,2
575800,,,VELVETFRUIT_EXTRACT,XIREC,5235.0,8
575800,,,VEV_5500,XIREC,5.0,5
575800,,,VEV_6000,XIREC,0.0,5
575800,,,VEV_6500,XIREC,0.0,5
576400,,,VELVETFRUIT_EXTRACT,XIREC,5233.0,3
576700,,SUBMISSION,VEV_4000,XIREC,1238.0,2
578400,,,VELVETFRUIT_EXTRACT,XIREC,5237.0,5
578600,,SUBMISSION,HYDROGEL_PACK,XIREC,10013.0,3
578800,,,HYDROGEL_PACK,XIREC,9998.0,6
580600,,,HYDROGEL_PACK,XIREC,10001.0,4
581100,,,VELVETFRUIT_EXTRACT,XIREC,5240.0,7
581700,,,VELVETFRUIT_EXTRACT,XIREC,5237.0,3
582900,,,VELVETFRUIT_EXTRACT,XIREC,5236.0,9
583600,,SUBMISSION,VEV_5400,XIREC,13.0,5
583600,SUBMISSION,,VEV_5400,XIREC,14.0,5
584800,,,VELVETFRUIT_EXTRACT,XIREC,5234.0,7
584900,,,VELVETFRUIT_EXTRACT,XIREC,5234.0,7
585600,,SUBMISSION,VEV_5400,XIREC,13.0,5
585600,SUBMISSION,,VEV_5400,XIREC,14.0,5
587200,,,VELVETFRUIT_EXTRACT,XIREC,5242.0,3
588200,,,VEV_5300,XIREC,45.0,4
588200,,,VEV_5400,XIREC,14.0,4
588200,,,VEV_5500,XIREC,5.0,4
588200,,,VEV_6000,XIREC,0.0,4
588200,,,VEV_6500,XIREC,0.0,4
588600,,,VELVETFRUIT_EXTRACT,XIREC,5245.0,5
589100,SUBMISSION,,VEV_4000,XIREC,1237.0,3
590100,,,HYDROGEL_PACK,XIREC,9989.0,2
594900,,,VELVETFRUIT_EXTRACT,XIREC,5239.0,4
595300,,,VELVETFRUIT_EXTRACT,XIREC,5238.0,8
596300,,SUBMISSION,HYDROGEL_PACK,XIREC,10026.0,2
597200,,,VELVETFRUIT_EXTRACT,XIREC,5237.0,7
597400,,,VELVETFRUIT_EXTRACT,XIREC,5237.0,4
598100,,SUBMISSION,HYDROGEL_PACK,XIREC,10023.0,11
598100,,SUBMISSION,HYDROGEL_PACK,XIREC,10020.0,24
598200,,SUBMISSION,HYDROGEL_PACK,XIREC,10024.0,12
598200,,SUBMISSION,HYDROGEL_PACK,XIREC,10021.0,26
598400,,SUBMISSION,HYDROGEL_PACK,XIREC,10024.0,13
598400,,SUBMISSION,HYDROGEL_PACK,XIREC,10022.0,28
598500,,SUBMISSION,HYDROGEL_PACK,XIREC,10026.0,14
598500,,SUBMISSION,HYDROGEL_PACK,XIREC,10024.0,22
598600,,SUBMISSION,HYDROGEL_PACK,XIREC,10027.0,11
598600,,SUBMISSION,HYDROGEL_PACK,XIREC,10025.0,24
598800,,SUBMISSION,HYDROGEL_PACK,XIREC,10026.0,14
598800,,SUBMISSION,HYDROGEL_PACK,XIREC,10023.0,30
598900,,SUBMISSION,HYDROGEL_PACK,XIREC,10026.0,11
598900,,SUBMISSION,HYDROGEL_PACK,XIREC,10023.0,2
599600,SUBMISSION,,VEV_4000,XIREC,1229.0,1
600000,,,VELVETFRUIT_EXTRACT,XIREC,5237.0,7
600100,SUBMISSION,,VEV_4000,XIREC,1226.0,2
600400,,,HYDROGEL_PACK,XIREC,10035.0,4
601200,SUBMISSION,,VEV_4000,XIREC,1226.0,1
601700,,,HYDROGEL_PACK,XIREC,10013.0,2
603000,,,VELVETFRUIT_EXTRACT,XIREC,5234.0,6
604600,,,VEV_5300,XIREC,39.0,5
604600,,,VEV_5400,XIREC,11.0,5
604600,,,VEV_5500,XIREC,4.0,5
604600,,,VEV_6000,XIREC,0.0,5
604600,,,VEV_6500,XIREC,0.0,5
604700,,,HYDROGEL_PACK,XIREC,10017.0,5
605700,,,VELVETFRUIT_EXTRACT,XIREC,5226.0,7
606400,,,HYDROGEL_PACK,XIREC,10020.0,5
608100,,SUBMISSION,VEV_4000,XIREC,1223.0,2
608500,,,VELVETFRUIT_EXTRACT,XIREC,5218.0,10
609900,,,VELVETFRUIT_EXTRACT,XIREC,5222.0,6
612500,,,VELVETFRUIT_EXTRACT,XIREC,5219.0,5
612900,,,VELVETFRUIT_EXTRACT,XIREC,5225.0,10
612900,,,VELVETFRUIT_EXTRACT,XIREC,5223.0,8
614100,,,HYDROGEL_PACK,XIREC,9998.0,4
615100,,SUBMISSION,VEV_5300,XIREC,40.0,5
615100,SUBMISSION,,VEV_5300,XIREC,41.0,5
616300,,,VELVETFRUIT_EXTRACT,XIREC,5228.0,5
617400,,,VELVETFRUIT_EXTRACT,XIREC,5231.0,7
617900,,,VEV_5300,XIREC,40.0,2
617900,,,VEV_5400,XIREC,12.0,2
617900,,,VEV_5500,XIREC,4.0,2
617900,,,VEV_6000,XIREC,0.0,2
617900,,,VEV_6500,XIREC,0.0,2
618300,,,VEV_5300,XIREC,40.0,2
618300,,,VEV_5400,XIREC,12.0,2
618300,,,VEV_5500,XIREC,4.0,2
618300,,,VEV_6000,XIREC,0.0,2
618300,,,VEV_6500,XIREC,0.0,2
618900,,,VELVETFRUIT_EXTRACT,XIREC,5231.0,3
619800,,,VELVETFRUIT_EXTRACT,XIREC,5236.0,7
620500,,,VELVETFRUIT_EXTRACT,XIREC,5235.0,3
621700,,SUBMISSION,VEV_4000,XIREC,1238.0,3
621800,,,HYDROGEL_PACK,XIREC,9993.0,2
621900,,,VELVETFRUIT_EXTRACT,XIREC,5236.0,6
622400,,,VELVETFRUIT_EXTRACT,XIREC,5235.0,13
622800,SUBMISSION,,VEV_4000,XIREC,1230.0,1
624400,,,VEV_5200,XIREC,88.0,2
624400,,,VEV_5300,XIREC,42.0,2
624400,,,VEV_5400,XIREC,13.0,2
624400,,,VEV_5500,XIREC,5.0,2
624400,,,VEV_6000,XIREC,0.0,2
624400,,,VEV_6500,XIREC,0.0,2
624700,,SUBMISSION,VELVETFRUIT_EXTRACT,XIREC,5241.0,5
625100,,,HYDROGEL_PACK,XIREC,10004.0,2
626000,SUBMISSION,,VELVETFRUIT_EXTRACT,XIREC,5234.0,5
626000,,,VELVETFRUIT_EXTRACT,XIREC,5232.0,4
628100,,,VELVETFRUIT_EXTRACT,XIREC,5231.0,6
628300,,,VELVETFRUIT_EXTRACT,XIREC,5225.0,7
630400,,,HYDROGEL_PACK,XIREC,10019.0,5
631500,,SUBMISSION,VEV_4000,XIREC,1223.0,3
631700,,,VEV_5400,XIREC,10.0,3
631700,,,VEV_6000,XIREC,0.0,3
631700,,,VEV_6500,XIREC,0.0,3
632800,,,VELVETFRUIT_EXTRACT,XIREC,5216.0,7
634500,,,VELVETFRUIT_EXTRACT,XIREC,5218.0,5
634800,,,VELVETFRUIT_EXTRACT,XIREC,5214.0,6
634800,,,VELVETFRUIT_EXTRACT,XIREC,5216.0,8
634900,,,HYDROGEL_PACK,XIREC,10010.0,2
635700,,,HYDROGEL_PACK,XIREC,10034.0,3
636100,,,VEV_5200,XIREC,79.0,4
636100,,,VEV_5300,XIREC,37.0,4
636100,,,VEV_5500,XIREC,4.0,4
636100,,,VEV_6000,XIREC,0.0,4
636100,,,VEV_6500,XIREC,0.0,4
637500,,,HYDROGEL_PACK,XIREC,10018.0,4
640300,,,HYDROGEL_PACK,XIREC,10029.0,3
640500,,,VELVETFRUIT_EXTRACT,XIREC,5212.0,3
640700,,,HYDROGEL_PACK,XIREC,10042.0,4
642100,,,VEV_5200,XIREC,74.0,4
642100,,,VEV_5300,XIREC,34.0,4
642100,,,VEV_5400,XIREC,9.0,4
642100,,,VEV_5500,XIREC,3.0,4
642100,,,VEV_6000,XIREC,0.0,4
642100,,,VEV_6500,XIREC,0.0,4
644900,,,VELVETFRUIT_EXTRACT,XIREC,5210.0,6
645000,,SUBMISSION,VEV_4000,XIREC,1212.0,3
646100,,,VELVETFRUIT_EXTRACT,XIREC,5211.0,3
647000,,,HYDROGEL_PACK,XIREC,10003.0,3
647200,SUBMISSION,,VEV_4000,XIREC,1199.0,3
647400,,,HYDROGEL_PACK,XIREC,9993.0,2
647600,,,HYDROGEL_PACK,XIREC,9991.0,4
647900,,,HYDROGEL_PACK,XIREC,9989.0,6
648200,,,VELVETFRUIT_EXTRACT,XIREC,5208.0,6
648400,,,HYDROGEL_PACK,XIREC,10001.0,2
650300,,,VELVETFRUIT_EXTRACT,XIREC,5198.0,6
652100,,,VELVETFRUIT_EXTRACT,XIREC,5198.0,6
652800,,,HYDROGEL_PACK,XIREC,9979.0,2
653200,SUBMISSION,,HYDROGEL_PACK,XIREC,9976.0,6
653300,SUBMISSION,,HYDROGEL_PACK,XIREC,9975.0,5
654200,,,VEV_5400,XIREC,8.0,2
654200,,,VEV_5500,XIREC,3.0,2
654200,,,VEV_6000,XIREC,0.0,2
654200,,,VEV_6500,XIREC,0.0,2
654300,,,VELVETFRUIT_EXTRACT,XIREC,5205.0,8
655100,,,VELVETFRUIT_EXTRACT,XIREC,5210.0,8
657800,,,VELVETFRUIT_EXTRACT,XIREC,5213.0,5
658300,,SUBMISSION,VEV_5400,XIREC,9.0,5
658300,SUBMISSION,,VEV_5400,XIREC,10.0,5
659200,,,VELVETFRUIT_EXTRACT,XIREC,5215.0,7
661300,,SUBMISSION,HYDROGEL_PACK,XIREC,10010.0,6
666100,,SUBMISSION,HYDROGEL_PACK,XIREC,10027.0,3
666500,,,VELVETFRUIT_EXTRACT,XIREC,5220.0,7
667400,,,VELVETFRUIT_EXTRACT,XIREC,5227.0,6
669200,,SUBMISSION,HYDROGEL_PACK,XIREC,10026.0,2
669200,,,HYDROGEL_PACK,XIREC,10027.0,2
669500,,SUBMISSION,VEV_5300,XIREC,36.0,5
669500,SUBMISSION,,VEV_5300,XIREC,37.0,5
669900,,,VELVETFRUIT_EXTRACT,XIREC,5216.0,7
671200,SUBMISSION,,VEV_4000,XIREC,1212.0,3
673800,,,HYDROGEL_PACK,XIREC,10000.0,4
674000,,,VEV_5300,XIREC,37.0,3
674000,,,VEV_5400,XIREC,10.0,3
674000,,,VEV_5500,XIREC,4.0,3
674000,,,VEV_6000,XIREC,0.0,3
674000,,,VEV_6500,XIREC,0.0,3
675700,SUBMISSION,,VEV_4000,XIREC,1221.0,1
679600,,SUBMISSION,VELVETFRUIT_EXTRACT,XIREC,5227.0,6
680300,SUBMISSION,,VELVETFRUIT_EXTRACT,XIREC,5224.0,6
680500,,SUBMISSION,VEV_5400,XIREC,10.0,5
680500,SUBMISSION,,VEV_5400,XIREC,11.0,5
680600,SUBMISSION,,VEV_4000,XIREC,1215.0,3
680800,,,HYDROGEL_PACK,XIREC,9994.0,2
681000,,SUBMISSION,VEV_5300,XIREC,36.0,5
681000,SUBMISSION,,VEV_5300,XIREC,37.0,5
681000,,SUBMISSION,VEV_5400,XIREC,10.0,5
681000,SUBMISSION,,VEV_5400,XIREC,11.0,5
681500,,,HYDROGEL_PACK,XIREC,10005.0,5
682600,SUBMISSION,,VEV_4000,XIREC,1216.0,1
684000,,,VEV_5400,XIREC,11.0,5
684000,,,VEV_5500,XIREC,4.0,5
684000,,,VEV_6000,XIREC,0.0,5
684000,,,VEV_6500,XIREC,0.0,5
684500,,,HYDROGEL_PACK,XIREC,9989.0,2
685000,,SUBMISSION,VEV_5400,XIREC,11.0,5
685000,SUBMISSION,,VEV_5400,XIREC,12.0,5
685200,,SUBMISSION,VELVETFRUIT_EXTRACT,XIREC,5230.0,6
688400,,SUBMISSION,VELVETFRUIT_EXTRACT,XIREC,5235.0,6
688600,,SUBMISSION,VELVETFRUIT_EXTRACT,XIREC,5236.0,5
688900,SUBMISSION,,VEV_4000,XIREC,1228.0,2
690000,,SUBMISSION,VEV_5200,XIREC,87.0,5
690000,SUBMISSION,,VEV_5200,XIREC,88.0,5
690000,,SUBMISSION,VEV_5300,XIREC,42.0,5
690000,SUBMISSION,,VEV_5300,XIREC,43.0,5
690500,,,HYDROGEL_PACK,XIREC,10013.0,5
691000,,SUBMISSION,VEV_5400,XIREC,13.0,5
691000,SUBMISSION,,VEV_5400,XIREC,14.0,5
693000,,,VELVETFRUIT_EXTRACT,XIREC,5230.0,8
693600,,SUBMISSION,VELVETFRUIT_EXTRACT,XIREC,5234.0,5
694600,,,VELVETFRUIT_EXTRACT,XIREC,5237.0,3
694900,,,HYDROGEL_PACK,XIREC,10011.0,3
695200,,,HYDROGEL_PACK,XIREC,10010.0,6
695900,,,HYDROGEL_PACK,XIREC,10034.0,6
696000,SUBMISSION,,VEV_4000,XIREC,1229.0,3
696500,,SUBMISSION,VELVETFRUIT_EXTRACT,XIREC,5236.0,24
698300,,,HYDROGEL_PACK,XIREC,10048.0,5
699100,,,HYDROGEL_PACK,XIREC,10035.0,5
700400,,,HYDROGEL_PACK,XIREC,10052.0,5
701200,,,HYDROGEL_PACK,XIREC,10052.0,5
701200,,,VEV_5400,XIREC,13.0,2
701200,,,VEV_5500,XIREC,5.0,2
701200,,,VEV_6000,XIREC,0.0,2
701200,,,VEV_6500,XIREC,0.0,2
701500,,,HYDROGEL_PACK,XIREC,10054.0,3
702500,,SUBMISSION,VELVETFRUIT_EXTRACT,XIREC,5247.0,4
702700,,SUBMISSION,VELVETFRUIT_EXTRACT,XIREC,5248.0,8
703000,,,HYDROGEL_PACK,XIREC,10027.0,3
703100,,SUBMISSION,VELVETFRUIT_EXTRACT,XIREC,5248.0,7
703200,,,VEV_5400,XIREC,14.0,5
703200,,,VEV_5500,XIREC,6.0,5
703200,,,VEV_6000,XIREC,0.0,5
703200,,,VEV_6500,XIREC,0.0,5
704700,,SUBMISSION,VELVETFRUIT_EXTRACT,XIREC,5256.0,8
706700,,SUBMISSION,VEV_5400,XIREC,16.0,30
707100,,,HYDROGEL_PACK,XIREC,10056.0,3
707300,SUBMISSION,,VEV_5400,XIREC,16.0,19
707400,SUBMISSION,,VEV_5400,XIREC,16.0,6
707400,SUBMISSION,,VEV_5400,XIREC,17.0,5
710500,,,VEV_5300,XIREC,49.0,5
710500,,,VEV_5400,XIREC,15.0,5
710500,,,VEV_5500,XIREC,6.0,5
710500,,,VEV_6000,XIREC,0.0,5
710500,,,VEV_6500,XIREC,0.0,5
711300,,SUBMISSION,VEV_5400,XIREC,16.0,24
711400,,SUBMISSION,VEV_5400,XIREC,16.0,15
711500,,SUBMISSION,VEV_5400,XIREC,16.0,18
711600,,SUBMISSION,VEV_5400,XIREC,16.0,18
713300,,SUBMISSION,VEV_5400,XIREC,18.0,16
713400,,SUBMISSION,VELVETFRUIT_EXTRACT,XIREC,5268.0,17
713400,,SUBMISSION,VELVETFRUIT_EXTRACT,XIREC,5268.0,13
713400,,SUBMISSION,VEV_5400,XIREC,18.0,21
713500,,SUBMISSION,VEV_5400,XIREC,18.0,24
713600,,SUBMISSION,VELVETFRUIT_EXTRACT,XIREC,5271.0,15
713600,,SUBMISSION,VEV_5500,XIREC,8.0,22
713700,,SUBMISSION,VEV_5500,XIREC,8.0,18
713800,,SUBMISSION,VEV_5500,XIREC,8.0,22
713900,,SUBMISSION,VELVETFRUIT_EXTRACT,XIREC,5274.0,6
713900,,SUBMISSION,VEV_5500,XIREC,8.0,22
714000,,SUBMISSION,VEV_5500,XIREC,8.0,24
714100,,SUBMISSION,VEV_5500,XIREC,8.0,8
714200,,SUBMISSION,VEV_5400,XIREC,18.0,27
714500,,SUBMISSION,VEV_5400,XIREC,18.0,19
714600,,SUBMISSION,VEV_5400,XIREC,18.0,22
714700,,SUBMISSION,VEV_5400,XIREC,18.0,10
714800,,SUBMISSION,VEV_5400,XIREC,18.0,7
715000,,SUBMISSION,VEV_5400,XIREC,18.0,24
715000,,,VEV_5400,XIREC,18.0,5
715000,,,VEV_5500,XIREC,7.0,5
715000,,,VEV_6000,XIREC,0.0,5
715000,,,VEV_6500,XIREC,0.0,5
715100,,SUBMISSION,VEV_5400,XIREC,18.0,20
715200,,SUBMISSION,VEV_5400,XIREC,18.0,17
715500,,SUBMISSION,VEV_5500,XIREC,8.0,21
715600,,SUBMISSION,VEV_5500,XIREC,8.0,17
715700,,SUBMISSION,VEV_5500,XIREC,8.0,25
715800,,SUBMISSION,VEV_5500,XIREC,8.0,19
716000,,SUBMISSION,VEV_5500,XIREC,8.0,24
716000,,,VELVETFRUIT_EXTRACT,XIREC,5270.0,7
716100,,SUBMISSION,VEV_5500,XIREC,8.0,24
716200,,SUBMISSION,VEV_5500,XIREC,8.0,24
716400,,SUBMISSION,VELVETFRUIT_EXTRACT,XIREC,5272.0,15
716700,,,HYDROGEL_PACK,XIREC,10059.0,3
719600,SUBMISSION,,VEV_4000,XIREC,1256.0,2
720500,SUBMISSION,,VEV_5400,XIREC,17.0,2
720500,,,VELVETFRUIT_EXTRACT,XIREC,5264.0,6
720500,,,VEV_5300,XIREC,53.0,2
720500,,,VEV_5500,XIREC,7.0,2
720500,,,VEV_6000,XIREC,0.0,2
720500,,,VEV_6500,XIREC,0.0,2
721200,,,VELVETFRUIT_EXTRACT,XIREC,5263.0,4
721900,SUBMISSION,,VEV_4000,XIREC,1256.0,3
722300,,SUBMISSION,VELVETFRUIT_EXTRACT,XIREC,5264.0,6
724400,,,HYDROGEL_PACK,XIREC,10065.0,5
725000,SUBMISSION,,VEV_5400,XIREC,17.0,4
725000,,,VEV_5300,XIREC,53.0,4
725000,,,VEV_5500,XIREC,7.0,4
725000,,,VEV_6000,XIREC,0.0,4
725000,,,VEV_6500,XIREC,0.0,4
725400,,SUBMISSION,VELVETFRUIT_EXTRACT,XIREC,5266.0,5
725800,,SUBMISSION,VELVETFRUIT_EXTRACT,XIREC,5264.0,8
725800,,,HYDROGEL_PACK,XIREC,10068.0,6
726600,,SUBMISSION,VELVETFRUIT_EXTRACT,XIREC,5263.0,7
726700,SUBMISSION,,VEV_5500,XIREC,7.0,19
726700,,,HYDROGEL_PACK,XIREC,10075.0,3
726800,,SUBMISSION,VEV_5500,XIREC,6.0,23
726800,SUBMISSION,,VEV_5500,XIREC,7.0,23
727500,,SUBMISSION,VEV_5500,XIREC,6.0,18
727500,SUBMISSION,,VEV_5500,XIREC,7.0,18
727600,,SUBMISSION,VEV_5500,XIREC,6.0,21
727600,SUBMISSION,,VEV_5500,XIREC,7.0,21
727700,,SUBMISSION,VEV_5500,XIREC,6.0,16
727700,SUBMISSION,,VEV_5500,XIREC,7.0,16
727900,,,HYDROGEL_PACK,XIREC,10075.0,4
728200,SUBMISSION,,VEV_5500,XIREC,7.0,10
728200,SUBMISSION,,VEV_5500,XIREC,8.0,13
728300,,SUBMISSION,VELVETFRUIT_EXTRACT,XIREC,5260.0,5
728600,SUBMISSION,,VEV_5500,XIREC,7.0,10
728600,SUBMISSION,,VEV_5500,XIREC,8.0,18
729700,,,HYDROGEL_PACK,XIREC,10072.0,3
730700,,SUBMISSION,VEV_5500,XIREC,8.0,25
730800,,SUBMISSION,VEV_5500,XIREC,8.0,29
730800,,,HYDROGEL_PACK,XIREC,10057.0,6
730900,,SUBMISSION,VEV_5500,XIREC,8.0,26
731000,,,HYDROGEL_PACK,XIREC,10074.0,4
731200,,SUBMISSION,VELVETFRUIT_EXTRACT,XIREC,5275.0,4
731500,,SUBMISSION,VELVETFRUIT_EXTRACT,XIREC,5273.0,20
731500,,SUBMISSION,VELVETFRUIT_EXTRACT,XIREC,5272.0,50
731600,,SUBMISSION,VELVETFRUIT_EXTRACT,XIREC,5275.0,56
731700,,SUBMISSION,VELVETFRUIT_EXTRACT,XIREC,5277.0,23
731700,,SUBMISSION,VELVETFRUIT_EXTRACT,XIREC,5276.0,33
731800,,SUBMISSION,VELVETFRUIT_EXTRACT,XIREC,5277.0,25
731800,,SUBMISSION,VELVETFRUIT_EXTRACT,XIREC,5276.0,19
732700,,,HYDROGEL_PACK,XIREC,10035.0,2
735100,,,VEV_5400,XIREC,21.0,4
735100,,,VEV_5500,XIREC,9.0,4
735100,,,VEV_6000,XIREC,0.0,4
735100,,,VEV_6500,XIREC,0.0,4
738100,,SUBMISSION,VEV_4000,XIREC,1275.0,2
741200,,,HYDROGEL_PACK,XIREC,10052.0,2
741600,,,VELVETFRUIT_EXTRACT,XIREC,5263.0,5
741900,SUBMISSION,,VEV_5400,XIREC,17.0,4
741900,SUBMISSION,,VEV_5500,XIREC,7.0,4
741900,,,VEV_6000,XIREC,0.0,4
741900,,,VEV_6500,XIREC,0.0,4
742700,,,HYDROGEL_PACK,XIREC,10052.0,2
743600,SUBMISSION,,VEV_4000,XIREC,1261.0,3
743800,,SUBMISSION,VEV_4000,XIREC,1272.0,3
745000,,,HYDROGEL_PACK,XIREC,10036.0,6
746300,SUBMISSION,,VEV_5400,XIREC,20.0,4
746300,SUBMISSION,,VEV_5500,XIREC,8.0,4
746300,,,VEV_6000,XIREC,0.0,4
746300,,,VEV_6500,XIREC,0.0,4
747400,SUBMISSION,,VEV_4000,XIREC,1266.0,3
747700,SUBMISSION,,VEV_4000,XIREC,1263.0,3
749700,,,VELVETFRUIT_EXTRACT,XIREC,5277.0,5
749800,,,HYDROGEL_PACK,XIREC,10044.0,2
750500,,,VELVETFRUIT_EXTRACT,XIREC,5273.0,7
752400,,SUBMISSION,VEV_5200,XIREC,107.0,5
752400,,SUBMISSION,VEV_5300,XIREC,55.0,5
752500,,,VELVETFRUIT_EXTRACT,XIREC,5272.0,3
753400,SUBMISSION,,VEV_4000,XIREC,1256.0,3
754000,,SUBMISSION,VEV_5200,XIREC,100.0,5
754000,SUBMISSION,,VEV_5500,XIREC,7.0,27
754100,SUBMISSION,,VEV_5500,XIREC,7.0,7
754100,SUBMISSION,,VEV_5500,XIREC,8.0,17
754200,,,VEV_5400,XIREC,16.0,3
754200,,,VEV_5500,XIREC,6.0,3
754200,,,VEV_6000,XIREC,0.0,3
754200,,,VEV_6500,XIREC,0.0,3
754300,SUBMISSION,,VEV_5500,XIREC,7.0,9
754300,SUBMISSION,,VEV_5500,XIREC,8.0,12
755800,,,VELVETFRUIT_EXTRACT,XIREC,5260.0,4
756300,,SUBMISSION,VEV_4000,XIREC,1269.0,2
756600,,,HYDROGEL_PACK,XIREC,10062.0,6
758100,,SUBMISSION,VEV_5500,XIREC,8.0,20
758400,,SUBMISSION,VEV_5500,XIREC,8.0,16
758500,,SUBMISSION,VEV_5500,XIREC,8.0,20
758600,,SUBMISSION,VEV_5500,XIREC,8.0,24
759100,,,HYDROGEL_PACK,XIREC,10073.0,5
760000,,,VEV_5400,XIREC,19.0,2
760000,,,VEV_5500,XIREC,8.0,2
760000,,,VEV_6000,XIREC,0.0,2
760000,,,VEV_6500,XIREC,0.0,2
760200,,,VELVETFRUIT_EXTRACT,XIREC,5277.0,5
760900,,,HYDROGEL_PACK,XIREC,10055.0,2
762400,,,VELVETFRUIT_EXTRACT,XIREC,5268.0,3
762700,SUBMISSION,,VEV_4000,XIREC,1264.0,2
764300,SUBMISSION,,VEV_4000,XIREC,1261.0,2
765100,,,VELVETFRUIT_EXTRACT,XIREC,5265.0,4
765800,,,HYDROGEL_PACK,XIREC,10048.0,3
767100,,,HYDROGEL_PACK,XIREC,10063.0,4
767200,,,VELVETFRUIT_EXTRACT,XIREC,5276.0,3
768100,,,HYDROGEL_PACK,XIREC,10056.0,4
768200,,,HYDROGEL_PACK,XIREC,10056.0,3
768700,,,VELVETFRUIT_EXTRACT,XIREC,5270.0,5
768800,,,HYDROGEL_PACK,XIREC,10071.0,5
771700,,,VELVETFRUIT_EXTRACT,XIREC,5264.0,7
772000,,SUBMISSION,VEV_4000,XIREC,1266.0,3
772000,,,HYDROGEL_PACK,XIREC,10082.0,6
772500,,,VELVETFRUIT_EXTRACT,XIREC,5260.0,7
772600,,,VELVETFRUIT_EXTRACT,XIREC,5265.0,8
772800,SUBMISSION,,VEV_5500,XIREC,7.0,7
772800,SUBMISSION,,VEV_5500,XIREC,8.0,13
772900,SUBMISSION,,VEV_5500,XIREC,7.0,17
773000,SUBMISSION,,VEV_5500,XIREC,7.0,24
773200,SUBMISSION,,VEV_5500,XIREC,7.0,6
773200,SUBMISSION,,VEV_5500,XIREC,8.0,16
773300,SUBMISSION,,VEV_5500,XIREC,7.0,18
773400,SUBMISSION,,VEV_5500,XIREC,7.0,19
773500,SUBMISSION,,VEV_5500,XIREC,7.0,29
773800,SUBMISSION,,VEV_5500,XIREC,7.0,10
773800,SUBMISSION,,VEV_5500,XIREC,8.0,11
773900,SUBMISSION,,VEV_5500,XIREC,7.0,18
774500,SUBMISSION,,VEV_5500,XIREC,7.0,7
774500,SUBMISSION,,VEV_5500,XIREC,8.0,10
775000,,,VELVETFRUIT_EXTRACT,XIREC,5266.0,4
775100,,,HYDROGEL_PACK,XIREC,10056.0,5
775200,SUBMISSION,,VEV_5500,XIREC,7.0,25
775300,SUBMISSION,,VEV_4000,XIREC,1252.0,1
775300,SUBMISSION,,VEV_5500,XIREC,7.0,23
775500,SUBMISSION,,VEV_5500,XIREC,7.0,22
777000,,,VELVETFRUIT_EXTRACT,XIREC,5270.0,6
779800,SUBMISSION,,VEV_5500,XIREC,7.0,5
780600,SUBMISSION,,VEV_5400,XIREC,16.0,7
780600,SUBMISSION,,VEV_5400,XIREC,17.0,15
781000,SUBMISSION,,VEV_5400,XIREC,16.0,21
781100,SUBMISSION,,VEV_5400,XIREC,16.0,26
781600,SUBMISSION,,VEV_5400,XIREC,16.0,18
781700,SUBMISSION,,VEV_5400,XIREC,16.0,26
782100,,,HYDROGEL_PACK,XIREC,10078.0,6
782500,,,HYDROGEL_PACK,XIREC,10072.0,6
782700,SUBMISSION,,VEV_5400,XIREC,16.0,9
782700,SUBMISSION,,VEV_5400,XIREC,17.0,17
782700,,,HYDROGEL_PACK,XIREC,10075.0,6
782900,SUBMISSION,,VEV_5400,XIREC,16.0,19
783000,SUBMISSION,,VEV_5400,XIREC,16.0,28
783100,SUBMISSION,,VEV_5400,XIREC,16.0,27
783200,SUBMISSION,,VEV_5400,XIREC,16.0,6
783200,SUBMISSION,,VEV_5400,XIREC,17.0,18
783300,SUBMISSION,,VEV_4000,XIREC,1251.0,3
784400,,,HYDROGEL_PACK,XIREC,10072.0,6
784500,SUBMISSION,,VEV_5400,XIREC,16.0,25
784600,SUBMISSION,,VEV_5400,XIREC,16.0,6
785200,,,HYDROGEL_PACK,XIREC,10056.0,3
785800,,,HYDROGEL_PACK,XIREC,10056.0,3
785800,,,VEV_5400,XIREC,15.0,3
785800,,,VEV_5500,XIREC,6.0,3
785800,,,VEV_6000,XIREC,0.0,3
785800,,,VEV_6500,XIREC,0.0,3
786700,,,HYDROGEL_PACK,XIREC,10054.0,4
786900,SUBMISSION,,VEV_4000,XIREC,1252.0,1
786900,,SUBMISSION,VEV_5400,XIREC,16.0,20
787300,SUBMISSION,,VEV_5400,XIREC,16.0,16
787500,,SUBMISSION,VEV_5400,XIREC,16.0,10
787700,SUBMISSION,,VEV_5400,XIREC,16.0,14
787700,,,VELVETFRUIT_EXTRACT,XIREC,5260.0,6
787800,,,VELVETFRUIT_EXTRACT,XIREC,5261.0,4
788100,,SUBMISSION,VEV_5400,XIREC,16.0,6
788200,,SUBMISSION,VEV_5400,XIREC,16.0,20
788300,,SUBMISSION,VEV_5400,XIREC,16.0,24
788600,,SUBMISSION,VEV_5400,XIREC,16.0,22
788700,,SUBMISSION,VEV_5400,XIREC,16.0,26
788800,,SUBMISSION,VEV_5400,XIREC,16.0,27
788900,,SUBMISSION,VEV_5400,XIREC,16.0,27
789100,,SUBMISSION,VEV_5400,XIREC,16.0,8
789200,SUBMISSION,,VEV_4000,XIREC,1253.0,3
789200,,SUBMISSION,VEV_5400,XIREC,16.0,21
789400,,SUBMISSION,VEV_5400,XIREC,16.0,27
789900,,SUBMISSION,VEV_5400,XIREC,17.0,7
790700,,,HYDROGEL_PACK,XIREC,10063.0,2
790900,,SUBMISSION,VEV_5400,XIREC,16.0,16
791000,,SUBMISSION,VEV_5400,XIREC,16.0,23
791100,,SUBMISSION,VEV_5400,XIREC,16.0,23
792200,,,HYDROGEL_PACK,XIREC,10052.0,4
792200,,,VELVETFRUIT_EXTRACT,XIREC,5259.0,6
792400,SUBMISSION,,VEV_5400,XIREC,16.0,19
792500,SUBMISSION,,VEV_5400,XIREC,16.0,23
792600,SUBMISSION,,VEV_5400,XIREC,16.0,20
792700,SUBMISSION,,VEV_5400,XIREC,16.0,18
792800,SUBMISSION,,VEV_5400,XIREC,16.0,22
792900,SUBMISSION,,VEV_5400,XIREC,16.0,25
793000,SUBMISSION,,VEV_5400,XIREC,16.0,17
793100,SUBMISSION,,VEV_5400,XIREC,16.0,26
793200,SUBMISSION,,VEV_5400,XIREC,16.0,27
793300,,SUBMISSION,VEV_5400,XIREC,15.0,7
793300,SUBMISSION,,VEV_5400,XIREC,16.0,20
793400,SUBMISSION,,VEV_5400,XIREC,16.0,23
793500,SUBMISSION,,VEV_5400,XIREC,16.0,30
793700,SUBMISSION,,VEV_5400,XIREC,16.0,14
794800,,,VELVETFRUIT_EXTRACT,XIREC,5258.0,8
794900,,,VELVETFRUIT_EXTRACT,XIREC,5251.0,6
796600,,,VELVETFRUIT_EXTRACT,XIREC,5251.0,8
797600,,,HYDROGEL_PACK,XIREC,10024.0,4
798100,,,VEV_5400,XIREC,15.0,4
798100,,,VEV_5500,XIREC,6.0,4
798100,,,VEV_6000,XIREC,0.0,4
798100,,,VEV_6500,XIREC,0.0,4
799500,,,HYDROGEL_PACK,XIREC,10029.0,3
799700,SUBMISSION,,VEV_5200,XIREC,96.0,10
799800,SUBMISSION,,VEV_5300,XIREC,47.0,5
799900,,,VELVETFRUIT_EXTRACT,XIREC,5249.0,8
800100,,,HYDROGEL_PACK,XIREC,10012.0,5
800400,,,VEV_5300,XIREC,45.0,3
800400,,,VEV_5500,XIREC,5.0,3
800400,,,VEV_6000,XIREC,0.0,3
800400,,,VEV_6500,XIREC,0.0,3
800600,,,HYDROGEL_PACK,XIREC,10024.0,5
801000,,SUBMISSION,VEV_4000,XIREC,1251.0,2
801800,,,VEV_5400,XIREC,13.0,2
801800,,,VEV_5500,XIREC,5.0,2
801800,,,VEV_6000,XIREC,0.0,2
801800,,,VEV_6500,XIREC,0.0,2
802000,SUBMISSION,,VELVETFRUIT_EXTRACT,XIREC,5246.0,8
802500,SUBMISSION,,VELVETFRUIT_EXTRACT,XIREC,5244.0,17
802500,SUBMISSION,,VELVETFRUIT_EXTRACT,XIREC,5245.0,45
802600,SUBMISSION,,VELVETFRUIT_EXTRACT,XIREC,5243.0,15
802600,SUBMISSION,,VELVETFRUIT_EXTRACT,XIREC,5244.0,35
802700,SUBMISSION,,VELVETFRUIT_EXTRACT,XIREC,5242.0,65
802800,SUBMISSION,,VELVETFRUIT_EXTRACT,XIREC,5243.0,15
802800,SUBMISSION,,VELVETFRUIT_EXTRACT,XIREC,5244.0,36
802800,,,VELVETFRUIT_EXTRACT,XIREC,5243.0,3
802900,SUBMISSION,,VELVETFRUIT_EXTRACT,XIREC,5241.0,23
802900,SUBMISSION,,VELVETFRUIT_EXTRACT,XIREC,5242.0,49
803000,SUBMISSION,,VELVETFRUIT_EXTRACT,XIREC,5241.0,22
803000,SUBMISSION,,VELVETFRUIT_EXTRACT,XIREC,5242.0,40
803000,,,HYDROGEL_PACK,XIREC,10019.0,2
803100,SUBMISSION,,VELVETFRUIT_EXTRACT,XIREC,5241.0,30
803400,,,VELVETFRUIT_EXTRACT,XIREC,5240.0,5
804900,SUBMISSION,,VEV_4000,XIREC,1232.0,1
805300,SUBMISSION,,HYDROGEL_PACK,XIREC,9999.0,4
807400,,SUBMISSION,VELVETFRUIT_EXTRACT,XIREC,5252.0,4
807800,,,VEV_5300,XIREC,45.0,3
807800,,,VEV_5400,XIREC,13.0,3
807800,,,VEV_5500,XIREC,5.0,3
807800,,,VEV_6000,XIREC,0.0,3
807800,,,VEV_6500,XIREC,0.0,3
809700,,SUBMISSION,HYDROGEL_PACK,XIREC,10017.0,2
810100,SUBMISSION,,VELVETFRUIT_EXTRACT,XIREC,5245.0,4
810100,,,VELVETFRUIT_EXTRACT,XIREC,5245.0,4
810600,,SUBMISSION,HYDROGEL_PACK,XIREC,10014.0,2
812400,,,VELVETFRUIT_EXTRACT,XIREC,5233.0,8
812600,,,VEV_5300,XIREC,40.0,4
812600,,,VEV_5400,XIREC,11.0,4
812600,,,VEV_5500,XIREC,4.0,4
812600,,,VEV_6000,XIREC,0.0,4
812600,,,VEV_6500,XIREC,0.0,4
812900,,,VELVETFRUIT_EXTRACT,XIREC,5233.0,7
813000,,,VEV_5500,XIREC,4.0,3
813000,,,VEV_6000,XIREC,0.0,3
813000,,,VEV_6500,XIREC,0.0,3
813200,SUBMISSION,,HYDROGEL_PACK,XIREC,9999.0,4
813500,SUBMISSION,,HYDROGEL_PACK,XIREC,10003.0,15
813600,SUBMISSION,,HYDROGEL_PACK,XIREC,10001.0,10
813700,SUBMISSION,,HYDROGEL_PACK,XIREC,10001.0,15
813800,SUBMISSION,,HYDROGEL_PACK,XIREC,10001.0,10
813900,SUBMISSION,,HYDROGEL_PACK,XIREC,9999.0,10
813900,SUBMISSION,,HYDROGEL_PACK,XIREC,10002.0,29
814000,SUBMISSION,,HYDROGEL_PACK,XIREC,9999.0,12
814000,SUBMISSION,,HYDROGEL_PACK,XIREC,10001.0,24
814100,SUBMISSION,,HYDROGEL_PACK,XIREC,9999.0,13
814100,SUBMISSION,,HYDROGEL_PACK,XIREC,10001.0,25
814200,SUBMISSION,,HYDROGEL_PACK,XIREC,9999.0,10
814200,SUBMISSION,,HYDROGEL_PACK,XIREC,10002.0,21
814500,SUBMISSION,,HYDROGEL_PACK,XIREC,9990.0,3
814700,SUBMISSION,,HYDROGEL_PACK,XIREC,10001.0,10
814800,SUBMISSION,,HYDROGEL_PACK,XIREC,10001.0,15
814900,SUBMISSION,,HYDROGEL_PACK,XIREC,10000.0,10
815000,,,HYDROGEL_PACK,XIREC,10004.0,3
815000,,,VELVETFRUIT_EXTRACT,XIREC,5230.0,5
816800,SUBMISSION,,HYDROGEL_PACK,XIREC,10000.0,4
817900,,,VELVETFRUIT_EXTRACT,XIREC,5228.0,5
818100,,,VELVETFRUIT_EXTRACT,XIREC,5234.0,7
818500,,,VELVETFRUIT_EXTRACT,XIREC,5231.0,7
820600,,,HYDROGEL_PACK,XIREC,10011.0,2
821100,SUBMISSION,,HYDROGEL_PACK,XIREC,9994.0,4
821300,SUBMISSION,,VEV_4000,XIREC,1235.0,2
822000,,,VELVETFRUIT_EXTRACT,XIREC,5245.0,8
822200,,,VELVETFRUIT_EXTRACT,XIREC,5241.0,7
822900,,SUBMISSION,VEV_5400,XIREC,13.0,5
822900,SUBMISSION,,VEV_5400,XIREC,14.0,5
824200,,SUBMISSION,VELVETFRUIT_EXTRACT,XIREC,5250.0,4
824700,,SUBMISSION,VEV_5400,XIREC,14.0,5
824700,SUBMISSION,,VEV_5400,XIREC,15.0,5
824800,,,VEV_5500,XIREC,5.0,5
824800,,,VEV_6000,XIREC,0.0,5
824800,,,VEV_6500,XIREC,0.0,5
827000,,SUBMISSION,VELVETFRUIT_EXTRACT,XIREC,5246.0,7
827500,,SUBMISSION,VELVETFRUIT_EXTRACT,XIREC,5246.0,8
828000,SUBMISSION,,VELVETFRUIT_EXTRACT,XIREC,5243.0,19
832000,,,VELVETFRUIT_EXTRACT,XIREC,5244.0,6
832100,,,VELVETFRUIT_EXTRACT,XIREC,5239.0,8
832700,,,VELVETFRUIT_EXTRACT,XIREC,5242.0,3
833600,,SUBMISSION,HYDROGEL_PACK,XIREC,10025.0,13
833600,,SUBMISSION,HYDROGEL_PACK,XIREC,10023.0,27
833600,,,HYDROGEL_PACK,XIREC,10025.0,2
833700,,SUBMISSION,HYDROGEL_PACK,XIREC,10027.0,12
833700,,SUBMISSION,HYDROGEL_PACK,XIREC,10025.0,30
833800,,SUBMISSION,HYDROGEL_PACK,XIREC,10028.0,11
833800,,SUBMISSION,HYDROGEL_PACK,XIREC,10025.0,24
833900,,SUBMISSION,HYDROGEL_PACK,XIREC,10027.0,14
833900,,SUBMISSION,HYDROGEL_PACK,XIREC,10025.0,21
834000,,SUBMISSION,HYDROGEL_PACK,XIREC,10026.0,13
834000,,SUBMISSION,HYDROGEL_PACK,XIREC,10023.0,22
834100,,SUBMISSION,HYDROGEL_PACK,XIREC,10030.0,13
834100,,SUBMISSION,HYDROGEL_PACK,XIREC,10028.0,30
834200,,SUBMISSION,HYDROGEL_PACK,XIREC,10032.0,13
834200,,SUBMISSION,HYDROGEL_PACK,XIREC,10029.0,1
834900,,,VELVETFRUIT_EXTRACT,XIREC,5243.0,7
836000,,,VELVETFRUIT_EXTRACT,XIREC,5244.0,6
837000,,,HYDROGEL_PACK,XIREC,10047.0,6
838700,,SUBMISSION,VELVETFRUIT_EXTRACT,XIREC,5251.0,20
838700,,SUBMISSION,VELVETFRUIT_EXTRACT,XIREC,5251.0,10
838700,,,VELVETFRUIT_EXTRACT,XIREC,5252.0,1
839600,,SUBMISSION,VELVETFRUIT_EXTRACT,XIREC,5252.0,8
840400,,,VELVETFRUIT_EXTRACT,XIREC,5253.0,3
843100,,,VELVETFRUIT_EXTRACT,XIREC,5255.0,4
844000,,SUBMISSION,VEV_5400,XIREC,16.0,8
844100,,SUBMISSION,VEV_5400,XIREC,16.0,27
844200,,SUBMISSION,VEV_5400,XIREC,16.0,8
844200,,,HYDROGEL_PACK,XIREC,10033.0,6
844600,SUBMISSION,,VEV_5400,XIREC,16.0,24
844700,SUBMISSION,,VEV_5400,XIREC,16.0,19
844800,,,HYDROGEL_PACK,XIREC,10034.0,3
845400,,SUBMISSION,VELVETFRUIT_EXTRACT,XIREC,5255.0,18
845400,,SUBMISSION,VELVETFRUIT_EXTRACT,XIREC,5255.0,8
845500,,,HYDROGEL_PACK,XIREC,10013.0,6
846000,,SUBMISSION,VEV_5400,XIREC,16.0,27
846100,,SUBMISSION,VEV_5400,XIREC,16.0,24
846200,,SUBMISSION,VEV_5400,XIREC,16.0,20
846300,,SUBMISSION,VEV_5400,XIREC,16.0,18
846400,,SUBMISSION,VEV_5400,XIREC,16.0,21
846500,,SUBMISSION,VEV_5400,XIREC,16.0,17
846600,,SUBMISSION,VEV_5400,XIREC,16.0,22
846700,,SUBMISSION,VEV_5400,XIREC,16.0,5
846800,,SUBMISSION,VEV_5400,XIREC,16.0,17
847000,,SUBMISSION,VEV_5400,XIREC,16.0,20
847100,,SUBMISSION,VEV_5400,XIREC,16.0,21
847200,,SUBMISSION,VEV_5400,XIREC,16.0,20
847200,,,HYDROGEL_PACK,XIREC,10022.0,5
847300,,SUBMISSION,VEV_5400,XIREC,16.0,27
847400,,SUBMISSION,VEV_5400,XIREC,16.0,17
848200,,SUBMISSION,VEV_4000,XIREC,1264.0,2
848400,,,HYDROGEL_PACK,XIREC,10040.0,3
848900,,SUBMISSION,VEV_5500,XIREC,7.0,2
848900,,,VEV_5300,XIREC,51.0,5
848900,,,VEV_5500,XIREC,7.0,5
848900,,,VEV_6000,XIREC,0.0,5
848900,,,VEV_6500,XIREC,0.0,5
849200,SUBMISSION,,VEV_4000,XIREC,1258.0,2
849300,,SUBMISSION,VELVETFRUIT_EXTRACT,XIREC,5269.0,8
849900,,SUBMISSION,VEV_5500,XIREC,7.0,9
850300,,,VELVETFRUIT_EXTRACT,XIREC,5260.0,7
850600,,SUBMISSION,VELVETFRUIT_EXTRACT,XIREC,5260.0,5
850900,SUBMISSION,,VEV_5500,XIREC,7.0,5
850900,SUBMISSION,,VEV_5500,XIREC,8.0,6
851200,,,VEV_5400,XIREC,16.0,3
851200,,,VEV_5500,XIREC,6.0,3
851200,,,VEV_6000,XIREC,0.0,3
851200,,,VEV_6500,XIREC,0.0,3
851700,,,VELVETFRUIT_EXTRACT,XIREC,5260.0,6
851800,,SUBMISSION,VEV_5500,XIREC,7.0,5
852200,,SUBMISSION,VELVETFRUIT_EXTRACT,XIREC,5269.0,4
852900,,,VELVETFRUIT_EXTRACT,XIREC,5265.0,7
853500,,,HYDROGEL_PACK,XIREC,10032.0,4
853900,,,HYDROGEL_PACK,XIREC,10047.0,6
854000,,SUBMISSION,VELVETFRUIT_EXTRACT,XIREC,5272.0,6
854200,,SUBMISSION,VELVETFRUIT_EXTRACT,XIREC,5272.0,1
854300,,SUBMISSION,VELVETFRUIT_EXTRACT,XIREC,5272.0,67
854400,,SUBMISSION,VELVETFRUIT_EXTRACT,XIREC,5273.0,49
854400,,SUBMISSION,VEV_5500,XIREC,8.0,25
854600,,SUBMISSION,VELVETFRUIT_EXTRACT,XIREC,5273.0,24
854600,,SUBMISSION,VELVETFRUIT_EXTRACT,XIREC,5272.0,15
854700,,SUBMISSION,VELVETFRUIT_EXTRACT,XIREC,5273.0,1
854800,,SUBMISSION,VELVETFRUIT_EXTRACT,XIREC,5272.0,22
854900,,SUBMISSION,VEV_5500,XIREC,8.0,7
854900,,,HYDROGEL_PACK,XIREC,10052.0,2
855200,,SUBMISSION,VEV_5500,XIREC,8.0,4
855300,,SUBMISSION,VEV_5500,XIREC,8.0,20
855500,SUBMISSION,,VEV_4000,XIREC,1266.0,3
856600,,,VELVETFRUIT_EXTRACT,XIREC,5269.0,3
857600,,SUBMISSION,VEV_5500,XIREC,7.0,9
857900,,SUBMISSION,VEV_5500,XIREC,6.0,22
857900,SUBMISSION,,VEV_5500,XIREC,7.0,22
858000,SUBMISSION,,VEV_5500,XIREC,7.0,10
858000,SUBMISSION,,VEV_5500,XIREC,8.0,12
858300,SUBMISSION,,VEV_5500,XIREC,7.0,10
858300,SUBMISSION,,VEV_5500,XIREC,8.0,15
858400,,SUBMISSION,VEV_5500,XIREC,6.0,19
858400,SUBMISSION,,VEV_5500,XIREC,7.0,19
859100,,SUBMISSION,VEV_5500,XIREC,6.0,26
859100,SUBMISSION,,VEV_5500,XIREC,7.0,26
859300,,SUBMISSION,VEV_5500,XIREC,6.0,23
859300,SUBMISSION,,VEV_5500,XIREC,7.0,23
859400,,SUBMISSION,VEV_5500,XIREC,6.0,16
859400,SUBMISSION,,VEV_5500,XIREC,7.0,16
859500,,SUBMISSION,VEV_5500,XIREC,6.0,24
859500,SUBMISSION,,VEV_5500,XIREC,7.0,24
859600,,SUBMISSION,VEV_5500,XIREC,6.0,25
859600,SUBMISSION,,VEV_5500,XIREC,7.0,25
859700,,SUBMISSION,VEV_5500,XIREC,6.0,25
859700,SUBMISSION,,VEV_5500,XIREC,7.0,25
860000,,SUBMISSION,VEV_5500,XIREC,6.0,28
860000,SUBMISSION,,VEV_5500,XIREC,7.0,28
860100,,,HYDROGEL_PACK,XIREC,10086.0,2
860200,,SUBMISSION,VEV_5500,XIREC,6.0,20
860200,SUBMISSION,,VEV_5500,XIREC,7.0,20
860300,,SUBMISSION,VEV_5500,XIREC,6.0,21
860300,SUBMISSION,,VEV_5500,XIREC,7.0,21
860400,,SUBMISSION,VEV_5500,XIREC,6.0,26
860400,SUBMISSION,,VEV_5500,XIREC,7.0,26
860500,,SUBMISSION,VEV_5500,XIREC,6.0,28
860500,SUBMISSION,,VEV_5500,XIREC,7.0,28
860600,,SUBMISSION,VEV_5500,XIREC,6.0,28
860600,SUBMISSION,,VEV_5500,XIREC,7.0,28
860700,,SUBMISSION,VEV_5500,XIREC,6.0,26
860700,SUBMISSION,,VEV_5500,XIREC,7.0,26
860800,,SUBMISSION,VEV_5500,XIREC,6.0,24
860800,SUBMISSION,,VEV_5500,XIREC,7.0,24
860900,,SUBMISSION,VEV_5500,XIREC,6.0,20
860900,SUBMISSION,,VEV_5500,XIREC,7.0,20
861000,,SUBMISSION,VEV_5500,XIREC,6.0,25
861000,SUBMISSION,,VEV_5500,XIREC,7.0,25
861100,SUBMISSION,,VEV_5400,XIREC,16.0,21
861100,,SUBMISSION,VEV_5500,XIREC,6.0,21
861100,SUBMISSION,,VEV_5500,XIREC,7.0,21
861200,SUBMISSION,,VEV_5400,XIREC,16.0,26
861200,,SUBMISSION,VEV_5500,XIREC,6.0,26
861200,SUBMISSION,,VEV_5500,XIREC,7.0,26
861300,SUBMISSION,,VEV_5400,XIREC,16.0,19
861300,,SUBMISSION,VEV_5500,XIREC,6.0,19
861300,SUBMISSION,,VEV_5500,XIREC,7.0,19
861400,SUBMISSION,,VEV_5400,XIREC,16.0,24
861400,,SUBMISSION,VEV_5500,XIREC,6.0,24
861400,SUBMISSION,,VEV_5500,XIREC,7.0,24
861500,,SUBMISSION,VEV_5500,XIREC,6.0,21
861500,SUBMISSION,,VEV_5500,XIREC,7.0,21
861600,,SUBMISSION,VEV_5500,XIREC,6.0,19
861600,SUBMISSION,,VEV_5500,XIREC,7.0,19
861700,,SUBMISSION,VEV_5500,XIREC,6.0,22
861700,SUBMISSION,,VEV_5500,XIREC,7.0,22
861800,,SUBMISSION,VEV_5500,XIREC,6.0,24
861800,SUBMISSION,,VEV_5500,XIREC,7.0,24
861900,SUBMISSION,,VEV_5400,XIREC,16.0,27
861900,,SUBMISSION,VEV_5500,XIREC,6.0,27
861900,SUBMISSION,,VEV_5500,XIREC,7.0,27
862000,SUBMISSION,,VEV_5400,XIREC,16.0,26
862000,,SUBMISSION,VEV_5500,XIREC,6.0,26
862000,SUBMISSION,,VEV_5500,XIREC,7.0,26
862100,SUBMISSION,,VEV_5400,XIREC,16.0,21
862100,,SUBMISSION,VEV_5500,XIREC,6.0,21
862100,SUBMISSION,,VEV_5500,XIREC,7.0,21
862200,SUBMISSION,,VEV_5400,XIREC,16.0,21
862200,,SUBMISSION,VEV_5500,XIREC,6.0,21
862200,SUBMISSION,,VEV_5500,XIREC,7.0,21
862300,SUBMISSION,,VEV_5400,XIREC,16.0,16
862300,,SUBMISSION,VEV_5500,XIREC,6.0,16
862300,SUBMISSION,,VEV_5500,XIREC,7.0,16
862400,SUBMISSION,,VEV_5400,XIREC,16.0,23
862400,,SUBMISSION,VEV_5500,XIREC,6.0,23
862400,SUBMISSION,,VEV_5500,XIREC,7.0,23
862500,SUBMISSION,,VEV_5400,XIREC,16.0,23
862500,,SUBMISSION,VEV_5500,XIREC,6.0,23
862500,SUBMISSION,,VEV_5500,XIREC,7.0,23
862600,SUBMISSION,,VEV_5400,XIREC,16.0,18
862600,,SUBMISSION,VEV_5500,XIREC,6.0,18
862600,SUBMISSION,,VEV_5500,XIREC,7.0,18
862700,SUBMISSION,,VEV_5400,XIREC,16.0,11
862700,,SUBMISSION,VEV_5500,XIREC,6.0,22
862700,SUBMISSION,,VEV_5500,XIREC,7.0,22
862800,,SUBMISSION,VEV_5500,XIREC,6.0,24
862800,SUBMISSION,,VEV_5500,XIREC,7.0,24
862900,,SUBMISSION,VEV_5500,XIREC,6.0,25
862900,SUBMISSION,,VEV_5500,XIREC,7.0,25
862900,,,HYDROGEL_PACK,XIREC,10038.0,6
863000,,SUBMISSION,VEV_5500,XIREC,6.0,21
863000,SUBMISSION,,VEV_5500,XIREC,7.0,21
863100,,SUBMISSION,VEV_5500,XIREC,6.0,27
