timestamp;buyer;seller;symbol;currency;price;quantity
0;SUBMISSION;;HYDROGEL_PACK;SEASHELLS;10019;10
0;;SUBMISSION;VELVETFRUIT_EXTRACT;SEASHELLS;5265;20
0;SUBMISSION;;VEV_5200;SEASHELLS;106;15
0;SUBMISSION;;VEV_5300;SEASHELLS;54;15
100;SUBMISSION;;HYDROGEL_PACK;SEASHELLS;10020;10
100;SUBMISSION;;VEV_5000;SEASHELLS;272;15
100;SUBMISSION;;VEV_5100;SEASHELLS;180;15
100;SUBMISSION;;VEV_5200;SEASHELLS;105;15
100;SUBMISSION;;VEV_5400;SEASHELLS;18;15
200;SUBMISSION;;HYDROGEL_PACK;SEASHELLS;10020;10
200;SUBMISSION;;VEV_5100;SEASHELLS;180;15
200;SUBMISSION;;VEV_5200;SEASHELLS;105;15
200;SUBMISSION;;VEV_5400;SEASHELLS;18;15
200;SUBMISSION;;VEV_5500;SEASHELLS;7;15
300;SUBMISSION;;HYDROGEL_PACK;SEASHELLS;10021;10
300;;SUBMISSION;VELVETFRUIT_EXTRACT;SEASHELLS;5264;20
300;SUBMISSION;;VEV_5200;SEASHELLS;105;15
300;SUBMISSION;;VEV_5300;SEASHELLS;54;15
300;SUBMISSION;;VEV_5400;SEASHELLS;18;15
300;SUBMISSION;;VEV_5500;SEASHELLS;7;15
400;SUBMISSION;;HYDROGEL_PACK;SEASHELLS;10019;10
400;SUBMISSION;;VEV_5100;SEASHELLS;179;15
400;SUBMISSION;;VEV_5200;SEASHELLS;104;15
400;SUBMISSION;;VEV_5300;SEASHELLS;53;15
400;SUBMISSION;;VEV_5400;SEASHELLS;17;15
400;SUBMISSION;;VEV_5500;SEASHELLS;7;15
500;SUBMISSION;;HYDROGEL_PACK;SEASHELLS;10018;10
500;SUBMISSION;;VEV_5100;SEASHELLS;178;15
500;SUBMISSION;;VEV_5200;SEASHELLS;103;15
500;SUBMISSION;;VEV_5400;SEASHELLS;17;15
500;SUBMISSION;;VEV_5500;SEASHELLS;7;15
600;SUBMISSION;;HYDROGEL_PACK;SEASHELLS;10018;10
600;SUBMISSION;;VELVETFRUIT_EXTRACT;SEASHELLS;5265;60
600;SUBMISSION;;VEV_5100;SEASHELLS;177;15
600;SUBMISSION;;VEV_5200;SEASHELLS;102;15
600;SUBMISSION;;VEV_5300;SEASHELLS;52;15
600;SUBMISSION;;VEV_5400;SEASHELLS;17;15
600;SUBMISSION;;VEV_5500;SEASHELLS;7;15
700;SUBMISSION;;HYDROGEL_PACK;SEASHELLS;10019;10
700;SUBMISSION;;VELVETFRUIT_EXTRACT;SEASHELLS;5265;20
700;SUBMISSION;;VEV_5000;SEASHELLS;269;15
700;SUBMISSION;;VEV_5300;SEASHELLS;52;15
700;SUBMISSION;;VEV_5400;SEASHELLS;17;15
700;SUBMISSION;;VEV_5500;SEASHELLS;7;15
800;SUBMISSION;;HYDROGEL_PACK;SEASHELLS;10021;10
800;SUBMISSION;;VELVETFRUIT_EXTRACT;SEASHELLS;5265;20
800;SUBMISSION;;VEV_5200;SEASHELLS;103;15
800;SUBMISSION;;VEV_5300;SEASHELLS;52;15
800;SUBMISSION;;VEV_5400;SEASHELLS;17;15
800;SUBMISSION;;VEV_5500;SEASHELLS;7;15
900;SUBMISSION;;VEV_5200;SEASHELLS;103;15
900;SUBMISSION;;VEV_5300;SEASHELLS;52;15
900;SUBMISSION;;VEV_5400;SEASHELLS;17;15
900;SUBMISSION;;VEV_5500;SEASHELLS;7;15
1000;SUBMISSION;;VELVETFRUIT_EXTRACT;SEASHELLS;5265;20
1000;SUBMISSION;;VEV_5200;SEASHELLS;103;15
1000;SUBMISSION;;VEV_5300;SEASHELLS;52;15
1000;SUBMISSION;;VEV_5400;SEASHELLS;17;15
1000;SUBMISSION;;VEV_5500;SEASHELLS;7;15
1100;SUBMISSION;;VELVETFRUIT_EXTRACT;SEASHELLS;5266;20
1100;SUBMISSION;;VEV_5200;SEASHELLS;103;15
1100;SUBMISSION;;VEV_5300;SEASHELLS;53;15
1100;SUBMISSION;;VEV_5400;SEASHELLS;17;15
1100;SUBMISSION;;VEV_5500;SEASHELLS;7;15
1200;SUBMISSION;;VELVETFRUIT_EXTRACT;SEASHELLS;5265;50
1200;SUBMISSION;;VEV_5000;SEASHELLS;269;15
1200;SUBMISSION;;VEV_5100;SEASHELLS;177;15
1200;SUBMISSION;;VEV_5300;SEASHELLS;52;15
1200;SUBMISSION;;VEV_5400;SEASHELLS;17;15
1200;SUBMISSION;;VEV_5500;SEASHELLS;7;15
1300;SUBMISSION;;VELVETFRUIT_EXTRACT;SEASHELLS;5265;50
1300;SUBMISSION;;VEV_5100;SEASHELLS;177;15
1300;SUBMISSION;;VEV_5200;SEASHELLS;102;15
1300;SUBMISSION;;VEV_5300;SEASHELLS;52;15
1300;SUBMISSION;;VEV_5400;SEASHELLS;17;15
1300;SUBMISSION;;VEV_5500;SEASHELLS;7;15
1400;;SUBMISSION;HYDROGEL_PACK;SEASHELLS;10015;10
1400;SUBMISSION;;VEV_5300;SEASHELLS;53;15
1400;SUBMISSION;;VEV_5400;SEASHELLS;17;15
1400;SUBMISSION;;VEV_5500;SEASHELLS;7;15
1500;SUBMISSION;;VEV_5100;SEASHELLS;179;30
1500;SUBMISSION;;VEV_5200;SEASHELLS;104;30
1500;SUBMISSION;;VEV_5300;SEASHELLS;53;15
1500;SUBMISSION;;VEV_5500;SEASHELLS;7;15
1600;;SUBMISSION;HYDROGEL_PACK;SEASHELLS;10016;10
1600;SUBMISSION;;VEV_5100;SEASHELLS;179;15
1600;SUBMISSION;;VEV_5200;SEASHELLS;104;15
1600;SUBMISSION;;VEV_5300;SEASHELLS;53;15
1600;SUBMISSION;;VEV_5500;SEASHELLS;7;15
1700;SUBMISSION;;VEV_5200;SEASHELLS;105;15
1700;SUBMISSION;;VEV_5300;SEASHELLS;54;15
1700;SUBMISSION;;VEV_5400;SEASHELLS;18;15
1700;SUBMISSION;;VEV_5500;SEASHELLS;7;15
1800;SUBMISSION;;VEV_5100;SEASHELLS;180;15
1800;SUBMISSION;;VEV_5200;SEASHELLS;105;15
1800;SUBMISSION;;VEV_5400;SEASHELLS;18;15
1800;SUBMISSION;;VEV_5500;SEASHELLS;7;15
1900;SUBMISSION;;VEV_5200;SEASHELLS;105;15
1900;SUBMISSION;;VEV_5300;SEASHELLS;54;15
1900;SUBMISSION;;VEV_5400;SEASHELLS;18;15
1900;SUBMISSION;;VEV_5500;SEASHELLS;7;15
2000;SUBMISSION;;VEV_5500;SEASHELLS;7;15
2200;SUBMISSION;;VEV_5300;SEASHELLS;55;15
2200;SUBMISSION;;VEV_5500;SEASHELLS;7;15
2400;;SUBMISSION;VEV_5100;SEASHELLS;179;15
2500;;SUBMISSION;VELVETFRUIT_EXTRACT;SEASHELLS;5270;10
2500;;SUBMISSION;VEV_5200;SEASHELLS;106;15
2500;;SUBMISSION;VEV_5300;SEASHELLS;54;15
2500;;SUBMISSION;VEV_5400;SEASHELLS;18;15
2500;;SUBMISSION;VEV_5500;SEASHELLS;7;15
2600;;SUBMISSION;VELVETFRUIT_EXTRACT;SEASHELLS;5270;10
2600;;SUBMISSION;VEV_5100;SEASHELLS;181;15
2600;;SUBMISSION;VEV_5200;SEASHELLS;106;15
2600;;SUBMISSION;VEV_5300;SEASHELLS;54;15
2600;;SUBMISSION;VEV_5400;SEASHELLS;18;15
2600;;SUBMISSION;VEV_5500;SEASHELLS;7;15
2700;;SUBMISSION;VEV_5000;SEASHELLS;271;15
2700;;SUBMISSION;VEV_5200;SEASHELLS;106;15
2700;;SUBMISSION;VEV_5300;SEASHELLS;54;15
2700;;SUBMISSION;VEV_5500;SEASHELLS;7;15
2800;;SUBMISSION;HYDROGEL_PACK;SEASHELLS;10017;10
2800;;SUBMISSION;VEV_5100;SEASHELLS;180;15
2800;;SUBMISSION;VEV_5500;SEASHELLS;7;15
2900;;SUBMISSION;HYDROGEL_PACK;SEASHELLS;10018;10
2900;SUBMISSION;;VELVETFRUIT_EXTRACT;SEASHELLS;5272;20
3000;;SUBMISSION;HYDROGEL_PACK;SEASHELLS;10019;10
3000;;SUBMISSION;VEV_5200;SEASHELLS;105;15
3100;;SUBMISSION;HYDROGEL_PACK;SEASHELLS;10019;10
3100;;SUBMISSION;VEV_4000;SEASHELLS;1262;15
3100;;SUBMISSION;VEV_5200;SEASHELLS;106;15
3100;;SUBMISSION;VEV_5300;SEASHELLS;54;15
3100;;SUBMISSION;VEV_5400;SEASHELLS;18;15
3100;;SUBMISSION;VEV_5500;SEASHELLS;7;15
3200;;SUBMISSION;HYDROGEL_PACK;SEASHELLS;10022;10
3200;;SUBMISSION;VEV_5000;SEASHELLS;272;30
3200;;SUBMISSION;VEV_5100;SEASHELLS;181;30
3200;;SUBMISSION;VEV_5200;SEASHELLS;106;30
3200;;SUBMISSION;VEV_5300;SEASHELLS;54;15
3200;;SUBMISSION;VEV_5400;SEASHELLS;18;15
3200;;SUBMISSION;VEV_5500;SEASHELLS;7;15
3300;;SUBMISSION;HYDROGEL_PACK;SEASHELLS;10021;10
3300;;SUBMISSION;VELVETFRUIT_EXTRACT;SEASHELLS;5271;10
3300;;SUBMISSION;VEV_5100;SEASHELLS;182;15
3300;;SUBMISSION;VEV_5200;SEASHELLS;107;15
3300;;SUBMISSION;VEV_5400;SEASHELLS;18;15
3300;;SUBMISSION;VEV_5500;SEASHELLS;7;15
3400;;SUBMISSION;HYDROGEL_PACK;SEASHELLS;10023;10
3400;;SUBMISSION;VELVETFRUIT_EXTRACT;SEASHELLS;5272;20
3400;;SUBMISSION;VEV_5300;SEASHELLS;55;15
3400;;SUBMISSION;VEV_5400;SEASHELLS;18;15
3400;;SUBMISSION;VEV_5500;SEASHELLS;7;15
3500;;SUBMISSION;HYDROGEL_PACK;SEASHELLS;10021;10
3500;;SUBMISSION;VEV_5200;SEASHELLS;107;30
3500;;SUBMISSION;VEV_5300;SEASHELLS;54;15
3500;;SUBMISSION;VEV_5400;SEASHELLS;18;15
3500;;SUBMISSION;VEV_5500;SEASHELLS;7;15
3600;;SUBMISSION;HYDROGEL_PACK;SEASHELLS;10022;10
3600;;SUBMISSION;VELVETFRUIT_EXTRACT;SEASHELLS;5271;60
3600;;SUBMISSION;VEV_5000;SEASHELLS;273;15
3600;;SUBMISSION;VEV_5100;SEASHELLS;182;15
3600;;SUBMISSION;VEV_5200;SEASHELLS;107;15
3600;;SUBMISSION;VEV_5300;SEASHELLS;55;15
3600;;SUBMISSION;VEV_5400;SEASHELLS;18;15
3600;;SUBMISSION;VEV_5500;SEASHELLS;7;15
3700;;SUBMISSION;HYDROGEL_PACK;SEASHELLS;10021;10
3700;;SUBMISSION;VEV_5200;SEASHELLS;107;15
3700;;SUBMISSION;VEV_5300;SEASHELLS;54;15
3700;;SUBMISSION;VEV_5400;SEASHELLS;18;15
3700;;SUBMISSION;VEV_5500;SEASHELLS;7;15
3800;;SUBMISSION;HYDROGEL_PACK;SEASHELLS;10020;10
3800;;SUBMISSION;VEV_5000;SEASHELLS;273;30
3800;;SUBMISSION;VEV_5100;SEASHELLS;182;30
3800;;SUBMISSION;VEV_5200;SEASHELLS;107;30
3800;;SUBMISSION;VEV_5400;SEASHELLS;18;15
3800;;SUBMISSION;VEV_5500;SEASHELLS;7;15
3900;;SUBMISSION;HYDROGEL_PACK;SEASHELLS;10016;10
3900;;SUBMISSION;VELVETFRUIT_EXTRACT;SEASHELLS;5271;60
3900;;SUBMISSION;VEV_4000;SEASHELLS;1263;15
3900;;SUBMISSION;VEV_5000;SEASHELLS;273;15
3900;;SUBMISSION;VEV_5100;SEASHELLS;182;15
3900;;SUBMISSION;VEV_5200;SEASHELLS;107;15
3900;;SUBMISSION;VEV_5400;SEASHELLS;18;15
3900;;SUBMISSION;VEV_5500;SEASHELLS;7;15
4000;;SUBMISSION;HYDROGEL_PACK;SEASHELLS;10018;10
4000;;SUBMISSION;VEV_5000;SEASHELLS;272;15
4000;;SUBMISSION;VEV_5100;SEASHELLS;181;15
4000;;SUBMISSION;VEV_5300;SEASHELLS;54;15
4000;;SUBMISSION;VEV_5400;SEASHELLS;18;15
4000;;SUBMISSION;VEV_5500;SEASHELLS;7;15
4100;;SUBMISSION;HYDROGEL_PACK;SEASHELLS;10020;10
4100;;SUBMISSION;VEV_5100;SEASHELLS;182;30
4100;;SUBMISSION;VEV_5200;SEASHELLS;107;30
4100;;SUBMISSION;VEV_5400;SEASHELLS;18;15
4100;;SUBMISSION;VEV_5500;SEASHELLS;7;15
4200;;SUBMISSION;HYDROGEL_PACK;SEASHELLS;10022;10
4200;;SUBMISSION;VELVETFRUIT_EXTRACT;SEASHELLS;5272;10
4200;;SUBMISSION;VEV_5300;SEASHELLS;55;15
4200;;SUBMISSION;VEV_5400;SEASHELLS;18;15
4200;;SUBMISSION;VEV_5500;SEASHELLS;7;15
4300;;SUBMISSION;HYDROGEL_PACK;SEASHELLS;10019;10
4300;;SUBMISSION;VELVETFRUIT_EXTRACT;SEASHELLS;5272;20
4300;;SUBMISSION;VEV_5300;SEASHELLS;55;15
4300;;SUBMISSION;VEV_5400;SEASHELLS;18;15
4300;;SUBMISSION;VEV_5500;SEASHELLS;7;15
4400;;SUBMISSION;HYDROGEL_PACK;SEASHELLS;10020;10
4400;;SUBMISSION;VEV_4000;SEASHELLS;1262;15
4400;;SUBMISSION;VEV_5100;SEASHELLS;181;30
4400;;SUBMISSION;VEV_5200;SEASHELLS;106;30
4400;;SUBMISSION;VEV_5300;SEASHELLS;54;15
4400;;SUBMISSION;VEV_5500;SEASHELLS;7;15
4500;;SUBMISSION;HYDROGEL_PACK;SEASHELLS;10017;10
4500;;SUBMISSION;VEV_5200;SEASHELLS;106;15
4500;;SUBMISSION;VEV_5300;SEASHELLS;54;15
4500;;SUBMISSION;VEV_5500;SEASHELLS;7;15
4600;;SUBMISSION;HYDROGEL_PACK;SEASHELLS;10017;10
4600;SUBMISSION;;VELVETFRUIT_EXTRACT;SEASHELLS;5273;20
4700;;SUBMISSION;HYDROGEL_PACK;SEASHELLS;10017;10
4700;;SUBMISSION;VEV_4000;SEASHELLS;1260;15
4800;;SUBMISSION;HYDROGEL_PACK;SEASHELLS;10017;10
4800;SUBMISSION;;VELVETFRUIT_EXTRACT;SEASHELLS;5273;20
4900;;SUBMISSION;HYDROGEL_PACK;SEASHELLS;10020;10
4900;;SUBMISSION;VEV_5000;SEASHELLS;272;15
4900;;SUBMISSION;VEV_5100;SEASHELLS;181;15
4900;;SUBMISSION;VEV_5300;SEASHELLS;54;15
4900;;SUBMISSION;VEV_5400;SEASHELLS;18;15
4900;;SUBMISSION;VEV_5500;SEASHELLS;7;15
5000;;SUBMISSION;HYDROGEL_PACK;SEASHELLS;10019;10
5000;;SUBMISSION;VEV_5000;SEASHELLS;272;30
5000;;SUBMISSION;VEV_5300;SEASHELLS;54;15
5000;;SUBMISSION;VEV_5400;SEASHELLS;18;15
5000;;SUBMISSION;VEV_5500;SEASHELLS;7;15
5100;;SUBMISSION;HYDROGEL_PACK;SEASHELLS;10016;10
5100;;SUBMISSION;VEV_5000;SEASHELLS;272;15
5100;;SUBMISSION;VEV_5300;SEASHELLS;54;15
5100;;SUBMISSION;VEV_5400;SEASHELLS;18;15
5100;;SUBMISSION;VEV_5500;SEASHELLS;7;15
5200;;SUBMISSION;VEV_5000;SEASHELLS;272;30
5200;;SUBMISSION;VEV_5300;SEASHELLS;54;15
5200;;SUBMISSION;VEV_5400;SEASHELLS;18;15
5200;;SUBMISSION;VEV_5500;SEASHELLS;7;15
5300;;SUBMISSION;VEV_5100;SEASHELLS;182;15
5300;;SUBMISSION;VEV_5200;SEASHELLS;107;15
5300;;SUBMISSION;VEV_5300;SEASHELLS;54;15
5300;;SUBMISSION;VEV_5400;SEASHELLS;18;15
5300;;SUBMISSION;VEV_5500;SEASHELLS;7;15
5400;;SUBMISSION;VEV_5000;SEASHELLS;272;15
5400;;SUBMISSION;VEV_5300;SEASHELLS;54;15
5400;;SUBMISSION;VEV_5400;SEASHELLS;18;15
5400;;SUBMISSION;VEV_5500;SEASHELLS;7;15
5500;;SUBMISSION;VELVETFRUIT_EXTRACT;SEASHELLS;5273;60
5500;;SUBMISSION;VEV_5100;SEASHELLS;184;15
5500;;SUBMISSION;VEV_5300;SEASHELLS;55;15
5500;;SUBMISSION;VEV_5400;SEASHELLS;18;15
5500;;SUBMISSION;VEV_5500;SEASHELLS;7;15
5600;;SUBMISSION;VELVETFRUIT_EXTRACT;SEASHELLS;5273;60
5600;;SUBMISSION;VEV_5000;SEASHELLS;275;15
5600;;SUBMISSION;VEV_5100;SEASHELLS;184;15
5600;;SUBMISSION;VEV_5400;SEASHELLS;18;15
5600;;SUBMISSION;VEV_5500;SEASHELLS;7;15
5700;;SUBMISSION;VELVETFRUIT_EXTRACT;SEASHELLS;5273;60
5700;;SUBMISSION;VEV_5000;SEASHELLS;275;15
5700;;SUBMISSION;VEV_5100;SEASHELLS;184;15
5700;;SUBMISSION;VEV_5400;SEASHELLS;18;15
5700;;SUBMISSION;VEV_5500;SEASHELLS;7;15
5800;;SUBMISSION;VELVETFRUIT_EXTRACT;SEASHELLS;5272;20
5800;;SUBMISSION;VEV_5300;SEASHELLS;55;15
5800;;SUBMISSION;VEV_5400;SEASHELLS;18;15
5800;;SUBMISSION;VEV_5500;SEASHELLS;7;15
5900;;SUBMISSION;VEV_5100;SEASHELLS;183;15
5900;;SUBMISSION;VEV_5200;SEASHELLS;108;15
5900;;SUBMISSION;VEV_5300;SEASHELLS;55;15
5900;;SUBMISSION;VEV_5400;SEASHELLS;18;15
5900;;SUBMISSION;VEV_5500;SEASHELLS;7;15
6000;;SUBMISSION;VELVETFRUIT_EXTRACT;SEASHELLS;5273;10
6000;;SUBMISSION;VEV_4000;SEASHELLS;1265;15
6000;;SUBMISSION;VEV_5200;SEASHELLS;108;15
6000;;SUBMISSION;VEV_5300;SEASHELLS;55;15
6000;;SUBMISSION;VEV_5400;SEASHELLS;18;15
6000;;SUBMISSION;VEV_5500;SEASHELLS;7;15
6100;;SUBMISSION;VELVETFRUIT_EXTRACT;SEASHELLS;5275;10
6100;;SUBMISSION;VEV_5000;SEASHELLS;274;15
6100;;SUBMISSION;VEV_5100;SEASHELLS;183;15
6100;;SUBMISSION;VEV_5200;SEASHELLS;108;15
6100;;SUBMISSION;VEV_5300;SEASHELLS;55;15
6100;;SUBMISSION;VEV_5400;SEASHELLS;18;15
6100;;SUBMISSION;VEV_5500;SEASHELLS;7;15
6200;;SUBMISSION;VELVETFRUIT_EXTRACT;SEASHELLS;5273;10
6200;;SUBMISSION;VEV_5200;SEASHELLS;108;15
6200;;SUBMISSION;VEV_5300;SEASHELLS;55;15
6200;;SUBMISSION;VEV_5400;SEASHELLS;18;15
6200;;SUBMISSION;VEV_5500;SEASHELLS;7;15
6300;;SUBMISSION;VELVETFRUIT_EXTRACT;SEASHELLS;5275;10
6300;;SUBMISSION;VEV_5300;SEASHELLS;55;15
6300;;SUBMISSION;VEV_5400;SEASHELLS;18;15
6300;;SUBMISSION;VEV_5500;SEASHELLS;7;15
6400;;SUBMISSION;VEV_5100;SEASHELLS;182;15
6400;;SUBMISSION;VEV_5200;SEASHELLS;107;15
6400;;SUBMISSION;VEV_5300;SEASHELLS;54;15
6400;;SUBMISSION;VEV_5400;SEASHELLS;18;15
6400;;SUBMISSION;VEV_5500;SEASHELLS;7;15
6500;;SUBMISSION;VEV_5100;SEASHELLS;182;15
6500;;SUBMISSION;VEV_5200;SEASHELLS;107;15
6500;;SUBMISSION;VEV_5300;SEASHELLS;54;15
6500;;SUBMISSION;VEV_5400;SEASHELLS;18;15
6500;;SUBMISSION;VEV_5500;SEASHELLS;7;15
6600;;SUBMISSION;VEV_5000;SEASHELLS;272;15
6600;;SUBMISSION;VEV_5300;SEASHELLS;54;15
6600;;SUBMISSION;VEV_5400;SEASHELLS;18;15
6600;;SUBMISSION;VEV_5500;SEASHELLS;7;15
6700;;SUBMISSION;VEV_4000;SEASHELLS;1262;15
6700;;SUBMISSION;VEV_5100;SEASHELLS;181;15
6700;;SUBMISSION;VEV_5200;SEASHELLS;106;15
6700;;SUBMISSION;VEV_5300;SEASHELLS;54;15
6700;;SUBMISSION;VEV_5500;SEASHELLS;7;15
6800;;SUBMISSION;HYDROGEL_PACK;SEASHELLS;10016;10
6800;;SUBMISSION;VEV_5100;SEASHELLS;181;30
6800;;SUBMISSION;VEV_5200;SEASHELLS;106;30
6800;;SUBMISSION;VEV_5300;SEASHELLS;54;15
6800;;SUBMISSION;VEV_5500;SEASHELLS;7;15
6900;;SUBMISSION;VEV_5200;SEASHELLS;107;15
6900;;SUBMISSION;VEV_5300;SEASHELLS;54;15
6900;;SUBMISSION;VEV_5400;SEASHELLS;18;15
6900;;SUBMISSION;VEV_5500;SEASHELLS;7;15
7000;;SUBMISSION;HYDROGEL_PACK;SEASHELLS;10015;10
7000;SUBMISSION;;VELVETFRUIT_EXTRACT;SEASHELLS;5271;10
7000;;SUBMISSION;VEV_5000;SEASHELLS;271;15
7000;;SUBMISSION;VEV_5200;SEASHELLS;106;15
7000;;SUBMISSION;VEV_5300;SEASHELLS;54;15
7100;SUBMISSION;;VELVETFRUIT_EXTRACT;SEASHELLS;5273;10
7200;SUBMISSION;;VELVETFRUIT_EXTRACT;SEASHELLS;5273;20
7400;;SUBMISSION;VEV_5100;SEASHELLS;181;15
7400;;SUBMISSION;VEV_5300;SEASHELLS;54;15
7400;;SUBMISSION;VEV_5400;SEASHELLS;18;15
7500;;SUBMISSION;VELVETFRUIT_EXTRACT;SEASHELLS;5271;60
7500;;SUBMISSION;VEV_5000;SEASHELLS;273;30
7500;;SUBMISSION;VEV_5100;SEASHELLS;182;30
7500;;SUBMISSION;VEV_5200;SEASHELLS;107;30
7500;;SUBMISSION;VEV_5400;SEASHELLS;18;15
7600;;SUBMISSION;VEV_5200;SEASHELLS;106;15
7600;;SUBMISSION;VEV_5300;SEASHELLS;54;15
7700;;SUBMISSION;VEV_5000;SEASHELLS;272;15
7700;;SUBMISSION;VEV_5300;SEASHELLS;54;15
7700;;SUBMISSION;VEV_5400;SEASHELLS;18;15
7800;SUBMISSION;;HYDROGEL_PACK;SEASHELLS;10022;10
7900;SUBMISSION;;HYDROGEL_PACK;SEASHELLS;10022;10
7900;;SUBMISSION;VEV_5100;SEASHELLS;180;15
7900;;SUBMISSION;VEV_5200;SEASHELLS;106;15
8000;SUBMISSION;;HYDROGEL_PACK;SEASHELLS;10020;10
8200;SUBMISSION;;HYDROGEL_PACK;SEASHELLS;10022;10
8400;;SUBMISSION;VEV_5200;SEASHELLS;105;30
9200;SUBMISSION;;VEV_5200;SEASHELLS;105;30
9300;SUBMISSION;;VEV_5000;SEASHELLS;272;15
9300;SUBMISSION;;VEV_5100;SEASHELLS;180;15
9300;SUBMISSION;;VEV_5200;SEASHELLS;105;15
9300;SUBMISSION;;VEV_5300;SEASHELLS;53;15
9400;SUBMISSION;;HYDROGEL_PACK;SEASHELLS;10019;10
9400;SUBMISSION;;VEV_5100;SEASHELLS;179;15
9400;SUBMISSION;;VEV_5200;SEASHELLS;104;15
9400;SUBMISSION;;VEV_5300;SEASHELLS;53;15
9400;SUBMISSION;;VEV_5400;SEASHELLS;17;15
9500;SUBMISSION;;VEV_5100;SEASHELLS;178;15
9500;SUBMISSION;;VEV_5300;SEASHELLS;52;15
9500;SUBMISSION;;VEV_5400;SEASHELLS;17;15
9600;SUBMISSION;;VELVETFRUIT_EXTRACT;SEASHELLS;5265;10
9600;SUBMISSION;;VEV_5200;SEASHELLS;103;30
9600;SUBMISSION;;VEV_5300;SEASHELLS;52;15
9600;SUBMISSION;;VEV_5400;SEASHELLS;17;15
9700;SUBMISSION;;VELVETFRUIT_EXTRACT;SEASHELLS;5265;20
9700;SUBMISSION;;VEV_5000;SEASHELLS;269;15
9700;SUBMISSION;;VEV_5200;SEASHELLS;103;15
9700;SUBMISSION;;VEV_5300;SEASHELLS;52;15
9700;SUBMISSION;;VEV_5400;SEASHELLS;17;15
9800;SUBMISSION;;VELVETFRUIT_EXTRACT;SEASHELLS;5265;10
9800;SUBMISSION;;VEV_5000;SEASHELLS;269;30
9800;SUBMISSION;;VEV_5200;SEASHELLS;103;30
9800;SUBMISSION;;VEV_5300;SEASHELLS;52;15
9800;SUBMISSION;;VEV_5400;SEASHELLS;17;15
9900;SUBMISSION;;VEV_5100;SEASHELLS;177;15
9900;SUBMISSION;;VEV_5300;SEASHELLS;52;15
9900;SUBMISSION;;VEV_5400;SEASHELLS;17;15
10000;;SUBMISSION;HYDROGEL_PACK;SEASHELLS;10015;10
10000;SUBMISSION;;VELVETFRUIT_EXTRACT;SEASHELLS;5265;10
10000;SUBMISSION;;VEV_5200;SEASHELLS;103;15
10000;SUBMISSION;;VEV_5300;SEASHELLS;52;15
10000;SUBMISSION;;VEV_5400;SEASHELLS;17;15
10100;;SUBMISSION;HYDROGEL_PACK;SEASHELLS;10018;10
10100;SUBMISSION;;VEV_5100;SEASHELLS;178;15
10100;SUBMISSION;;VEV_5200;SEASHELLS;103;15
10100;SUBMISSION;;VEV_5300;SEASHELLS;52;15
10100;SUBMISSION;;VEV_5400;SEASHELLS;17;15
10200;;SUBMISSION;HYDROGEL_PACK;SEASHELLS;10017;10
10200;SUBMISSION;;VELVETFRUIT_EXTRACT;SEASHELLS;5265;60
10200;SUBMISSION;;VEV_5100;SEASHELLS;177;15
10200;SUBMISSION;;VEV_5300;SEASHELLS;52;15
10200;SUBMISSION;;VEV_5400;SEASHELLS;17;15
10300;;SUBMISSION;HYDROGEL_PACK;SEASHELLS;10017;10
10300;SUBMISSION;;VELVETFRUIT_EXTRACT;SEASHELLS;5263;10
10300;SUBMISSION;;VEV_5100;SEASHELLS;176;30
10300;SUBMISSION;;VEV_5200;SEASHELLS;102;30
10300;SUBMISSION;;VEV_5300;SEASHELLS;51;15
10300;SUBMISSION;;VEV_5400;SEASHELLS;17;15
10400;;SUBMISSION;HYDROGEL_PACK;SEASHELLS;10015;10
10400;SUBMISSION;;VELVETFRUIT_EXTRACT;SEASHELLS;5265;70
10400;SUBMISSION;;VEV_5100;SEASHELLS;177;15
10400;SUBMISSION;;VEV_5300;SEASHELLS;52;15
10400;SUBMISSION;;VEV_5400;SEASHELLS;17;15
10500;SUBMISSION;;VELVETFRUIT_EXTRACT;SEASHELLS;5264;50
10500;SUBMISSION;;VEV_5000;SEASHELLS;268;30
10500;SUBMISSION;;VEV_5200;SEASHELLS;102;30
10500;SUBMISSION;;VEV_5400;SEASHELLS;17;15
10600;SUBMISSION;;HYDROGEL_PACK;SEASHELLS;10022;10
10600;SUBMISSION;;VELVETFRUIT_EXTRACT;SEASHELLS;5264;50
10600;SUBMISSION;;VEV_5100;SEASHELLS;176;30
10600;SUBMISSION;;VEV_5200;SEASHELLS;102;30
10600;SUBMISSION;;VEV_5300;SEASHELLS;51;15
10600;SUBMISSION;;VEV_5400;SEASHELLS;17;15
10700;SUBMISSION;;VELVETFRUIT_EXTRACT;SEASHELLS;5265;20
10700;SUBMISSION;;VEV_5000;SEASHELLS;269;15
10700;SUBMISSION;;VEV_5200;SEASHELLS;103;15
10700;SUBMISSION;;VEV_5300;SEASHELLS;52;15
10700;SUBMISSION;;VEV_5400;SEASHELLS;17;15
10800;SUBMISSION;;HYDROGEL_PACK;SEASHELLS;10022;10
10800;SUBMISSION;;VELVETFRUIT_EXTRACT;SEASHELLS;5264;70
10800;SUBMISSION;;VEV_5100;SEASHELLS;176;15
10800;SUBMISSION;;VEV_5200;SEASHELLS;102;15
10800;SUBMISSION;;VEV_5300;SEASHELLS;51;15
10800;SUBMISSION;;VEV_5400;SEASHELLS;17;15
10900;SUBMISSION;;VELVETFRUIT_EXTRACT;SEASHELLS;5264;10
10900;SUBMISSION;;VEV_5000;SEASHELLS;268;15
10900;SUBMISSION;;VEV_5200;SEASHELLS;102;15
10900;SUBMISSION;;VEV_5400;SEASHELLS;17;15
11000;SUBMISSION;;VELVETFRUIT_EXTRACT;SEASHELLS;5265;10
11000;SUBMISSION;;VEV_5200;SEASHELLS;103;30
11000;SUBMISSION;;VEV_5300;SEASHELLS;52;15
11000;SUBMISSION;;VEV_5400;SEASHELLS;17;15
11100;;SUBMISSION;HYDROGEL_PACK;SEASHELLS;10015;10
11100;SUBMISSION;;VEV_5200;SEASHELLS;104;30
11100;SUBMISSION;;VEV_5400;SEASHELLS;17;15
11200;SUBMISSION;;VEV_5000;SEASHELLS;271;15
11200;SUBMISSION;;VEV_5100;SEASHELLS;179;15
11200;SUBMISSION;;VEV_5300;SEASHELLS;53;30
11200;SUBMISSION;;VEV_5400;SEASHELLS;17;30
11300;SUBMISSION;;VEV_5200;SEASHELLS;105;15
11300;SUBMISSION;;VEV_5300;SEASHELLS;53;15
11500;SUBMISSION;;VEV_5500;SEASHELLS;7;15
11600;SUBMISSION;;VEV_5300;SEASHELLS;54;15
11600;SUBMISSION;;VEV_5500;SEASHELLS;7;15
11700;SUBMISSION;;VEV_5300;SEASHELLS;54;15
11700;SUBMISSION;;VEV_5500;SEASHELLS;7;15
11800;SUBMISSION;;VEV_5100;SEASHELLS;180;30
11800;SUBMISSION;;VEV_5200;SEASHELLS;105;30
11800;SUBMISSION;;VEV_5300;SEASHELLS;53;15
11800;SUBMISSION;;VEV_5500;SEASHELLS;7;15
11900;SUBMISSION;;VEV_5500;SEASHELLS;7;15
12000;;SUBMISSION;VELVETFRUIT_EXTRACT;SEASHELLS;5266;20
12000;SUBMISSION;;VEV_5500;SEASHELLS;7;15
12100;;SUBMISSION;VELVETFRUIT_EXTRACT;SEASHELLS;5266;60
12100;SUBMISSION;;VEV_5500;SEASHELLS;7;15
12200;SUBMISSION;;HYDROGEL_PACK;SEASHELLS;10022;10
12200;;SUBMISSION;VELVETFRUIT_EXTRACT;SEASHELLS;5266;20
12200;SUBMISSION;;VEV_5500;SEASHELLS;7;15
12300;SUBMISSION;;HYDROGEL_PACK;SEASHELLS;10020;10
12300;;SUBMISSION;VELVETFRUIT_EXTRACT;SEASHELLS;5266;20
12300;SUBMISSION;;VEV_5500;SEASHELLS;7;15
12400;SUBMISSION;;HYDROGEL_PACK;SEASHELLS;10019;10
12400;SUBMISSION;;VEV_5300;SEASHELLS;54;30
12400;SUBMISSION;;VEV_5500;SEASHELLS;7;30
12500;SUBMISSION;;HYDROGEL_PACK;SEASHELLS;10017;10
12500;SUBMISSION;;VEV_5500;SEASHELLS;7;15
12600;SUBMISSION;;HYDROGEL_PACK;SEASHELLS;10019;10
12600;SUBMISSION;;VEV_5300;SEASHELLS;54;15
12600;SUBMISSION;;VEV_5500;SEASHELLS;7;15
12700;SUBMISSION;;HYDROGEL_PACK;SEASHELLS;10018;10
12700;SUBMISSION;;VEV_5300;SEASHELLS;54;15
12700;SUBMISSION;;VEV_5500;SEASHELLS;7;15
12800;SUBMISSION;;HYDROGEL_PACK;SEASHELLS;10020;10
12800;SUBMISSION;;VEV_5100;SEASHELLS;180;30
12800;SUBMISSION;;VEV_5200;SEASHELLS;105;30
12800;SUBMISSION;;VEV_5300;SEASHELLS;53;15
12800;SUBMISSION;;VEV_5500;SEASHELLS;7;15
12900;SUBMISSION;;VEV_5500;SEASHELLS;7;15
13000;SUBMISSION;;HYDROGEL_PACK;SEASHELLS;10020;10
13000;SUBMISSION;;VEV_5000;SEASHELLS;272;15
13000;SUBMISSION;;VEV_5100;SEASHELLS;180;15
13000;SUBMISSION;;VEV_5200;SEASHELLS;105;15
13000;SUBMISSION;;VEV_5300;SEASHELLS;53;15
13000;SUBMISSION;;VEV_5500;SEASHELLS;7;15
13100;SUBMISSION;;HYDROGEL_PACK;SEASHELLS;10022;10
13100;SUBMISSION;;VEV_5500;SEASHELLS;7;15
13200;SUBMISSION;;HYDROGEL_PACK;SEASHELLS;10020;10
13200;SUBMISSION;;VEV_5500;SEASHELLS;7;15
13300;SUBMISSION;;HYDROGEL_PACK;SEASHELLS;10023;10
13300;SUBMISSION;;VEV_5500;SEASHELLS;7;15
13400;SUBMISSION;;HYDROGEL_PACK;SEASHELLS;10022;10
13400;SUBMISSION;;VEV_5100;SEASHELLS;181;15
13400;SUBMISSION;;VEV_5300;SEASHELLS;54;15
13400;SUBMISSION;;VEV_5500;SEASHELLS;7;15
13500;SUBMISSION;;HYDROGEL_PACK;SEASHELLS;10021;10
13500;SUBMISSION;;VELVETFRUIT_EXTRACT;SEASHELLS;5268;70
13500;SUBMISSION;;VEV_5200;SEASHELLS;105;15
13500;SUBMISSION;;VEV_5300;SEASHELLS;53;15
13500;SUBMISSION;;VEV_5400;SEASHELLS;17;15
13500;SUBMISSION;;VEV_5500;SEASHELLS;7;15
13600;SUBMISSION;;HYDROGEL_PACK;SEASHELLS;10020;10
13600;SUBMISSION;;VEV_5000;SEASHELLS;272;15
13600;SUBMISSION;;VEV_5100;SEASHELLS;180;15
13600;SUBMISSION;;VEV_5200;SEASHELLS;105;15
13600;SUBMISSION;;VEV_5300;SEASHELLS;53;15
13600;SUBMISSION;;VEV_5500;SEASHELLS;7;15
13700;SUBMISSION;;HYDROGEL_PACK;SEASHELLS;10020;10
13700;SUBMISSION;;VEV_5200;SEASHELLS;105;30
13700;SUBMISSION;;VEV_5300;SEASHELLS;53;15
13700;SUBMISSION;;VEV_5500;SEASHELLS;7;15
13800;SUBMISSION;;HYDROGEL_PACK;SEASHELLS;10022;10
13800;SUBMISSION;;VEV_5100;SEASHELLS;180;15
13800;SUBMISSION;;VEV_5200;SEASHELLS;105;15
13800;SUBMISSION;;VEV_5300;SEASHELLS;53;15
13800;SUBMISSION;;VEV_5500;SEASHELLS;7;15
13900;SUBMISSION;;VEV_5100;SEASHELLS;181;30
13900;SUBMISSION;;VEV_5200;SEASHELLS;106;15
13900;SUBMISSION;;VEV_5500;SEASHELLS;7;15
14000;SUBMISSION;;VEV_5300;SEASHELLS;53;15
14000;SUBMISSION;;VEV_5500;SEASHELLS;7;15
14100;SUBMISSION;;VEV_5100;SEASHELLS;181;30
14100;SUBMISSION;;VEV_5200;SEASHELLS;106;30
14100;SUBMISSION;;VEV_5500;SEASHELLS;7;15
14200;SUBMISSION;;VEV_5500;SEASHELLS;7;15
14300;SUBMISSION;;VEV_5500;SEASHELLS;7;15
14400;SUBMISSION;;VEV_5100;SEASHELLS;181;30
14400;SUBMISSION;;VEV_5500;SEASHELLS;7;15
14500;SUBMISSION;;VEV_5000;SEASHELLS;272;15
14500;SUBMISSION;;VEV_5100;SEASHELLS;180;15
14500;SUBMISSION;;VEV_5200;SEASHELLS;105;15
14500;SUBMISSION;;VEV_5300;SEASHELLS;53;15
14500;SUBMISSION;;VEV_5500;SEASHELLS;7;15
14600;;SUBMISSION;HYDROGEL_PACK;SEASHELLS;10016;10
14600;SUBMISSION;;VELVETFRUIT_EXTRACT;SEASHELLS;5267;50
14600;SUBMISSION;;VEV_5200;SEASHELLS;104;15
14600;SUBMISSION;;VEV_5400;SEASHELLS;17;15
14600;SUBMISSION;;VEV_5500;SEASHELLS;7;15
14700;SUBMISSION;;VEV_5500;SEASHELLS;7;15
14800;SUBMISSION;;VEV_5100;SEASHELLS;181;30
14800;SUBMISSION;;VEV_5300;SEASHELLS;54;15
14800;SUBMISSION;;VEV_5500;SEASHELLS;7;15
14900;SUBMISSION;;VEV_5100;SEASHELLS;181;15
14900;SUBMISSION;;VEV_5500;SEASHELLS;7;15
15000;SUBMISSION;;VEV_5400;SEASHELLS;18;15
15000;SUBMISSION;;VEV_5500;SEASHELLS;7;15
15100;SUBMISSION;;VEV_5500;SEASHELLS;7;15
15200;;SUBMISSION;HYDROGEL_PACK;SEASHELLS;10017;10
15300;;SUBMISSION;HYDROGEL_PACK;SEASHELLS;10016;10
15400;;SUBMISSION;HYDROGEL_PACK;SEASHELLS;10018;10
15500;;SUBMISSION;HYDROGEL_PACK;SEASHELLS;10022;10
15500;SUBMISSION;;VEV_5500;SEASHELLS;7;15
15600;;SUBMISSION;HYDROGEL_PACK;SEASHELLS;10016;10
15600;;SUBMISSION;VEV_5100;SEASHELLS;179;15
15600;;SUBMISSION;VEV_5200;SEASHELLS;105;15
15600;;SUBMISSION;VEV_5300;SEASHELLS;53;15
15700;;SUBMISSION;HYDROGEL_PACK;SEASHELLS;10019;10
15700;;SUBMISSION;VEV_5300;SEASHELLS;53;15
15800;;SUBMISSION;HYDROGEL_PACK;SEASHELLS;10018;10
15900;;SUBMISSION;HYDROGEL_PACK;SEASHELLS;10016;10
15900;;SUBMISSION;VEV_5000;SEASHELLS;270;15
15900;;SUBMISSION;VEV_5200;SEASHELLS;105;15
15900;;SUBMISSION;VEV_5300;SEASHELLS;53;15
15900;;SUBMISSION;VEV_5500;SEASHELLS;7;15
16000;;SUBMISSION;VEV_5000;SEASHELLS;270;15
16000;;SUBMISSION;VEV_5200;SEASHELLS;105;15
16000;;SUBMISSION;VEV_5300;SEASHELLS;53;15
16000;;SUBMISSION;VEV_5500;SEASHELLS;7;15
16100;;SUBMISSION;HYDROGEL_PACK;SEASHELLS;10017;10
16100;;SUBMISSION;VEV_5100;SEASHELLS;180;30
16100;;SUBMISSION;VEV_5300;SEASHELLS;53;15
16100;;SUBMISSION;VEV_5500;SEASHELLS;7;15
16200;;SUBMISSION;HYDROGEL_PACK;SEASHELLS;10020;10
16200;;SUBMISSION;VEV_5200;SEASHELLS;105;30
16200;;SUBMISSION;VEV_5300;SEASHELLS;53;15
16200;;SUBMISSION;VEV_5500;SEASHELLS;7;15
16300;;SUBMISSION;HYDROGEL_PACK;SEASHELLS;10018;10
16300;;SUBMISSION;VEV_5200;SEASHELLS;106;15
16300;;SUBMISSION;VEV_5500;SEASHELLS;7;15
16400;;SUBMISSION;HYDROGEL_PACK;SEASHELLS;10021;10
16400;;SUBMISSION;VEV_5000;SEASHELLS;272;15
16400;;SUBMISSION;VEV_5300;SEASHELLS;54;15
16400;;SUBMISSION;VEV_5400;SEASHELLS;18;15
16400;;SUBMISSION;VEV_5500;SEASHELLS;7;15
16500;;SUBMISSION;HYDROGEL_PACK;SEASHELLS;10019;10
16500;;SUBMISSION;VEV_5200;SEASHELLS;106;15
16500;;SUBMISSION;VEV_5300;SEASHELLS;54;15
16500;;SUBMISSION;VEV_5400;SEASHELLS;18;15
16500;;SUBMISSION;VEV_5500;SEASHELLS;7;15
16600;;SUBMISSION;HYDROGEL_PACK;SEASHELLS;10017;10
16600;;SUBMISSION;VELVETFRUIT_EXTRACT;SEASHELLS;5271;20
16600;;SUBMISSION;VEV_4000;SEASHELLS;1262;15
16600;;SUBMISSION;VEV_5200;SEASHELLS;107;15
16600;;SUBMISSION;VEV_5300;SEASHELLS;54;15
16600;;SUBMISSION;VEV_5400;SEASHELLS;18;15
16600;;SUBMISSION;VEV_5500;SEASHELLS;7;15
16700;;SUBMISSION;HYDROGEL_PACK;SEASHELLS;10017;10
16700;;SUBMISSION;VEV_5000;SEASHELLS;272;30
16700;;SUBMISSION;VEV_5300;SEASHELLS;54;15
16700;;SUBMISSION;VEV_5400;SEASHELLS;18;15
16700;;SUBMISSION;VEV_5500;SEASHELLS;7;15
16800;;SUBMISSION;HYDROGEL_PACK;SEASHELLS;10018;10
16800;;SUBMISSION;VEV_5300;SEASHELLS;54;15
16800;;SUBMISSION;VEV_5400;SEASHELLS;18;15
16800;;SUBMISSION;VEV_5500;SEASHELLS;7;15
16900;;SUBMISSION;VELVETFRUIT_EXTRACT;SEASHELLS;5271;10
16900;;SUBMISSION;VEV_4000;SEASHELLS;1263;15
16900;;SUBMISSION;VEV_5200;SEASHELLS;107;15
16900;;SUBMISSION;VEV_5300;SEASHELLS;54;15
16900;;SUBMISSION;VEV_5400;SEASHELLS;18;15
16900;;SUBMISSION;VEV_5500;SEASHELLS;7;15
17000;;SUBMISSION;VELVETFRUIT_EXTRACT;SEASHELLS;5271;10
17000;;SUBMISSION;VEV_4000;SEASHELLS;1263;15
17000;;SUBMISSION;VEV_5100;SEASHELLS;182;15
17000;;SUBMISSION;VEV_5200;SEASHELLS;107;15
17000;;SUBMISSION;VEV_5300;SEASHELLS;54;15
17000;;SUBMISSION;VEV_5400;SEASHELLS;18;15
17000;;SUBMISSION;VEV_5500;SEASHELLS;7;15
17100;;SUBMISSION;VELVETFRUIT_EXTRACT;SEASHELLS;5271;10
17100;;SUBMISSION;VEV_5100;SEASHELLS;182;15
17100;;SUBMISSION;VEV_5200;SEASHELLS;107;15
17100;;SUBMISSION;VEV_5300;SEASHELLS;54;15
17100;;SUBMISSION;VEV_5400;SEASHELLS;18;15
17100;;SUBMISSION;VEV_5500;SEASHELLS;7;15
17200;;SUBMISSION;HYDROGEL_PACK;SEASHELLS;10016;10
17200;;SUBMISSION;VELVETFRUIT_EXTRACT;SEASHELLS;5272;60
17200;;SUBMISSION;VEV_5100;SEASHELLS;183;15
17200;;SUBMISSION;VEV_5200;SEASHELLS;108;15
17200;;SUBMISSION;VEV_5400;SEASHELLS;18;15
17200;;SUBMISSION;VEV_5500;SEASHELLS;7;15
17300;;SUBMISSION;VELVETFRUIT_EXTRACT;SEASHELLS;5273;20
17300;;SUBMISSION;VEV_5200;SEASHELLS;108;15
17300;;SUBMISSION;VEV_5300;SEASHELLS;55;15
17300;;SUBMISSION;VEV_5400;SEASHELLS;18;15
17300;;SUBMISSION;VEV_5500;SEASHELLS;7;15
17400;;SUBMISSION;VELVETFRUIT_EXTRACT;SEASHELLS;5274;10
17400;;SUBMISSION;VEV_5100;SEASHELLS;184;15
17400;;SUBMISSION;VEV_5200;SEASHELLS;109;15
17400;;SUBMISSION;VEV_5300;SEASHELLS;55;15
17400;;SUBMISSION;VEV_5400;SEASHELLS;18;15
17400;;SUBMISSION;VEV_5500;SEASHELLS;7;15
17500;;SUBMISSION;VELVETFRUIT_EXTRACT;SEASHELLS;5274;10
17500;;SUBMISSION;VEV_5100;SEASHELLS;184;15
17500;;SUBMISSION;VEV_5200;SEASHELLS;109;15
17500;;SUBMISSION;VEV_5300;SEASHELLS;55;15
17500;;SUBMISSION;VEV_5400;SEASHELLS;18;15
17500;;SUBMISSION;VEV_5500;SEASHELLS;7;15
17600;;SUBMISSION;VELVETFRUIT_EXTRACT;SEASHELLS;5273;20
17600;;SUBMISSION;VEV_5100;SEASHELLS;183;15
17600;;SUBMISSION;VEV_5200;SEASHELLS;108;15
17600;;SUBMISSION;VEV_5300;SEASHELLS;55;15
17600;;SUBMISSION;VEV_5400;SEASHELLS;18;15
17600;;SUBMISSION;VEV_5500;SEASHELLS;7;15
17700;;SUBMISSION;VELVETFRUIT_EXTRACT;SEASHELLS;5271;10
17700;;SUBMISSION;VEV_5100;SEASHELLS;182;15
17700;;SUBMISSION;VEV_5200;SEASHELLS;107;15
17700;;SUBMISSION;VEV_5300;SEASHELLS;54;15
17700;;SUBMISSION;VEV_5400;SEASHELLS;18;15
17700;;SUBMISSION;VEV_5500;SEASHELLS;7;15
17800;;SUBMISSION;VELVETFRUIT_EXTRACT;SEASHELLS;5271;20
17800;;SUBMISSION;VEV_5200;SEASHELLS;107;15
17800;;SUBMISSION;VEV_5300;SEASHELLS;54;15
17800;;SUBMISSION;VEV_5400;SEASHELLS;18;15
17800;;SUBMISSION;VEV_5500;SEASHELLS;7;15
17900;;SUBMISSION;VELVETFRUIT_EXTRACT;SEASHELLS;5271;20
17900;;SUBMISSION;VEV_5100;SEASHELLS;182;30
17900;;SUBMISSION;VEV_5200;SEASHELLS;107;30
17900;;SUBMISSION;VEV_5300;SEASHELLS;54;15
17900;;SUBMISSION;VEV_5400;SEASHELLS;18;15
17900;;SUBMISSION;VEV_5500;SEASHELLS;7;15
18000;;SUBMISSION;VELVETFRUIT_EXTRACT;SEASHELLS;5273;20
18000;;SUBMISSION;VEV_5100;SEASHELLS;183;30
18000;;SUBMISSION;VEV_5200;SEASHELLS;108;30
18000;;SUBMISSION;VEV_5300;SEASHELLS;55;15
18000;;SUBMISSION;VEV_5400;SEASHELLS;18;15
18000;;SUBMISSION;VEV_5500;SEASHELLS;7;15
18100;;SUBMISSION;VELVETFRUIT_EXTRACT;SEASHELLS;5272;20
18100;;SUBMISSION;VEV_4000;SEASHELLS;1264;15
18100;;SUBMISSION;VEV_5200;SEASHELLS;108;30
18100;;SUBMISSION;VEV_5400;SEASHELLS;18;15
18100;;SUBMISSION;VEV_5500;SEASHELLS;7;15
18200;;SUBMISSION;VELVETFRUIT_EXTRACT;SEASHELLS;5272;40
18200;;SUBMISSION;VEV_5100;SEASHELLS;183;15
18200;;SUBMISSION;VEV_5200;SEASHELLS;108;15
18200;;SUBMISSION;VEV_5400;SEASHELLS;18;15
18200;;SUBMISSION;VEV_5500;SEASHELLS;7;15
18300;;SUBMISSION;VELVETFRUIT_EXTRACT;SEASHELLS;5272;60
18300;;SUBMISSION;VEV_5100;SEASHELLS;183;15
18300;;SUBMISSION;VEV_5200;SEASHELLS;108;15
18300;;SUBMISSION;VEV_5400;SEASHELLS;18;15
18300;;SUBMISSION;VEV_5500;SEASHELLS;7;15
18400;;SUBMISSION;VELVETFRUIT_EXTRACT;SEASHELLS;5271;20
18400;;SUBMISSION;VEV_4000;SEASHELLS;1263;15
18400;;SUBMISSION;VEV_5200;SEASHELLS;107;15
18400;;SUBMISSION;VEV_5300;SEASHELLS;54;15
18400;;SUBMISSION;VEV_5400;SEASHELLS;18;15
18400;;SUBMISSION;VEV_5500;SEASHELLS;7;15
18500;;SUBMISSION;VELVETFRUIT_EXTRACT;SEASHELLS;5271;20
18500;;SUBMISSION;VEV_4000;SEASHELLS;1263;15
18500;;SUBMISSION;VEV_5100;SEASHELLS;182;15
18500;;SUBMISSION;VEV_5200;SEASHELLS;107;15
18500;;SUBMISSION;VEV_5300;SEASHELLS;54;15
18500;;SUBMISSION;VEV_5400;SEASHELLS;18;15
18500;;SUBMISSION;VEV_5500;SEASHELLS;7;15
18600;;SUBMISSION;VEV_4000;SEASHELLS;1261;15
18600;;SUBMISSION;VEV_5100;SEASHELLS;180;30
18600;;SUBMISSION;VEV_5300;SEASHELLS;53;15
18600;;SUBMISSION;VEV_5500;SEASHELLS;7;15
18700;;SUBMISSION;VEV_5200;SEASHELLS;105;30
18700;;SUBMISSION;VEV_5300;SEASHELLS;53;15
18700;;SUBMISSION;VEV_5500;SEASHELLS;7;15
18800;;SUBMISSION;VEV_5100;SEASHELLS;179;15
18800;;SUBMISSION;VEV_5200;SEASHELLS;105;15
18800;;SUBMISSION;VEV_5500;SEASHELLS;7;15
18900;;SUBMISSION;VEV_5200;SEASHELLS;105;30
18900;;SUBMISSION;VEV_5300;SEASHELLS;53;15
18900;;SUBMISSION;VEV_5500;SEASHELLS;7;15
19500;SUBMISSION;;VELVETFRUIT_EXTRACT;SEASHELLS;5271;10
19700;SUBMISSION;;VELVETFRUIT_EXTRACT;SEASHELLS;5266;10
19700;SUBMISSION;;VEV_5200;SEASHELLS;106;15
19700;SUBMISSION;;VEV_5300;SEASHELLS;54;15
19700;SUBMISSION;;VEV_5500;SEASHELLS;7;15
19800;SUBMISSION;;VELVETFRUIT_EXTRACT;SEASHELLS;5269;10
19800;SUBMISSION;;VEV_5100;SEASHELLS;181;15
19800;SUBMISSION;;VEV_5200;SEASHELLS;106;15
19800;SUBMISSION;;VEV_5300;SEASHELLS;53;15
19800;SUBMISSION;;VEV_5400;SEASHELLS;18;15
19800;SUBMISSION;;VEV_5500;SEASHELLS;7;15
19900;SUBMISSION;;VELVETFRUIT_EXTRACT;SEASHELLS;5271;10
20000;;SUBMISSION;VEV_4000;SEASHELLS;1259;15
20100;SUBMISSION;;VELVETFRUIT_EXTRACT;SEASHELLS;5271;10
20300;SUBMISSION;;VELVETFRUIT_EXTRACT;SEASHELLS;5271;20
20500;SUBMISSION;;VELVETFRUIT_EXTRACT;SEASHELLS;5271;20
20600;SUBMISSION;;VELVETFRUIT_EXTRACT;SEASHELLS;5270;10
20600;SUBMISSION;;VEV_5200;SEASHELLS;106;15
20600;SUBMISSION;;VEV_5300;SEASHELLS;54;15
20600;SUBMISSION;;VEV_5500;SEASHELLS;7;15
20700;SUBMISSION;;VELVETFRUIT_EXTRACT;SEASHELLS;5271;60
20900;;SUBMISSION;VEV_5300;SEASHELLS;53;15
20900;;SUBMISSION;VEV_5500;SEASHELLS;7;15
21000;;SUBMISSION;VEV_5000;SEASHELLS;270;15
21000;;SUBMISSION;VEV_5100;SEASHELLS;179;15
21000;;SUBMISSION;VEV_5200;SEASHELLS;105;15
21000;;SUBMISSION;VEV_5300;SEASHELLS;53;15
21000;;SUBMISSION;VEV_5500;SEASHELLS;7;15
21300;;SUBMISSION;VEV_5200;SEASHELLS;105;30
21300;;SUBMISSION;VEV_5300;SEASHELLS;53;15
21300;;SUBMISSION;VEV_5500;SEASHELLS;7;15
21400;SUBMISSION;;HYDROGEL_PACK;SEASHELLS;10011;10
21400;;SUBMISSION;VEV_5200;SEASHELLS;105;15
21400;;SUBMISSION;VEV_5300;SEASHELLS;53;15
21400;;SUBMISSION;VEV_5500;SEASHELLS;7;15
21500;;SUBMISSION;VELVETFRUIT_EXTRACT;SEASHELLS;5269;20
21500;;SUBMISSION;VEV_5100;SEASHELLS;180;30
21500;;SUBMISSION;VEV_5300;SEASHELLS;53;15
21500;;SUBMISSION;VEV_5500;SEASHELLS;7;15
21600;;SUBMISSION;VEV_4000;SEASHELLS;1261;15
21600;;SUBMISSION;VEV_5000;SEASHELLS;271;15
21600;;SUBMISSION;VEV_5100;SEASHELLS;180;15
21600;;SUBMISSION;VEV_5200;SEASHELLS;106;15
21600;;SUBMISSION;VEV_5300;SEASHELLS;53;15
21600;;SUBMISSION;VEV_5500;SEASHELLS;7;15
21700;;SUBMISSION;VELVETFRUIT_EXTRACT;SEASHELLS;5269;60
21700;;SUBMISSION;VEV_5000;SEASHELLS;271;15
21700;;SUBMISSION;VEV_5100;SEASHELLS;180;15
21700;;SUBMISSION;VEV_5200;SEASHELLS;106;15
21700;;SUBMISSION;VEV_5300;SEASHELLS;53;15
21700;;SUBMISSION;VEV_5500;SEASHELLS;7;15
21800;;SUBMISSION;VELVETFRUIT_EXTRACT;SEASHELLS;5270;50
21800;;SUBMISSION;VEV_5000;SEASHELLS;272;30
21800;;SUBMISSION;VEV_5100;SEASHELLS;181;30
21800;;SUBMISSION;VEV_5200;SEASHELLS;106;30
21800;;SUBMISSION;VEV_5300;SEASHELLS;54;15
21800;;SUBMISSION;VEV_5400;SEASHELLS;18;15
21800;;SUBMISSION;VEV_5500;SEASHELLS;7;15
21900;;SUBMISSION;HYDROGEL_PACK;SEASHELLS;10004;10
21900;;SUBMISSION;VELVETFRUIT_EXTRACT;SEASHELLS;5270;10
21900;;SUBMISSION;VEV_4000;SEASHELLS;1262;15
21900;;SUBMISSION;VEV_5100;SEASHELLS;181;15
21900;;SUBMISSION;VEV_5200;SEASHELLS;106;15
21900;;SUBMISSION;VEV_5300;SEASHELLS;54;15
21900;;SUBMISSION;VEV_5400;SEASHELLS;18;15
21900;;SUBMISSION;VEV_5500;SEASHELLS;7;15
22000;;SUBMISSION;VELVETFRUIT_EXTRACT;SEASHELLS;5269;10
22000;;SUBMISSION;VEV_4000;SEASHELLS;1261;15
22000;;SUBMISSION;VEV_5100;SEASHELLS;180;15
22000;;SUBMISSION;VEV_5300;SEASHELLS;53;15
22000;;SUBMISSION;VEV_5500;SEASHELLS;7;15
22100;;SUBMISSION;VEV_5000;SEASHELLS;270;30
22100;;SUBMISSION;VEV_5200;SEASHELLS;105;15
22100;;SUBMISSION;VEV_5300;SEASHELLS;53;15
22100;;SUBMISSION;VEV_5500;SEASHELLS;7;15
22200;;SUBMISSION;VEV_5100;SEASHELLS;179;30
22200;;SUBMISSION;VEV_5300;SEASHELLS;53;15
22300;;SUBMISSION;VELVETFRUIT_EXTRACT;SEASHELLS;5270;10
22300;;SUBMISSION;VEV_5100;SEASHELLS;179;15
22600;;SUBMISSION;VEV_4000;SEASHELLS;1259;15
23300;SUBMISSION;;VEV_5100;SEASHELLS;179;30
23300;SUBMISSION;;VEV_5200;SEASHELLS;104;30
23400;SUBMISSION;;VELVETFRUIT_EXTRACT;SEASHELLS;5266;50
23400;SUBMISSION;;VEV_5000;SEASHELLS;270;30
23400;SUBMISSION;;VEV_5100;SEASHELLS;178;30
23400;SUBMISSION;;VEV_5200;SEASHELLS;103;30
23400;SUBMISSION;;VEV_5300;SEASHELLS;52;15
23500;SUBMISSION;;VELVETFRUIT_EXTRACT;SEASHELLS;5267;40
23600;SUBMISSION;;VELVETFRUIT_EXTRACT;SEASHELLS;5265;10
23600;SUBMISSION;;VEV_5200;SEASHELLS;103;15
23600;SUBMISSION;;VEV_5300;SEASHELLS;52;15
23700;SUBMISSION;;VELVETFRUIT_EXTRACT;SEASHELLS;5267;60
23700;SUBMISSION;;VEV_5200;SEASHELLS;104;30
23700;SUBMISSION;;VEV_5300;SEASHELLS;52;15
23800;SUBMISSION;;VELVETFRUIT_EXTRACT;SEASHELLS;5266;10
23800;SUBMISSION;;VEV_5200;SEASHELLS;104;30
23800;SUBMISSION;;VEV_5300;SEASHELLS;52;15
24100;SUBMISSION;;VEV_5100;SEASHELLS;179;15
24100;SUBMISSION;;VEV_5200;SEASHELLS;104;15
24700;SUBMISSION;;HYDROGEL_PACK;SEASHELLS;10001;10
24800;SUBMISSION;;HYDROGEL_PACK;SEASHELLS;10001;10
24900;SUBMISSION;;HYDROGEL_PACK;SEASHELLS;10000;10
25000;SUBMISSION;;HYDROGEL_PACK;SEASHELLS;9998;10
25100;SUBMISSION;;HYDROGEL_PACK;SEASHELLS;9997;10
25200;SUBMISSION;;HYDROGEL_PACK;SEASHELLS;9996;10
25200;;SUBMISSION;VEV_5200;SEASHELLS;103;30
25200;;SUBMISSION;VEV_5300;SEASHELLS;51;15
25300;SUBMISSION;;HYDROGEL_PACK;SEASHELLS;9995;10
25300;SUBMISSION;;VEV_5400;SEASHELLS;17;15
25400;SUBMISSION;;HYDROGEL_PACK;SEASHELLS;9995;10
25500;SUBMISSION;;HYDROGEL_PACK;SEASHELLS;9994;10
25600;SUBMISSION;;HYDROGEL_PACK;SEASHELLS;9994;10
25700;SUBMISSION;;HYDROGEL_PACK;SEASHELLS;9992;10
25800;SUBMISSION;;HYDROGEL_PACK;SEASHELLS;9992;10
25900;SUBMISSION;;HYDROGEL_PACK;SEASHELLS;9994;10
26000;SUBMISSION;;HYDROGEL_PACK;SEASHELLS;9994;10
26000;;SUBMISSION;VELVETFRUIT_EXTRACT;SEASHELLS;5265;70
26000;;SUBMISSION;VEV_5100;SEASHELLS;177;30
26000;;SUBMISSION;VEV_5200;SEASHELLS;103;30
26100;SUBMISSION;;HYDROGEL_PACK;SEASHELLS;9997;10
26100;;SUBMISSION;VELVETFRUIT_EXTRACT;SEASHELLS;5265;20
26100;;SUBMISSION;VEV_5000;SEASHELLS;267;15
26100;;SUBMISSION;VEV_5200;SEASHELLS;103;30
26100;;SUBMISSION;VEV_5300;SEASHELLS;51;15
26200;SUBMISSION;;HYDROGEL_PACK;SEASHELLS;9998;10
26300;SUBMISSION;;HYDROGEL_PACK;SEASHELLS;9998;10
26400;SUBMISSION;;HYDROGEL_PACK;SEASHELLS;9998;10
26500;SUBMISSION;;HYDROGEL_PACK;SEASHELLS;9999;10
26600;SUBMISSION;;HYDROGEL_PACK;SEASHELLS;9996;10
26700;SUBMISSION;;HYDROGEL_PACK;SEASHELLS;9993;10
26700;;SUBMISSION;VELVETFRUIT_EXTRACT;SEASHELLS;5265;20
26700;;SUBMISSION;VEV_5200;SEASHELLS;103;15
26700;;SUBMISSION;VEV_5300;SEASHELLS;51;15
26800;;SUBMISSION;VELVETFRUIT_EXTRACT;SEASHELLS;5265;10
26800;;SUBMISSION;VEV_5200;SEASHELLS;103;15
26800;;SUBMISSION;VEV_5300;SEASHELLS;51;15
26900;SUBMISSION;;HYDROGEL_PACK;SEASHELLS;9998;10
26900;;SUBMISSION;VELVETFRUIT_EXTRACT;SEASHELLS;5265;50
26900;;SUBMISSION;VEV_5100;SEASHELLS;177;15
26900;;SUBMISSION;VEV_5400;SEASHELLS;17;15
27000;SUBMISSION;;HYDROGEL_PACK;SEASHELLS;10001;10
27200;SUBMISSION;;VEV_5100;SEASHELLS;179;15
27200;SUBMISSION;;VEV_5200;SEASHELLS;104;15
27400;SUBMISSION;;VEV_5200;SEASHELLS;104;30
27800;SUBMISSION;;HYDROGEL_PACK;SEASHELLS;10002;10
27800;SUBMISSION;;VEV_5100;SEASHELLS;179;30
27800;SUBMISSION;;VEV_5200;SEASHELLS;104;30
27900;SUBMISSION;;HYDROGEL_PACK;SEASHELLS;10002;10
27900;SUBMISSION;;VELVETFRUIT_EXTRACT;SEASHELLS;5266;10
27900;SUBMISSION;;VEV_5200;SEASHELLS;104;15
28000;SUBMISSION;;VELVETFRUIT_EXTRACT;SEASHELLS;5265;20
28000;SUBMISSION;;VEV_5200;SEASHELLS;103;15
28100;SUBMISSION;;HYDROGEL_PACK;SEASHELLS;10001;10
28200;SUBMISSION;;HYDROGEL_PACK;SEASHELLS;10002;10
28600;;SUBMISSION;VELVETFRUIT_EXTRACT;SEASHELLS;5264;30
29300;;SUBMISSION;HYDROGEL_PACK;SEASHELLS;9996;10
29400;;SUBMISSION;HYDROGEL_PACK;SEASHELLS;9997;10
29500;;SUBMISSION;HYDROGEL_PACK;SEASHELLS;9998;10
29600;;SUBMISSION;HYDROGEL_PACK;SEASHELLS;9999;10
29600;SUBMISSION;;VEV_5400;SEASHELLS;17;15
29700;;SUBMISSION;HYDROGEL_PACK;SEASHELLS;9997;10
29700;SUBMISSION;;VEV_5400;SEASHELLS;17;15
29800;;SUBMISSION;HYDROGEL_PACK;SEASHELLS;9997;10
29800;SUBMISSION;;VEV_5400;SEASHELLS;17;15
29900;;SUBMISSION;HYDROGEL_PACK;SEASHELLS;9997;10
30000;;SUBMISSION;HYDROGEL_PACK;SEASHELLS;9997;10
30000;SUBMISSION;;VEV_5200;SEASHELLS;104;15
30000;SUBMISSION;;VEV_5300;SEASHELLS;52;15
30000;SUBMISSION;;VEV_5400;SEASHELLS;17;15
30100;SUBMISSION;;VEV_5100;SEASHELLS;179;15
30100;SUBMISSION;;VEV_5200;SEASHELLS;104;15
30100;SUBMISSION;;VEV_5300;SEASHELLS;52;15
30100;SUBMISSION;;VEV_5400;SEASHELLS;17;15
30200;SUBMISSION;;VEV_5000;SEASHELLS;270;15
30200;SUBMISSION;;VEV_5100;SEASHELLS;178;15
30200;SUBMISSION;;VEV_5300;SEASHELLS;52;15
30200;SUBMISSION;;VEV_5400;SEASHELLS;17;15
30300;SUBMISSION;;VEV_5000;SEASHELLS;269;30
30300;SUBMISSION;;VEV_5100;SEASHELLS;177;30
30300;SUBMISSION;;VEV_5200;SEASHELLS;103;30
30300;SUBMISSION;;VEV_5400;SEASHELLS;17;15
30400;SUBMISSION;;VELVETFRUIT_EXTRACT;SEASHELLS;5265;70
30400;SUBMISSION;;VEV_5100;SEASHELLS;177;30
30400;SUBMISSION;;VEV_5300;SEASHELLS;51;15
30400;SUBMISSION;;VEV_5400;SEASHELLS;17;15
30500;SUBMISSION;;VEV_5200;SEASHELLS;103;15
30500;SUBMISSION;;VEV_5300;SEASHELLS;52;15
30500;SUBMISSION;;VEV_5400;SEASHELLS;17;15
30600;SUBMISSION;;VELVETFRUIT_EXTRACT;SEASHELLS;5264;60
30600;SUBMISSION;;VEV_5000;SEASHELLS;268;15
30600;SUBMISSION;;VEV_5200;SEASHELLS;102;15
30600;SUBMISSION;;VEV_5300;SEASHELLS;51;15
30600;SUBMISSION;;VEV_5400;SEASHELLS;17;15
30700;SUBMISSION;;HYDROGEL_PACK;SEASHELLS;10001;10
30700;SUBMISSION;;VELVETFRUIT_EXTRACT;SEASHELLS;5263;10
30700;SUBMISSION;;VEV_5300;SEASHELLS;51;15
30700;SUBMISSION;;VEV_5400;SEASHELLS;17;15
30800;SUBMISSION;;HYDROGEL_PACK;SEASHELLS;9998;10
30800;SUBMISSION;;VELVETFRUIT_EXTRACT;SEASHELLS;5262;50
30800;SUBMISSION;;VEV_5000;SEASHELLS;266;15
30800;SUBMISSION;;VEV_5200;SEASHELLS;101;15
30800;SUBMISSION;;VEV_5300;SEASHELLS;50;15
30800;SUBMISSION;;VEV_5400;SEASHELLS;16;15
30900;SUBMISSION;;HYDROGEL_PACK;SEASHELLS;9996;10
30900;SUBMISSION;;VELVETFRUIT_EXTRACT;SEASHELLS;5263;20
30900;SUBMISSION;;VEV_5300;SEASHELLS;51;15
31000;SUBMISSION;;HYDROGEL_PACK;SEASHELLS;9996;10
31000;SUBMISSION;;VELVETFRUIT_EXTRACT;SEASHELLS;5261;20
31000;SUBMISSION;;VEV_5100;SEASHELLS;174;15
31000;SUBMISSION;;VEV_5200;SEASHELLS;100;15
31000;SUBMISSION;;VEV_5300;SEASHELLS;50;15
31000;SUBMISSION;;VEV_5400;SEASHELLS;16;15
31000;SUBMISSION;;VEV_5500;SEASHELLS;7;15
31100;SUBMISSION;;HYDROGEL_PACK;SEASHELLS;10001;10
31100;SUBMISSION;;VELVETFRUIT_EXTRACT;SEASHELLS;5261;10
31100;SUBMISSION;;VEV_5100;SEASHELLS;174;30
31100;SUBMISSION;;VEV_5300;SEASHELLS;50;15
31100;SUBMISSION;;VEV_5400;SEASHELLS;16;15
31200;SUBMISSION;;HYDROGEL_PACK;SEASHELLS;10001;10
31200;SUBMISSION;;VEV_5100;SEASHELLS;174;15
31200;SUBMISSION;;VEV_5200;SEASHELLS;100;15
31200;SUBMISSION;;VEV_5300;SEASHELLS;50;15
31200;SUBMISSION;;VEV_5400;SEASHELLS;16;15
31200;SUBMISSION;;VEV_5500;SEASHELLS;7;15
31300;SUBMISSION;;HYDROGEL_PACK;SEASHELLS;10003;10
31300;SUBMISSION;;VELVETFRUIT_EXTRACT;SEASHELLS;5263;20
31300;SUBMISSION;;VEV_5300;SEASHELLS;51;15
31400;SUBMISSION;;VELVETFRUIT_EXTRACT;SEASHELLS;5264;60
31400;SUBMISSION;;VEV_5100;SEASHELLS;176;30
31400;SUBMISSION;;VEV_5200;SEASHELLS;102;30
31400;SUBMISSION;;VEV_5300;SEASHELLS;51;15
31400;SUBMISSION;;VEV_5400;SEASHELLS;17;15
31500;SUBMISSION;;VELVETFRUIT_EXTRACT;SEASHELLS;5264;60
31500;SUBMISSION;;VEV_5000;SEASHELLS;268;15
31500;SUBMISSION;;VEV_5100;SEASHELLS;176;15
31500;SUBMISSION;;VEV_5200;SEASHELLS;102;15
31500;SUBMISSION;;VEV_5300;SEASHELLS;51;15
31500;SUBMISSION;;VEV_5400;SEASHELLS;17;15
31600;SUBMISSION;;VELVETFRUIT_EXTRACT;SEASHELLS;5264;20
31600;SUBMISSION;;VEV_5000;SEASHELLS;268;15
31600;SUBMISSION;;VEV_5200;SEASHELLS;102;15
31600;SUBMISSION;;VEV_5300;SEASHELLS;51;15
31600;SUBMISSION;;VEV_5400;SEASHELLS;17;15
31700;SUBMISSION;;VEV_5200;SEASHELLS;103;15
31700;SUBMISSION;;VEV_5300;SEASHELLS;51;15
31700;SUBMISSION;;VEV_5400;SEASHELLS;17;15
31800;SUBMISSION;;VEV_5000;SEASHELLS;269;30
31800;SUBMISSION;;VEV_5100;SEASHELLS;177;30
31800;SUBMISSION;;VEV_5200;SEASHELLS;103;30
31800;SUBMISSION;;VEV_5300;SEASHELLS;51;15
31800;SUBMISSION;;VEV_5400;SEASHELLS;17;15
31900;SUBMISSION;;VEV_5100;SEASHELLS;178;30
31900;SUBMISSION;;VEV_5200;SEASHELLS;104;30
31900;SUBMISSION;;VEV_5300;SEASHELLS;52;15
31900;SUBMISSION;;VEV_5400;SEASHELLS;17;15
32000;;SUBMISSION;HYDROGEL_PACK;SEASHELLS;9996;10
32000;SUBMISSION;;VEV_5100;SEASHELLS;179;15
32000;SUBMISSION;;VEV_5200;SEASHELLS;104;15
32000;SUBMISSION;;VEV_5300;SEASHELLS;52;15
32000;SUBMISSION;;VEV_5400;SEASHELLS;17;15
32100;SUBMISSION;;VEV_5300;SEASHELLS;52;15
32100;SUBMISSION;;VEV_5400;SEASHELLS;17;15
32200;SUBMISSION;;VEV_5400;SEASHELLS;17;15
32300;;SUBMISSION;HYDROGEL_PACK;SEASHELLS;9996;10
32400;;SUBMISSION;HYDROGEL_PACK;SEASHELLS;9997;10
32500;;SUBMISSION;HYDROGEL_PACK;SEASHELLS;9998;10
32600;;SUBMISSION;HYDROGEL_PACK;SEASHELLS;10000;10
32700;;SUBMISSION;HYDROGEL_PACK;SEASHELLS;10003;10
32800;;SUBMISSION;HYDROGEL_PACK;SEASHELLS;10002;10
32900;;SUBMISSION;HYDROGEL_PACK;SEASHELLS;10002;10
33000;;SUBMISSION;HYDROGEL_PACK;SEASHELLS;10003;10
33000;;SUBMISSION;VEV_5000;SEASHELLS;268;15
33000;;SUBMISSION;VEV_5200;SEASHELLS;104;15
33000;;SUBMISSION;VEV_5400;SEASHELLS;17;15
33100;;SUBMISSION;HYDROGEL_PACK;SEASHELLS;10002;10
33100;;SUBMISSION;VELVETFRUIT_EXTRACT;SEASHELLS;5267;20
33100;;SUBMISSION;VEV_5100;SEASHELLS;178;15
33100;;SUBMISSION;VEV_5200;SEASHELLS;104;15
33100;;SUBMISSION;VEV_5300;SEASHELLS;52;15
33100;;SUBMISSION;VEV_5400;SEASHELLS;17;15
33200;;SUBMISSION;HYDROGEL_PACK;SEASHELLS;10001;10
33200;SUBMISSION;;VEV_5500;SEASHELLS;7;15
33300;;SUBMISSION;HYDROGEL_PACK;SEASHELLS;9998;10
33300;;SUBMISSION;VEV_5300;SEASHELLS;51;15
33300;;SUBMISSION;VEV_5400;SEASHELLS;17;15
33300;SUBMISSION;;VEV_5500;SEASHELLS;7;15
33400;;SUBMISSION;HYDROGEL_PACK;SEASHELLS;9999;10
33400;;SUBMISSION;VEV_5100;SEASHELLS;178;30
33400;;SUBMISSION;VEV_5200;SEASHELLS;104;30
33400;;SUBMISSION;VEV_5300;SEASHELLS;52;15
33400;;SUBMISSION;VEV_5400;SEASHELLS;17;15
33500;;SUBMISSION;HYDROGEL_PACK;SEASHELLS;10001;10
33500;;SUBMISSION;VEV_5000;SEASHELLS;268;15
33500;;SUBMISSION;VEV_5400;SEASHELLS;17;15
33600;;SUBMISSION;HYDROGEL_PACK;SEASHELLS;9999;10
33600;;SUBMISSION;VEV_5300;SEASHELLS;51;15
33600;;SUBMISSION;VEV_5400;SEASHELLS;17;15
33600;SUBMISSION;;VEV_5500;SEASHELLS;7;15
33700;;SUBMISSION;HYDROGEL_PACK;SEASHELLS;9999;10
33700;;SUBMISSION;VEV_5000;SEASHELLS;268;15
33700;;SUBMISSION;VEV_5200;SEASHELLS;104;15
33700;;SUBMISSION;VEV_5400;SEASHELLS;17;15
33800;;SUBMISSION;HYDROGEL_PACK;SEASHELLS;9998;10
33800;;SUBMISSION;VELVETFRUIT_EXTRACT;SEASHELLS;5266;60
33800;;SUBMISSION;VEV_5100;SEASHELLS;178;30
33800;;SUBMISSION;VEV_5200;SEASHELLS;104;30
33800;;SUBMISSION;VEV_5300;SEASHELLS;52;15
33800;;SUBMISSION;VEV_5400;SEASHELLS;17;15
33900;;SUBMISSION;HYDROGEL_PACK;SEASHELLS;9997;10
33900;;SUBMISSION;VELVETFRUIT_EXTRACT;SEASHELLS;5268;10
33900;;SUBMISSION;VEV_5100;SEASHELLS;179;15
33900;;SUBMISSION;VEV_5200;SEASHELLS;105;15
33900;;SUBMISSION;VEV_5300;SEASHELLS;52;15
33900;;SUBMISSION;VEV_5400;SEASHELLS;17;15
34000;;SUBMISSION;HYDROGEL_PACK;SEASHELLS;10000;10
34000;;SUBMISSION;VELVETFRUIT_EXTRACT;SEASHELLS;5268;20
34000;;SUBMISSION;VEV_5100;SEASHELLS;179;15
34000;;SUBMISSION;VEV_5200;SEASHELLS;105;15
34000;;SUBMISSION;VEV_5300;SEASHELLS;52;15
34000;;SUBMISSION;VEV_5400;SEASHELLS;17;15
34100;;SUBMISSION;HYDROGEL_PACK;SEASHELLS;10003;10
34100;;SUBMISSION;VELVETFRUIT_EXTRACT;SEASHELLS;5269;50
34100;;SUBMISSION;VEV_5000;SEASHELLS;271;15
34100;;SUBMISSION;VEV_5100;SEASHELLS;180;15
34100;;SUBMISSION;VEV_5200;SEASHELLS;106;15
34100;;SUBMISSION;VEV_5300;SEASHELLS;53;15
34100;;SUBMISSION;VEV_5400;SEASHELLS;17;15
34100;;SUBMISSION;VEV_5500;SEASHELLS;7;15
34200;;SUBMISSION;HYDROGEL_PACK;SEASHELLS;10000;10
34200;;SUBMISSION;VELVETFRUIT_EXTRACT;SEASHELLS;5270;50
34200;;SUBMISSION;VEV_5000;SEASHELLS;272;15
34200;;SUBMISSION;VEV_5100;SEASHELLS;181;15
34200;;SUBMISSION;VEV_5300;SEASHELLS;53;15
34200;;SUBMISSION;VEV_5500;SEASHELLS;7;15
34300;;SUBMISSION;HYDROGEL_PACK;SEASHELLS;9999;10
34300;;SUBMISSION;VELVETFRUIT_EXTRACT;SEASHELLS;5270;20
34300;;SUBMISSION;VEV_4000;SEASHELLS;1262;15
34300;;SUBMISSION;VEV_5100;SEASHELLS;181;30
34300;;SUBMISSION;VEV_5200;SEASHELLS;106;30
34300;;SUBMISSION;VEV_5300;SEASHELLS;53;15
34300;;SUBMISSION;VEV_5400;SEASHELLS;17;15
34300;;SUBMISSION;VEV_5500;SEASHELLS;7;15
34400;;SUBMISSION;HYDROGEL_PACK;SEASHELLS;9998;10
34400;;SUBMISSION;VELVETFRUIT_EXTRACT;SEASHELLS;5269;60
34400;;SUBMISSION;VEV_5200;SEASHELLS;106;15
34400;;SUBMISSION;VEV_5300;SEASHELLS;53;15
34400;;SUBMISSION;VEV_5400;SEASHELLS;17;15
34400;;SUBMISSION;VEV_5500;SEASHELLS;7;15
34500;;SUBMISSION;HYDROGEL_PACK;SEASHELLS;9997;10
34500;;SUBMISSION;VELVETFRUIT_EXTRACT;SEASHELLS;5269;10
34500;;SUBMISSION;VEV_4000;SEASHELLS;1261;15
34500;;SUBMISSION;VEV_5100;SEASHELLS;180;30
34500;;SUBMISSION;VEV_5300;SEASHELLS;53;15
34500;;SUBMISSION;VEV_5400;SEASHELLS;17;15
34500;;SUBMISSION;VEV_5500;SEASHELLS;7;15
34600;;SUBMISSION;HYDROGEL_PACK;SEASHELLS;9999;10
34600;;SUBMISSION;VELVETFRUIT_EXTRACT;SEASHELLS;5268;20
34600;;SUBMISSION;VEV_5000;SEASHELLS;270;30
34600;;SUBMISSION;VEV_5100;SEASHELLS;179;30
34600;;SUBMISSION;VEV_5200;SEASHELLS;105;30
34600;;SUBMISSION;VEV_5400;SEASHELLS;17;15
34700;;SUBMISSION;HYDROGEL_PACK;SEASHELLS;9997;10
34700;;SUBMISSION;VELVETFRUIT_EXTRACT;SEASHELLS;5268;10
34700;;SUBMISSION;VEV_5100;SEASHELLS;179;30
34700;;SUBMISSION;VEV_5200;SEASHELLS;105;30
34700;;SUBMISSION;VEV_5300;SEASHELLS;52;15
34700;;SUBMISSION;VEV_5400;SEASHELLS;17;15
34800;;SUBMISSION;VEV_5000;SEASHELLS;268;15
34800;;SUBMISSION;VEV_5200;SEASHELLS;104;15
34800;;SUBMISSION;VEV_5300;SEASHELLS;52;15
34800;;SUBMISSION;VEV_5400;SEASHELLS;17;15
34900;;SUBMISSION;VEV_5400;SEASHELLS;17;15
35400;;SUBMISSION;VELVETFRUIT_EXTRACT;SEASHELLS;5266;50
35400;;SUBMISSION;VEV_5100;SEASHELLS;178;30
35400;;SUBMISSION;VEV_5200;SEASHELLS;104;30
35400;;SUBMISSION;VEV_5300;SEASHELLS;52;15
35400;;SUBMISSION;VEV_5400;SEASHELLS;17;15
35500;;SUBMISSION;VELVETFRUIT_EXTRACT;SEASHELLS;5266;20
35500;;SUBMISSION;VEV_5100;SEASHELLS;178;30
35500;;SUBMISSION;VEV_5200;SEASHELLS;104;30
35500;;SUBMISSION;VEV_5300;SEASHELLS;52;15
35500;;SUBMISSION;VEV_5400;SEASHELLS;17;15
35600;;SUBMISSION;VEV_5100;SEASHELLS;178;30
35600;;SUBMISSION;VEV_5200;SEASHELLS;104;30
35600;;SUBMISSION;VEV_5300;SEASHELLS;52;15
35600;;SUBMISSION;VEV_5400;SEASHELLS;17;15
36100;;SUBMISSION;VEV_5200;SEASHELLS;103;30
36100;;SUBMISSION;VEV_5300;SEASHELLS;51;15
36100;;SUBMISSION;VEV_5400;SEASHELLS;17;15
36200;;SUBMISSION;VEV_5200;SEASHELLS;103;15
36200;;SUBMISSION;VEV_5300;SEASHELLS;51;15
36200;;SUBMISSION;VEV_5400;SEASHELLS;17;15
36400;;SUBMISSION;VEV_5300;SEASHELLS;51;15
36600;;SUBMISSION;VEV_5000;SEASHELLS;268;15
36600;;SUBMISSION;VEV_5200;SEASHELLS;104;15
36600;;SUBMISSION;VEV_5300;SEASHELLS;52;15
36600;;SUBMISSION;VEV_5400;SEASHELLS;17;15
36900;SUBMISSION;;VELVETFRUIT_EXTRACT;SEASHELLS;5268;50
37000;SUBMISSION;;VELVETFRUIT_EXTRACT;SEASHELLS;5267;20
37000;SUBMISSION;;VEV_5100;SEASHELLS;179;15
37000;SUBMISSION;;VEV_5200;SEASHELLS;104;15
37000;SUBMISSION;;VEV_5300;SEASHELLS;52;15
37000;SUBMISSION;;VEV_5400;SEASHELLS;17;15
37200;;SUBMISSION;VELVETFRUIT_EXTRACT;SEASHELLS;5266;70
37200;;SUBMISSION;VEV_5000;SEASHELLS;268;15
37200;;SUBMISSION;VEV_5200;SEASHELLS;104;15
37200;;SUBMISSION;VEV_5300;SEASHELLS;52;15
37200;;SUBMISSION;VEV_5400;SEASHELLS;17;15
37600;SUBMISSION;;HYDROGEL_PACK;SEASHELLS;9992;10
37600;SUBMISSION;;VELVETFRUIT_EXTRACT;SEASHELLS;5268;10
37700;SUBMISSION;;HYDROGEL_PACK;SEASHELLS;9992;10
37700;;SUBMISSION;VEV_5100;SEASHELLS;177;15
37900;SUBMISSION;;HYDROGEL_PACK;SEASHELLS;9992;10
38100;SUBMISSION;;HYDROGEL_PACK;SEASHELLS;9992;10
38200;SUBMISSION;;HYDROGEL_PACK;SEASHELLS;9992;10
38500;SUBMISSION;;HYDROGEL_PACK;SEASHELLS;9991;10
38900;;SUBMISSION;VELVETFRUIT_EXTRACT;SEASHELLS;5267;10
39700;;SUBMISSION;HYDROGEL_PACK;SEASHELLS;9985;10
39800;;SUBMISSION;HYDROGEL_PACK;SEASHELLS;9985;10
40700;SUBMISSION;;VEV_5200;SEASHELLS;98;30
40800;SUBMISSION;;VEV_5000;SEASHELLS;262;30
40800;SUBMISSION;;VEV_5100;SEASHELLS;171;30
40800;SUBMISSION;;VEV_5200;SEASHELLS;98;30
40800;SUBMISSION;;VEV_5300;SEASHELLS;48;15
40900;SUBMISSION;;VEV_5200;SEASHELLS;97;15
41000;SUBMISSION;;VEV_5100;SEASHELLS;170;30
41000;SUBMISSION;;VEV_5300;SEASHELLS;48;15
41100;SUBMISSION;;VEV_5000;SEASHELLS;261;15
41100;SUBMISSION;;VEV_5100;SEASHELLS;170;15
41100;SUBMISSION;;VEV_5200;SEASHELLS;97;15
41100;SUBMISSION;;VEV_5300;SEASHELLS;48;15
41100;SUBMISSION;;VEV_5400;SEASHELLS;15;15
41200;SUBMISSION;;VEV_4000;SEASHELLS;1263;15
41200;SUBMISSION;;VEV_5100;SEASHELLS;169;15
41200;SUBMISSION;;VEV_5300;SEASHELLS;47;15
41200;SUBMISSION;;VEV_5400;SEASHELLS;15;15
41300;SUBMISSION;;VEV_5200;SEASHELLS;97;30
41300;SUBMISSION;;VEV_5400;SEASHELLS;15;15
41400;SUBMISSION;;VEV_5000;SEASHELLS;260;15
41400;SUBMISSION;;VEV_5100;SEASHELLS;169;15
41400;SUBMISSION;;VEV_5200;SEASHELLS;97;15
41400;SUBMISSION;;VEV_5400;SEASHELLS;15;15
41500;SUBMISSION;;VELVETFRUIT_EXTRACT;SEASHELLS;5254;20
41500;SUBMISSION;;VEV_4000;SEASHELLS;1262;15
41500;SUBMISSION;;VEV_5100;SEASHELLS;168;15
41500;SUBMISSION;;VEV_5200;SEASHELLS;96;15
41500;SUBMISSION;;VEV_5300;SEASHELLS;47;15
41500;SUBMISSION;;VEV_5400;SEASHELLS;15;15
41600;SUBMISSION;;VELVETFRUIT_EXTRACT;SEASHELLS;5254;50
41600;SUBMISSION;;VEV_5000;SEASHELLS;258;30
41600;SUBMISSION;;VEV_5200;SEASHELLS;95;30
41600;SUBMISSION;;VEV_5300;SEASHELLS;47;15
41600;SUBMISSION;;VEV_5400;SEASHELLS;15;15
41700;SUBMISSION;;VELVETFRUIT_EXTRACT;SEASHELLS;5254;50
41700;SUBMISSION;;VEV_4000;SEASHELLS;1262;15
41700;SUBMISSION;;VEV_5100;SEASHELLS;168;30
41700;SUBMISSION;;VEV_5300;SEASHELLS;47;15
41700;SUBMISSION;;VEV_5400;SEASHELLS;15;15
41800;SUBMISSION;;VEV_5000;SEASHELLS;259;15
41800;SUBMISSION;;VEV_5200;SEASHELLS;96;15
41800;SUBMISSION;;VEV_5300;SEASHELLS;47;15
41800;SUBMISSION;;VEV_5400;SEASHELLS;15;15
41900;SUBMISSION;;VELVETFRUIT_EXTRACT;SEASHELLS;5253;70
42000;;SUBMISSION;HYDROGEL_PACK;SEASHELLS;9986;10
42000;SUBMISSION;;VELVETFRUIT_EXTRACT;SEASHELLS;5252;20
42000;SUBMISSION;;VEV_5100;SEASHELLS;166;15
42000;SUBMISSION;;VEV_5200;SEASHELLS;94;15
42000;SUBMISSION;;VEV_5300;SEASHELLS;46;15
42000;SUBMISSION;;VEV_5400;SEASHELLS;14;15
42100;;SUBMISSION;HYDROGEL_PACK;SEASHELLS;9989;10
42100;SUBMISSION;;VELVETFRUIT_EXTRACT;SEASHELLS;5254;50
42100;SUBMISSION;;VEV_5300;SEASHELLS;47;15
42100;SUBMISSION;;VEV_5400;SEASHELLS;15;15
42200;;SUBMISSION;HYDROGEL_PACK;SEASHELLS;9986;10
42200;SUBMISSION;;VEV_5100;SEASHELLS;169;15
42200;SUBMISSION;;VEV_5300;SEASHELLS;47;15
42200;SUBMISSION;;VEV_5400;SEASHELLS;15;15
42200;SUBMISSION;;VEV_5500;SEASHELLS;6;15
42300;;SUBMISSION;HYDROGEL_PACK;SEASHELLS;9987;10
42300;SUBMISSION;;VEV_5100;SEASHELLS;170;15
42300;SUBMISSION;;VEV_5300;SEASHELLS;48;15
42300;SUBMISSION;;VEV_5400;SEASHELLS;15;15
42300;SUBMISSION;;VEV_5500;SEASHELLS;6;15
42400;SUBMISSION;;VEV_5200;SEASHELLS;97;15
42400;SUBMISSION;;VEV_5400;SEASHELLS;15;15
42400;SUBMISSION;;VEV_5500;SEASHELLS;6;15
42500;SUBMISSION;;VEV_5100;SEASHELLS;170;30
42500;SUBMISSION;;VEV_5200;SEASHELLS;97;30
42500;SUBMISSION;;VEV_5300;SEASHELLS;48;15
42500;SUBMISSION;;VEV_5400;SEASHELLS;15;15
42500;SUBMISSION;;VEV_5500;SEASHELLS;6;15
42600;SUBMISSION;;VEV_5000;SEASHELLS;261;30
42600;SUBMISSION;;VEV_5100;SEASHELLS;170;30
42600;SUBMISSION;;VEV_5300;SEASHELLS;48;15
42600;SUBMISSION;;VEV_5400;SEASHELLS;15;15
42600;SUBMISSION;;VEV_5500;SEASHELLS;6;15
42700;SUBMISSION;;VEV_4000;SEASHELLS;1263;15
42700;SUBMISSION;;VEV_5000;SEASHELLS;260;15
42700;SUBMISSION;;VEV_5100;SEASHELLS;169;15
42700;SUBMISSION;;VEV_5200;SEASHELLS;97;15
42700;SUBMISSION;;VEV_5300;SEASHELLS;47;15
42700;SUBMISSION;;VEV_5400;SEASHELLS;15;15
42700;SUBMISSION;;VEV_5500;SEASHELLS;6;15
42800;SUBMISSION;;VEV_5000;SEASHELLS;260;30
42800;SUBMISSION;;VEV_5100;SEASHELLS;169;30
42800;SUBMISSION;;VEV_5200;SEASHELLS;97;30
42800;SUBMISSION;;VEV_5300;SEASHELLS;47;15
42800;SUBMISSION;;VEV_5400;SEASHELLS;15;15
42800;SUBMISSION;;VEV_5500;SEASHELLS;6;15
42900;SUBMISSION;;VEV_5400;SEASHELLS;15;15
42900;SUBMISSION;;VEV_5500;SEASHELLS;6;15
43000;SUBMISSION;;VEV_4000;SEASHELLS;1263;15
43000;SUBMISSION;;VEV_5000;SEASHELLS;260;15
43000;SUBMISSION;;VEV_5100;SEASHELLS;169;15
43000;SUBMISSION;;VEV_5300;SEASHELLS;47;15
43000;SUBMISSION;;VEV_5400;SEASHELLS;15;15
43000;SUBMISSION;;VEV_5500;SEASHELLS;6;15
43100;SUBMISSION;;VEV_5000;SEASHELLS;260;15
43100;SUBMISSION;;VEV_5100;SEASHELLS;169;15
43100;SUBMISSION;;VEV_5200;SEASHELLS;97;15
43100;SUBMISSION;;VEV_5300;SEASHELLS;47;15
43100;SUBMISSION;;VEV_5400;SEASHELLS;15;15
43100;SUBMISSION;;VEV_5500;SEASHELLS;6;15
43200;SUBMISSION;;VEV_5000;SEASHELLS;260;15
43200;SUBMISSION;;VEV_5100;SEASHELLS;169;15
43200;SUBMISSION;;VEV_5200;SEASHELLS;97;15
43200;SUBMISSION;;VEV_5300;SEASHELLS;47;15
43200;SUBMISSION;;VEV_5400;SEASHELLS;15;15
43200;SUBMISSION;;VEV_5500;SEASHELLS;6;15
43300;SUBMISSION;;VEV_5000;SEASHELLS;260;15
43300;SUBMISSION;;VEV_5100;SEASHELLS;169;15
43300;SUBMISSION;;VEV_5300;SEASHELLS;47;15
43300;SUBMISSION;;VEV_5400;SEASHELLS;15;15
43300;SUBMISSION;;VEV_5500;SEASHELLS;6;15
43400;SUBMISSION;;VEV_5100;SEASHELLS;170;30
43400;SUBMISSION;;VEV_5200;SEASHELLS;97;30
43400;SUBMISSION;;VEV_5300;SEASHELLS;48;15
43400;SUBMISSION;;VEV_5400;SEASHELLS;15;15
43400;SUBMISSION;;VEV_5500;SEASHELLS;6;15
43500;SUBMISSION;;VELVETFRUIT_EXTRACT;SEASHELLS;5255;40
43500;SUBMISSION;;VEV_5000;SEASHELLS;259;15
43500;SUBMISSION;;VEV_5200;SEASHELLS;96;15
43500;SUBMISSION;;VEV_5300;SEASHELLS;47;15
43500;SUBMISSION;;VEV_5400;SEASHELLS;15;15
43500;SUBMISSION;;VEV_5500;SEASHELLS;6;15
43600;SUBMISSION;;VEV_5100;SEASHELLS;169;30
43600;SUBMISSION;;VEV_5200;SEASHELLS;96;30
43600;SUBMISSION;;VEV_5300;SEASHELLS;47;15
43600;SUBMISSION;;VEV_5400;SEASHELLS;15;15
43600;SUBMISSION;;VEV_5500;SEASHELLS;6;15
43700;SUBMISSION;;VELVETFRUIT_EXTRACT;SEASHELLS;5254;20
43700;SUBMISSION;;VEV_5100;SEASHELLS;168;15
43700;SUBMISSION;;VEV_5200;SEASHELLS;96;15
43700;SUBMISSION;;VEV_5300;SEASHELLS;47;15
43700;SUBMISSION;;VEV_5400;SEASHELLS;15;15
43700;SUBMISSION;;VEV_5500;SEASHELLS;6;15
43800;SUBMISSION;;VELVETFRUIT_EXTRACT;SEASHELLS;5253;50
43800;SUBMISSION;;VEV_5100;SEASHELLS;167;15
43800;SUBMISSION;;VEV_5200;SEASHELLS;95;15
43800;SUBMISSION;;VEV_5300;SEASHELLS;46;15
43800;SUBMISSION;;VEV_5500;SEASHELLS;6;15
43900;SUBMISSION;;VELVETFRUIT_EXTRACT;SEASHELLS;5253;10
43900;SUBMISSION;;VEV_4000;SEASHELLS;1261;15
43900;SUBMISSION;;VEV_5000;SEASHELLS;258;15
43900;SUBMISSION;;VEV_5200;SEASHELLS;95;15
43900;SUBMISSION;;VEV_5400;SEASHELLS;15;15
43900;SUBMISSION;;VEV_5500;SEASHELLS;6;15
44000;SUBMISSION;;VELVETFRUIT_EXTRACT;SEASHELLS;5254;20
44000;SUBMISSION;;VEV_5100;SEASHELLS;168;30
44000;SUBMISSION;;VEV_5300;SEASHELLS;47;15
44000;SUBMISSION;;VEV_5400;SEASHELLS;15;15
44000;SUBMISSION;;VEV_5500;SEASHELLS;6;15
44100;SUBMISSION;;VEV_5000;SEASHELLS;260;15
44100;SUBMISSION;;VEV_5100;SEASHELLS;169;15
44100;SUBMISSION;;VEV_5300;SEASHELLS;47;30
44100;SUBMISSION;;VEV_5400;SEASHELLS;15;30
44100;SUBMISSION;;VEV_5500;SEASHELLS;6;30
44200;SUBMISSION;;VEV_5000;SEASHELLS;261;15
44200;SUBMISSION;;VEV_5100;SEASHELLS;170;15
44200;SUBMISSION;;VEV_5200;SEASHELLS;97;15
44200;SUBMISSION;;VEV_5300;SEASHELLS;48;15
44200;SUBMISSION;;VEV_5400;SEASHELLS;15;15
44200;SUBMISSION;;VEV_5500;SEASHELLS;6;15
44300;SUBMISSION;;VEV_5000;SEASHELLS;261;30
44300;SUBMISSION;;VEV_5100;SEASHELLS;170;30
44300;SUBMISSION;;VEV_5300;SEASHELLS;48;15
44300;SUBMISSION;;VEV_5400;SEASHELLS;15;15
44300;SUBMISSION;;VEV_5500;SEASHELLS;6;15
44400;SUBMISSION;;VEV_5000;SEASHELLS;262;15
44400;SUBMISSION;;VEV_5100;SEASHELLS;171;15
44400;SUBMISSION;;VEV_5200;SEASHELLS;98;15
44400;SUBMISSION;;VEV_5300;SEASHELLS;48;15
44400;SUBMISSION;;VEV_5400;SEASHELLS;15;15
44400;SUBMISSION;;VEV_5500;SEASHELLS;6;15
44500;SUBMISSION;;VEV_5500;SEASHELLS;6;15
44600;SUBMISSION;;VEV_5500;SEASHELLS;6;15
44800;;SUBMISSION;VELVETFRUIT_EXTRACT;SEASHELLS;5255;60
44800;;SUBMISSION;VEV_5200;SEASHELLS;97;15
44900;;SUBMISSION;VEV_5200;SEASHELLS;97;15
44900;;SUBMISSION;VEV_5400;SEASHELLS;15;15
45000;;SUBMISSION;VELVETFRUIT_EXTRACT;SEASHELLS;5256;20
45000;;SUBMISSION;VEV_5100;SEASHELLS;169;30
45000;;SUBMISSION;VEV_5200;SEASHELLS;97;30
45000;;SUBMISSION;VEV_5400;SEASHELLS;15;15
45200;SUBMISSION;;VEV_5500;SEASHELLS;6;15
45300;SUBMISSION;;VEV_5300;SEASHELLS;48;30
45300;SUBMISSION;;VEV_5400;SEASHELLS;15;30
45300;SUBMISSION;;VEV_5500;SEASHELLS;6;30
45400;SUBMISSION;;VELVETFRUIT_EXTRACT;SEASHELLS;5258;60
45400;SUBMISSION;;VEV_5100;SEASHELLS;171;15
45400;SUBMISSION;;VEV_5200;SEASHELLS;98;15
45400;SUBMISSION;;VEV_5300;SEASHELLS;48;15
45400;SUBMISSION;;VEV_5400;SEASHELLS;15;15
45400;SUBMISSION;;VEV_5500;SEASHELLS;6;15
45500;SUBMISSION;;VEV_5500;SEASHELLS;6;15
45600;SUBMISSION;;VEV_5500;SEASHELLS;6;15
45700;SUBMISSION;;VEV_5200;SEASHELLS;98;30
45700;SUBMISSION;;VEV_5300;SEASHELLS;48;15
45700;SUBMISSION;;VEV_5400;SEASHELLS;15;15
45700;SUBMISSION;;VEV_5500;SEASHELLS;6;15
45800;SUBMISSION;;VEV_5100;SEASHELLS;171;30
45800;SUBMISSION;;VEV_5200;SEASHELLS;98;30
45800;SUBMISSION;;VEV_5300;SEASHELLS;48;15
45800;SUBMISSION;;VEV_5400;SEASHELLS;15;15
45800;SUBMISSION;;VEV_5500;SEASHELLS;6;15
45900;SUBMISSION;;VEV_5200;SEASHELLS;98;15
45900;SUBMISSION;;VEV_5300;SEASHELLS;48;15
45900;SUBMISSION;;VEV_5400;SEASHELLS;15;15
45900;SUBMISSION;;VEV_5500;SEASHELLS;6;15
46000;SUBMISSION;;VEV_5100;SEASHELLS;171;15
46000;SUBMISSION;;VEV_5200;SEASHELLS;98;15
46000;SUBMISSION;;VEV_5300;SEASHELLS;48;15
46000;SUBMISSION;;VEV_5400;SEASHELLS;15;15
46000;SUBMISSION;;VEV_5500;SEASHELLS;6;15
46100;SUBMISSION;;VELVETFRUIT_EXTRACT;SEASHELLS;5257;20
46100;SUBMISSION;;VEV_5100;SEASHELLS;171;15
46100;SUBMISSION;;VEV_5200;SEASHELLS;98;15
46100;SUBMISSION;;VEV_5300;SEASHELLS;48;15
46100;SUBMISSION;;VEV_5400;SEASHELLS;15;15
46100;SUBMISSION;;VEV_5500;SEASHELLS;6;15
46200;SUBMISSION;;VEV_5200;SEASHELLS;98;15
46200;SUBMISSION;;VEV_5300;SEASHELLS;48;15
46200;SUBMISSION;;VEV_5400;SEASHELLS;15;15
46200;SUBMISSION;;VEV_5500;SEASHELLS;6;15
46300;SUBMISSION;;VEV_5500;SEASHELLS;6;15
46500;SUBMISSION;;VEV_5500;SEASHELLS;6;15
46800;;SUBMISSION;VEV_5200;SEASHELLS;97;15
46900;;SUBMISSION;VEV_5200;SEASHELLS;97;15
47000;;SUBMISSION;VEV_5100;SEASHELLS;169;15
47000;;SUBMISSION;VEV_5200;SEASHELLS;97;15
47100;;SUBMISSION;VEV_5000;SEASHELLS;259;30
47100;;SUBMISSION;VEV_5200;SEASHELLS;97;15
47100;;SUBMISSION;VEV_5300;SEASHELLS;47;15
47100;;SUBMISSION;VEV_5400;SEASHELLS;15;15
47200;;SUBMISSION;VELVETFRUIT_EXTRACT;SEASHELLS;5259;10
47200;;SUBMISSION;VEV_5000;SEASHELLS;259;30
47200;;SUBMISSION;VEV_5400;SEASHELLS;15;15
47400;;SUBMISSION;VEV_5300;SEASHELLS;47;15
47400;;SUBMISSION;VEV_5400;SEASHELLS;15;15
47500;;SUBMISSION;VEV_5100;SEASHELLS;170;15
47500;;SUBMISSION;VEV_5200;SEASHELLS;98;15
47500;;SUBMISSION;VEV_5300;SEASHELLS;48;15
47500;;SUBMISSION;VEV_5400;SEASHELLS;15;15
47500;;SUBMISSION;VEV_5500;SEASHELLS;6;15
47600;;SUBMISSION;VEV_5100;SEASHELLS;170;15
47600;;SUBMISSION;VEV_5200;SEASHELLS;98;15
47600;;SUBMISSION;VEV_5300;SEASHELLS;48;15
47600;;SUBMISSION;VEV_5400;SEASHELLS;15;15
47600;;SUBMISSION;VEV_5500;SEASHELLS;6;15
47700;;SUBMISSION;VEV_5000;SEASHELLS;259;15
47700;;SUBMISSION;VEV_5300;SEASHELLS;47;15
47700;;SUBMISSION;VEV_5400;SEASHELLS;15;15
47800;;SUBMISSION;VEV_5100;SEASHELLS;169;15
47900;;SUBMISSION;VEV_5100;SEASHELLS;169;15
48000;;SUBMISSION;VEV_5100;SEASHELLS;170;15
48000;;SUBMISSION;VEV_5400;SEASHELLS;15;15
48000;;SUBMISSION;VEV_5500;SEASHELLS;6;15
48200;;SUBMISSION;VEV_5100;SEASHELLS;170;15
48200;;SUBMISSION;VEV_5300;SEASHELLS;48;15
48200;;SUBMISSION;VEV_5400;SEASHELLS;15;15
48200;;SUBMISSION;VEV_5500;SEASHELLS;6;15
48300;;SUBMISSION;VEV_5300;SEASHELLS;47;15
48400;;SUBMISSION;VEV_5100;SEASHELLS;169;15
48500;;SUBMISSION;VEV_5000;SEASHELLS;259;15
48500;;SUBMISSION;VEV_5100;SEASHELLS;170;15
48500;;SUBMISSION;VEV_5300;SEASHELLS;47;15
48600;;SUBMISSION;VEV_5000;SEASHELLS;259;15
48600;;SUBMISSION;VEV_5100;SEASHELLS;170;15
48600;;SUBMISSION;VEV_5300;SEASHELLS;47;15
48600;;SUBMISSION;VEV_5400;SEASHELLS;15;15
48700;;SUBMISSION;VEV_5000;SEASHELLS;259;15
48700;;SUBMISSION;VEV_5300;SEASHELLS;47;15
48800;;SUBMISSION;VEV_5100;SEASHELLS;169;30
49000;SUBMISSION;;VELVETFRUIT_EXTRACT;SEASHELLS;5257;10
49100;;SUBMISSION;VEV_5100;SEASHELLS;169;15
49300;;SUBMISSION;VEV_5100;SEASHELLS;169;15
49400;;SUBMISSION;VEV_5100;SEASHELLS;170;30
49400;;SUBMISSION;VEV_5200;SEASHELLS;98;30
49400;;SUBMISSION;VEV_5300;SEASHELLS;48;15
49400;;SUBMISSION;VEV_5400;SEASHELLS;15;15
49400;;SUBMISSION;VEV_5500;SEASHELLS;6;15
49600;;SUBMISSION;VEV_5100;SEASHELLS;169;15
49700;;SUBMISSION;VEV_5000;SEASHELLS;259;15
49900;;SUBMISSION;VEV_5200;SEASHELLS;98;15
49900;;SUBMISSION;VEV_5300;SEASHELLS;48;15
49900;;SUBMISSION;VEV_5400;SEASHELLS;15;15
49900;;SUBMISSION;VEV_5500;SEASHELLS;6;15
50000;;SUBMISSION;VEV_5200;SEASHELLS;98;15
50000;;SUBMISSION;VEV_5300;SEASHELLS;48;15
50000;;SUBMISSION;VEV_5400;SEASHELLS;15;15
50000;;SUBMISSION;VEV_5500;SEASHELLS;6;15
50100;;SUBMISSION;VEV_5100;SEASHELLS;171;15
50100;;SUBMISSION;VEV_5300;SEASHELLS;48;15
50100;;SUBMISSION;VEV_5400;SEASHELLS;15;15
50100;;SUBMISSION;VEV_5500;SEASHELLS;6;15
50200;;SUBMISSION;VEV_5000;SEASHELLS;259;15
50400;;SUBMISSION;VEV_5000;SEASHELLS;260;15
50400;;SUBMISSION;VEV_5200;SEASHELLS;98;15
50400;;SUBMISSION;VEV_5300;SEASHELLS;48;15
50400;;SUBMISSION;VEV_5400;SEASHELLS;15;15
50400;;SUBMISSION;VEV_5500;SEASHELLS;6;15
50500;;SUBMISSION;VEV_5100;SEASHELLS;170;15
50500;;SUBMISSION;VEV_5200;SEASHELLS;98;15
50500;;SUBMISSION;VEV_5400;SEASHELLS;15;15
50500;;SUBMISSION;VEV_5500;SEASHELLS;6;15
50600;;SUBMISSION;VEV_5000;SEASHELLS;261;15
50600;;SUBMISSION;VEV_5200;SEASHELLS;99;15
50600;;SUBMISSION;VEV_5300;SEASHELLS;48;15
50600;;SUBMISSION;VEV_5400;SEASHELLS;15;15
50600;;SUBMISSION;VEV_5500;SEASHELLS;6;15
50700;;SUBMISSION;VEV_5200;SEASHELLS;99;15
50700;;SUBMISSION;VEV_5300;SEASHELLS;48;15
50700;;SUBMISSION;VEV_5400;SEASHELLS;15;15
50700;;SUBMISSION;VEV_5500;SEASHELLS;6;15
50800;;SUBMISSION;VELVETFRUIT_EXTRACT;SEASHELLS;5261;40
50800;;SUBMISSION;VEV_5300;SEASHELLS;49;15
50800;;SUBMISSION;VEV_5400;SEASHELLS;15;15
50800;;SUBMISSION;VEV_5500;SEASHELLS;6;15
50900;;SUBMISSION;VELVETFRUIT_EXTRACT;SEASHELLS;5263;10
50900;;SUBMISSION;VEV_5200;SEASHELLS;101;15
50900;;SUBMISSION;VEV_5300;SEASHELLS;50;15
50900;;SUBMISSION;VEV_5400;SEASHELLS;16;15
50900;;SUBMISSION;VEV_5500;SEASHELLS;6;15
51000;SUBMISSION;;HYDROGEL_PACK;SEASHELLS;9952;10
51000;;SUBMISSION;VELVETFRUIT_EXTRACT;SEASHELLS;5261;50
51000;;SUBMISSION;VEV_5300;SEASHELLS;49;15
51000;;SUBMISSION;VEV_5400;SEASHELLS;15;15
51000;;SUBMISSION;VEV_5500;SEASHELLS;6;15
51100;;SUBMISSION;VELVETFRUIT_EXTRACT;SEASHELLS;5261;50
51100;;SUBMISSION;VEV_5300;SEASHELLS;49;15
51100;;SUBMISSION;VEV_5400;SEASHELLS;15;15
51100;;SUBMISSION;VEV_5500;SEASHELLS;6;15
51200;;SUBMISSION;VELVETFRUIT_EXTRACT;SEASHELLS;5260;50
51200;;SUBMISSION;VEV_5100;SEASHELLS;173;15
51200;;SUBMISSION;VEV_5200;SEASHELLS;100;15
51200;;SUBMISSION;VEV_5300;SEASHELLS;49;15
51200;;SUBMISSION;VEV_5400;SEASHELLS;15;15
51200;;SUBMISSION;VEV_5500;SEASHELLS;6;15
51300;SUBMISSION;;HYDROGEL_PACK;SEASHELLS;9951;10
51300;;SUBMISSION;VELVETFRUIT_EXTRACT;SEASHELLS;5262;10
51300;;SUBMISSION;VEV_5000;SEASHELLS;264;15
51300;;SUBMISSION;VEV_5100;SEASHELLS;174;15
51300;;SUBMISSION;VEV_5200;SEASHELLS;101;15
51300;;SUBMISSION;VEV_5300;SEASHELLS;49;15
51300;;SUBMISSION;VEV_5400;SEASHELLS;15;15
51300;;SUBMISSION;VEV_5500;SEASHELLS;6;15
51400;SUBMISSION;;HYDROGEL_PACK;SEASHELLS;9949;10
51400;;SUBMISSION;VELVETFRUIT_EXTRACT;SEASHELLS;5262;20
51400;;SUBMISSION;VEV_5100;SEASHELLS;174;15
51400;;SUBMISSION;VEV_5200;SEASHELLS;101;15
51400;;SUBMISSION;VEV_5300;SEASHELLS;49;15
51400;;SUBMISSION;VEV_5400;SEASHELLS;15;15
51400;;SUBMISSION;VEV_5500;SEASHELLS;6;15
51500;SUBMISSION;;HYDROGEL_PACK;SEASHELLS;9950;10
51500;;SUBMISSION;VELVETFRUIT_EXTRACT;SEASHELLS;5260;50
51500;;SUBMISSION;VEV_5200;SEASHELLS;100;15
51500;;SUBMISSION;VEV_5300;SEASHELLS;49;15
51500;;SUBMISSION;VEV_5400;SEASHELLS;15;15
51500;;SUBMISSION;VEV_5500;SEASHELLS;6;15
51600;SUBMISSION;;HYDROGEL_PACK;SEASHELLS;9952;10
51600;;SUBMISSION;VELVETFRUIT_EXTRACT;SEASHELLS;5262;10
51600;;SUBMISSION;VEV_5100;SEASHELLS;174;15
51600;;SUBMISSION;VEV_5200;SEASHELLS;101;15
51600;;SUBMISSION;VEV_5300;SEASHELLS;49;15
51600;;SUBMISSION;VEV_5400;SEASHELLS;15;15
51600;;SUBMISSION;VEV_5500;SEASHELLS;6;15
51700;SUBMISSION;;HYDROGEL_PACK;SEASHELLS;9953;10
51700;;SUBMISSION;VELVETFRUIT_EXTRACT;SEASHELLS;5260;10
51700;;SUBMISSION;VEV_5000;SEASHELLS;262;15
51700;;SUBMISSION;VEV_5400;SEASHELLS;15;15
51700;;SUBMISSION;VEV_5500;SEASHELLS;6;15
51800;SUBMISSION;;HYDROGEL_PACK;SEASHELLS;9953;10
51800;;SUBMISSION;VELVETFRUIT_EXTRACT;SEASHELLS;5260;10
51800;;SUBMISSION;VEV_5400;SEASHELLS;15;15
51800;;SUBMISSION;VEV_5500;SEASHELLS;6;15
51900;SUBMISSION;;HYDROGEL_PACK;SEASHELLS;9954;10
51900;;SUBMISSION;VEV_5200;SEASHELLS;99;15
51900;;SUBMISSION;VEV_5300;SEASHELLS;48;15
51900;;SUBMISSION;VEV_5400;SEASHELLS;15;15
51900;;SUBMISSION;VEV_5500;SEASHELLS;6;15
52000;;SUBMISSION;VEV_5000;SEASHELLS;261;15
52000;;SUBMISSION;VEV_5200;SEASHELLS;99;15
52000;;SUBMISSION;VEV_5300;SEASHELLS;48;15
52000;;SUBMISSION;VEV_5400;SEASHELLS;15;15
52000;;SUBMISSION;VEV_5500;SEASHELLS;6;15
52100;;SUBMISSION;VELVETFRUIT_EXTRACT;SEASHELLS;5260;10
52100;;SUBMISSION;VEV_5000;SEASHELLS;262;15
52100;;SUBMISSION;VEV_5100;SEASHELLS;172;15
52100;;SUBMISSION;VEV_5400;SEASHELLS;15;15
52100;;SUBMISSION;VEV_5500;SEASHELLS;6;15
52200;SUBMISSION;;HYDROGEL_PACK;SEASHELLS;9953;10
52200;;SUBMISSION;VEV_5100;SEASHELLS;172;15
52200;;SUBMISSION;VEV_5200;SEASHELLS;99;15
52200;;SUBMISSION;VEV_5300;SEASHELLS;48;15
52200;;SUBMISSION;VEV_5400;SEASHELLS;15;15
52200;;SUBMISSION;VEV_5500;SEASHELLS;6;15
52300;SUBMISSION;;HYDROGEL_PACK;SEASHELLS;9954;10
52300;;SUBMISSION;VELVETFRUIT_EXTRACT;SEASHELLS;5260;20
52300;;SUBMISSION;VEV_5000;SEASHELLS;262;30
52300;;SUBMISSION;VEV_5100;SEASHELLS;172;30
52300;;SUBMISSION;VEV_5300;SEASHELLS;48;15
52300;;SUBMISSION;VEV_5400;SEASHELLS;15;15
52300;;SUBMISSION;VEV_5500;SEASHELLS;6;15
52400;SUBMISSION;;HYDROGEL_PACK;SEASHELLS;9954;10
52400;;SUBMISSION;VELVETFRUIT_EXTRACT;SEASHELLS;5259;50
52400;;SUBMISSION;VEV_5100;SEASHELLS;172;30
52400;;SUBMISSION;VEV_5200;SEASHELLS;99;30
52400;;SUBMISSION;VEV_5300;SEASHELLS;48;15
52400;;SUBMISSION;VEV_5400;SEASHELLS;15;15
52400;;SUBMISSION;VEV_5500;SEASHELLS;6;15
52500;;SUBMISSION;VEV_5100;SEASHELLS;171;15
52500;;SUBMISSION;VEV_5200;SEASHELLS;98;15
52500;;SUBMISSION;VEV_5300;SEASHELLS;48;15
52500;;SUBMISSION;VEV_5400;SEASHELLS;15;15
52500;;SUBMISSION;VEV_5500;SEASHELLS;6;15
52600;;SUBMISSION;VEV_5000;SEASHELLS;260;15
52600;;SUBMISSION;VEV_5200;SEASHELLS;98;15
52600;;SUBMISSION;VEV_5400;SEASHELLS;15;15
52600;;SUBMISSION;VEV_5500;SEASHELLS;6;15
52700;;SUBMISSION;VEV_5100;SEASHELLS;170;15
52700;;SUBMISSION;VEV_5200;SEASHELLS;98;15
52700;;SUBMISSION;VEV_5500;SEASHELLS;6;15
52800;;SUBMISSION;VEV_5100;SEASHELLS;170;15
52800;;SUBMISSION;VEV_5200;SEASHELLS;98;15
52800;;SUBMISSION;VEV_5500;SEASHELLS;6;30
52900;SUBMISSION;;HYDROGEL_PACK;SEASHELLS;9953;10
52900;;SUBMISSION;VELVETFRUIT_EXTRACT;SEASHELLS;5260;10
52900;;SUBMISSION;VEV_5100;SEASHELLS;170;15
52900;;SUBMISSION;VEV_5200;SEASHELLS;98;15
52900;;SUBMISSION;VEV_5500;SEASHELLS;6;15
53000;SUBMISSION;;HYDROGEL_PACK;SEASHELLS;9949;10
53000;SUBMISSION;;VELVETFRUIT_EXTRACT;SEASHELLS;5261;20
53000;;SUBMISSION;VEV_5500;SEASHELLS;6;15
53100;SUBMISSION;;HYDROGEL_PACK;SEASHELLS;9948;10
53100;;SUBMISSION;VEV_5200;SEASHELLS;98;15
53100;;SUBMISSION;VEV_5300;SEASHELLS;48;15
53100;;SUBMISSION;VEV_5400;SEASHELLS;15;15
53100;;SUBMISSION;VEV_5500;SEASHELLS;6;15
53200;SUBMISSION;;HYDROGEL_PACK;SEASHELLS;9948;10
53200;;SUBMISSION;VELVETFRUIT_EXTRACT;SEASHELLS;5259;20
53200;;SUBMISSION;VEV_5000;SEASHELLS;261;30
53200;;SUBMISSION;VEV_5200;SEASHELLS;99;30
53200;;SUBMISSION;VEV_5300;SEASHELLS;48;15
53200;;SUBMISSION;VEV_5400;SEASHELLS;15;15
53200;;SUBMISSION;VEV_5500;SEASHELLS;6;15
53300;SUBMISSION;;HYDROGEL_PACK;SEASHELLS;9946;10
53300;;SUBMISSION;VEV_5100;SEASHELLS;172;15
53300;;SUBMISSION;VEV_5200;SEASHELLS;99;15
53300;;SUBMISSION;VEV_5300;SEASHELLS;48;15
53300;;SUBMISSION;VEV_5400;SEASHELLS;15;15
53300;;SUBMISSION;VEV_5500;SEASHELLS;6;15
53400;SUBMISSION;;HYDROGEL_PACK;SEASHELLS;9946;10
53400;;SUBMISSION;VEV_5200;SEASHELLS;99;15
53400;;SUBMISSION;VEV_5300;SEASHELLS;48;15
53400;;SUBMISSION;VEV_5400;SEASHELLS;15;15
53400;;SUBMISSION;VEV_5500;SEASHELLS;6;15
53500;SUBMISSION;;HYDROGEL_PACK;SEASHELLS;9946;10
53500;;SUBMISSION;VEV_5100;SEASHELLS;171;15
53500;;SUBMISSION;VEV_5300;SEASHELLS;48;15
53600;SUBMISSION;;HYDROGEL_PACK;SEASHELLS;9947;10
53600;;SUBMISSION;VEV_5100;SEASHELLS;170;15
53600;;SUBMISSION;VEV_5200;SEASHELLS;98;15
53700;SUBMISSION;;HYDROGEL_PACK;SEASHELLS;9949;10
53900;SUBMISSION;;HYDROGEL_PACK;SEASHELLS;9949;10
54000;SUBMISSION;;HYDROGEL_PACK;SEASHELLS;9950;10
54000;SUBMISSION;;VELVETFRUIT_EXTRACT;SEASHELLS;5259;20
54100;SUBMISSION;;HYDROGEL_PACK;SEASHELLS;9949;10
54100;;SUBMISSION;VEV_5100;SEASHELLS;169;15
54200;SUBMISSION;;HYDROGEL_PACK;SEASHELLS;9948;10
54200;;SUBMISSION;VEV_5100;SEASHELLS;170;15
54200;;SUBMISSION;VEV_5200;SEASHELLS;98;15
54300;SUBMISSION;;HYDROGEL_PACK;SEASHELLS;9946;10
54300;;SUBMISSION;VEV_5000;SEASHELLS;259;15
54400;SUBMISSION;;HYDROGEL_PACK;SEASHELLS;9946;10
54400;;SUBMISSION;VEV_5000;SEASHELLS;259;15
54500;SUBMISSION;;HYDROGEL_PACK;SEASHELLS;9948;10
54500;;SUBMISSION;VEV_5100;SEASHELLS;171;15
54500;;SUBMISSION;VEV_5300;SEASHELLS;48;30
54600;SUBMISSION;;HYDROGEL_PACK;SEASHELLS;9947;10
54600;;SUBMISSION;VELVETFRUIT_EXTRACT;SEASHELLS;5258;20
54600;;SUBMISSION;VEV_5300;SEASHELLS;48;15
54700;SUBMISSION;;HYDROGEL_PACK;SEASHELLS;9950;10
54700;;SUBMISSION;VEV_5100;SEASHELLS;169;15
54800;SUBMISSION;;HYDROGEL_PACK;SEASHELLS;9949;10
54900;SUBMISSION;;HYDROGEL_PACK;SEASHELLS;9952;10
55000;SUBMISSION;;HYDROGEL_PACK;SEASHELLS;9953;10
55100;SUBMISSION;;HYDROGEL_PACK;SEASHELLS;9950;10
55200;SUBMISSION;;HYDROGEL_PACK;SEASHELLS;9950;10
55300;SUBMISSION;;HYDROGEL_PACK;SEASHELLS;9952;10
55400;SUBMISSION;;HYDROGEL_PACK;SEASHELLS;9952;10
55500;SUBMISSION;;HYDROGEL_PACK;SEASHELLS;9952;10
56300;SUBMISSION;;VEV_4000;SEASHELLS;1262;15
56600;SUBMISSION;;VEV_4000;SEASHELLS;1262;15
56600;SUBMISSION;;VEV_5000;SEASHELLS;259;30
56700;SUBMISSION;;VELVETFRUIT_EXTRACT;SEASHELLS;5254;10
56700;SUBMISSION;;VEV_5000;SEASHELLS;258;15
56800;;SUBMISSION;VELVETFRUIT_EXTRACT;SEASHELLS;5252;10
56800;SUBMISSION;;VEV_5000;SEASHELLS;259;15
56900;SUBMISSION;;VEV_4000;SEASHELLS;1263;15
57000;SUBMISSION;;HYDROGEL_PACK;SEASHELLS;9954;10
57000;SUBMISSION;;VEV_5000;SEASHELLS;258;30
57100;SUBMISSION;;VEV_4000;SEASHELLS;1260;15
57300;SUBMISSION;;VEV_5000;SEASHELLS;256;30
57500;SUBMISSION;;VEV_5100;SEASHELLS;166;15
57600;SUBMISSION;;HYDROGEL_PACK;SEASHELLS;9954;10
57700;SUBMISSION;;HYDROGEL_PACK;SEASHELLS;9954;10
57900;SUBMISSION;;VEV_4000;SEASHELLS;1259;15
58000;SUBMISSION;;VEV_5000;SEASHELLS;255;15
58000;SUBMISSION;;VEV_5100;SEASHELLS;165;15
58000;SUBMISSION;;VEV_5400;SEASHELLS;14;15
58100;SUBMISSION;;VEV_5000;SEASHELLS;256;15
58200;SUBMISSION;;VEV_5000;SEASHELLS;257;15
58200;SUBMISSION;;VEV_5100;SEASHELLS;167;15
58400;SUBMISSION;;VEV_5200;SEASHELLS;93;15
58400;SUBMISSION;;VEV_5400;SEASHELLS;14;15
58500;SUBMISSION;;VEV_4000;SEASHELLS;1258;15
58500;SUBMISSION;;VEV_5200;SEASHELLS;93;15
58500;SUBMISSION;;VEV_5300;SEASHELLS;45;15
58500;SUBMISSION;;VEV_5400;SEASHELLS;14;15
58600;SUBMISSION;;VEV_5200;SEASHELLS;93;15
58600;SUBMISSION;;VEV_5300;SEASHELLS;45;15
58600;SUBMISSION;;VEV_5400;SEASHELLS;14;15
58700;SUBMISSION;;VEV_5100;SEASHELLS;163;15
58700;SUBMISSION;;VEV_5200;SEASHELLS;92;15
58700;SUBMISSION;;VEV_5300;SEASHELLS;44;15
58700;SUBMISSION;;VEV_5400;SEASHELLS;13;15
58800;SUBMISSION;;VEV_5100;SEASHELLS;161;15
58800;SUBMISSION;;VEV_5200;SEASHELLS;91;15
58800;SUBMISSION;;VEV_5300;SEASHELLS;43;15
58800;SUBMISSION;;VEV_5400;SEASHELLS;13;15
58800;SUBMISSION;;VEV_5500;SEASHELLS;5;15
58900;SUBMISSION;;VEV_5000;SEASHELLS;250;30
58900;SUBMISSION;;VEV_5200;SEASHELLS;90;30
58900;SUBMISSION;;VEV_5300;SEASHELLS;43;15
58900;SUBMISSION;;VEV_5400;SEASHELLS;13;15
58900;SUBMISSION;;VEV_5500;SEASHELLS;5;15
59000;SUBMISSION;;VEV_5100;SEASHELLS;161;15
59000;SUBMISSION;;VEV_5300;SEASHELLS;43;15
59000;SUBMISSION;;VEV_5400;SEASHELLS;13;15
59000;SUBMISSION;;VEV_5500;SEASHELLS;5;15
59100;SUBMISSION;;VELVETFRUIT_EXTRACT;SEASHELLS;5245;50
59100;SUBMISSION;;VEV_5100;SEASHELLS;160;15
59100;SUBMISSION;;VEV_5200;SEASHELLS;90;15
59100;SUBMISSION;;VEV_5300;SEASHELLS;43;15
59100;SUBMISSION;;VEV_5400;SEASHELLS;13;15
59100;SUBMISSION;;VEV_5500;SEASHELLS;5;15
59200;SUBMISSION;;VELVETFRUIT_EXTRACT;SEASHELLS;5244;60
59200;SUBMISSION;;VEV_5400;SEASHELLS;13;15
59200;SUBMISSION;;VEV_5500;SEASHELLS;5;15
59300;SUBMISSION;;VEV_5100;SEASHELLS;161;30
59300;SUBMISSION;;VEV_5300;SEASHELLS;43;15
59300;SUBMISSION;;VEV_5400;SEASHELLS;13;15
59300;SUBMISSION;;VEV_5500;SEASHELLS;5;15
59400;SUBMISSION;;VELVETFRUIT_EXTRACT;SEASHELLS;5245;10
59400;SUBMISSION;;VEV_5000;SEASHELLS;250;15
59400;SUBMISSION;;VEV_5200;SEASHELLS;90;15
59400;SUBMISSION;;VEV_5300;SEASHELLS;43;15
59400;SUBMISSION;;VEV_5400;SEASHELLS;13;15
59400;SUBMISSION;;VEV_5500;SEASHELLS;5;15
59500;SUBMISSION;;VELVETFRUIT_EXTRACT;SEASHELLS;5244;20
59500;SUBMISSION;;VEV_5000;SEASHELLS;249;15
59500;SUBMISSION;;VEV_5300;SEASHELLS;43;15
59500;SUBMISSION;;VEV_5400;SEASHELLS;13;15
59500;SUBMISSION;;VEV_5500;SEASHELLS;5;15
59600;SUBMISSION;;VELVETFRUIT_EXTRACT;SEASHELLS;5244;50
59600;SUBMISSION;;VEV_5200;SEASHELLS;89;15
59600;SUBMISSION;;VEV_5400;SEASHELLS;13;15
59600;SUBMISSION;;VEV_5500;SEASHELLS;5;15
59700;SUBMISSION;;VELVETFRUIT_EXTRACT;SEASHELLS;5244;60
59700;SUBMISSION;;VEV_5200;SEASHELLS;89;15
59700;SUBMISSION;;VEV_5300;SEASHELLS;42;15
59700;SUBMISSION;;VEV_5400;SEASHELLS;13;15
59700;SUBMISSION;;VEV_5500;SEASHELLS;5;15
59800;SUBMISSION;;VELVETFRUIT_EXTRACT;SEASHELLS;5245;50
59800;SUBMISSION;;VEV_4000;SEASHELLS;1253;15
59800;SUBMISSION;;VEV_5000;SEASHELLS;250;30
59800;SUBMISSION;;VEV_5200;SEASHELLS;90;30
59800;SUBMISSION;;VEV_5300;SEASHELLS;43;15
59800;SUBMISSION;;VEV_5400;SEASHELLS;13;15
59800;SUBMISSION;;VEV_5500;SEASHELLS;5;15
59900;SUBMISSION;;VELVETFRUIT_EXTRACT;SEASHELLS;5244;20
59900;SUBMISSION;;VEV_5100;SEASHELLS;160;15
59900;SUBMISSION;;VEV_5200;SEASHELLS;90;15
59900;SUBMISSION;;VEV_5300;SEASHELLS;43;15
59900;SUBMISSION;;VEV_5400;SEASHELLS;13;15
59900;SUBMISSION;;VEV_5500;SEASHELLS;5;15
60000;SUBMISSION;;VEV_5100;SEASHELLS;161;30
60000;SUBMISSION;;VEV_5200;SEASHELLS;91;30
60000;SUBMISSION;;VEV_5300;SEASHELLS;43;15
60000;SUBMISSION;;VEV_5400;SEASHELLS;13;15
60000;SUBMISSION;;VEV_5500;SEASHELLS;5;15
60100;SUBMISSION;;VELVETFRUIT_EXTRACT;SEASHELLS;5245;10
60100;SUBMISSION;;VEV_5000;SEASHELLS;250;30
60100;SUBMISSION;;VEV_5200;SEASHELLS;90;30
60100;SUBMISSION;;VEV_5300;SEASHELLS;43;15
60100;SUBMISSION;;VEV_5400;SEASHELLS;13;15
60100;SUBMISSION;;VEV_5500;SEASHELLS;5;15
60200;SUBMISSION;;VELVETFRUIT_EXTRACT;SEASHELLS;5245;10
60200;SUBMISSION;;VEV_5000;SEASHELLS;250;15
60200;SUBMISSION;;VEV_5200;SEASHELLS;90;15
60200;SUBMISSION;;VEV_5300;SEASHELLS;43;15
60200;SUBMISSION;;VEV_5400;SEASHELLS;13;15
60200;SUBMISSION;;VEV_5500;SEASHELLS;5;15
60300;SUBMISSION;;VELVETFRUIT_EXTRACT;SEASHELLS;5245;60
60300;SUBMISSION;;VEV_5100;SEASHELLS;160;15
60300;SUBMISSION;;VEV_5200;SEASHELLS;90;15
60300;SUBMISSION;;VEV_5300;SEASHELLS;43;15
60300;SUBMISSION;;VEV_5400;SEASHELLS;13;15
60300;SUBMISSION;;VEV_5500;SEASHELLS;5;15
60400;SUBMISSION;;VEV_5200;SEASHELLS;91;15
60400;SUBMISSION;;VEV_5400;SEASHELLS;13;15
60400;SUBMISSION;;VEV_5500;SEASHELLS;6;15
60500;SUBMISSION;;VEV_5100;SEASHELLS;162;15
60500;SUBMISSION;;VEV_5200;SEASHELLS;91;15
60500;SUBMISSION;;VEV_5400;SEASHELLS;13;15
60500;SUBMISSION;;VEV_5500;SEASHELLS;6;15
60600;SUBMISSION;;VEV_5100;SEASHELLS;163;15
60600;SUBMISSION;;VEV_5200;SEASHELLS;92;15
60600;SUBMISSION;;VEV_5300;SEASHELLS;44;15
60600;SUBMISSION;;VEV_5400;SEASHELLS;13;15
60700;SUBMISSION;;VEV_5100;SEASHELLS;163;30
60700;SUBMISSION;;VEV_5200;SEASHELLS;92;30
60700;SUBMISSION;;VEV_5300;SEASHELLS;44;15
60700;SUBMISSION;;VEV_5400;SEASHELLS;13;15
60800;SUBMISSION;;VEV_5100;SEASHELLS;164;15
60800;SUBMISSION;;VEV_5300;SEASHELLS;44;15
60800;SUBMISSION;;VEV_5400;SEASHELLS;13;15
60900;SUBMISSION;;VEV_5200;SEASHELLS;92;15
60900;SUBMISSION;;VEV_5300;SEASHELLS;44;15
60900;SUBMISSION;;VEV_5400;SEASHELLS;13;15
61000;SUBMISSION;;VEV_5200;SEASHELLS;92;15
61000;SUBMISSION;;VEV_5300;SEASHELLS;44;15
61000;SUBMISSION;;VEV_5400;SEASHELLS;13;15
61100;SUBMISSION;;VEV_5200;SEASHELLS;93;15
61100;SUBMISSION;;VEV_5300;SEASHELLS;45;15
61100;SUBMISSION;;VEV_5400;SEASHELLS;14;15
61200;SUBMISSION;;VEV_5300;SEASHELLS;45;15
61300;SUBMISSION;;VEV_5300;SEASHELLS;45;15
61300;SUBMISSION;;VEV_5400;SEASHELLS;14;15
61500;SUBMISSION;;VEV_5000;SEASHELLS;255;30
61500;SUBMISSION;;VEV_5100;SEASHELLS;165;30
61500;SUBMISSION;;VEV_5200;SEASHELLS;93;30
61500;SUBMISSION;;VEV_5300;SEASHELLS;45;15
61500;SUBMISSION;;VEV_5400;SEASHELLS;14;15
61600;SUBMISSION;;VEV_5200;SEASHELLS;93;15
61600;SUBMISSION;;VEV_5300;SEASHELLS;45;15
61600;SUBMISSION;;VEV_5400;SEASHELLS;14;15
61700;SUBMISSION;;VEV_4000;SEASHELLS;1259;15
61700;SUBMISSION;;VEV_5300;SEASHELLS;45;15
61800;SUBMISSION;;VEV_5000;SEASHELLS;256;30
61800;SUBMISSION;;VEV_5100;SEASHELLS;166;30
61800;SUBMISSION;;VEV_5300;SEASHELLS;45;15
62000;SUBMISSION;;VEV_5000;SEASHELLS;256;15
62000;SUBMISSION;;VEV_5300;SEASHELLS;45;15
62100;SUBMISSION;;VEV_5100;SEASHELLS;165;15
62100;SUBMISSION;;VEV_5300;SEASHELLS;45;15
62200;SUBMISSION;;VEV_5200;SEASHELLS;94;30
62200;SUBMISSION;;VEV_5300;SEASHELLS;45;15
62300;SUBMISSION;;VEV_4000;SEASHELLS;1258;15
62300;SUBMISSION;;VEV_5000;SEASHELLS;255;30
62300;SUBMISSION;;VEV_5100;SEASHELLS;165;30
62300;SUBMISSION;;VEV_5300;SEASHELLS;45;15
62300;SUBMISSION;;VEV_5400;SEASHELLS;14;15
62400;SUBMISSION;;VEV_5000;SEASHELLS;255;15
62400;SUBMISSION;;VEV_5100;SEASHELLS;165;15
62400;SUBMISSION;;VEV_5200;SEASHELLS;93;15
62400;SUBMISSION;;VEV_5300;SEASHELLS;45;30
62400;SUBMISSION;;VEV_5400;SEASHELLS;14;30
62500;SUBMISSION;;VEV_5100;SEASHELLS;165;30
62500;SUBMISSION;;VEV_5300;SEASHELLS;45;15
62600;SUBMISSION;;VEV_4000;SEASHELLS;1259;15
62600;SUBMISSION;;VEV_5000;SEASHELLS;256;15
62600;SUBMISSION;;VEV_5100;SEASHELLS;166;15
62600;SUBMISSION;;VEV_5200;SEASHELLS;94;15
62600;SUBMISSION;;VEV_5300;SEASHELLS;45;15
62700;SUBMISSION;;VEV_5000;SEASHELLS;257;15
62800;SUBMISSION;;VEV_5100;SEASHELLS;166;15
62800;SUBMISSION;;VEV_5200;SEASHELLS;94;15
62800;SUBMISSION;;VEV_5300;SEASHELLS;45;15
62900;SUBMISSION;;VEV_4000;SEASHELLS;1260;15
62900;SUBMISSION;;VEV_5100;SEASHELLS;166;30
62900;SUBMISSION;;VEV_5200;SEASHELLS;94;30
63000;SUBMISSION;;VEV_5100;SEASHELLS;166;15
63000;SUBMISSION;;VEV_5200;SEASHELLS;94;15
63000;SUBMISSION;;VEV_5300;SEASHELLS;45;15
63100;SUBMISSION;;VEV_5100;SEASHELLS;166;15
63100;SUBMISSION;;VEV_5200;SEASHELLS;94;15
63100;SUBMISSION;;VEV_5300;SEASHELLS;45;15
63700;SUBMISSION;;VEV_5000;SEASHELLS;258;30
63900;SUBMISSION;;VEV_5100;SEASHELLS;167;15
64000;SUBMISSION;;VEV_5000;SEASHELLS;259;15
64100;SUBMISSION;;VEV_5000;SEASHELLS;259;15
64200;;SUBMISSION;VEV_5300;SEASHELLS;45;15
64300;SUBMISSION;;VEV_5000;SEASHELLS;259;15
64400;;SUBMISSION;VEV_5200;SEASHELLS;94;15
64400;;SUBMISSION;VEV_5300;SEASHELLS;45;15
64500;;SUBMISSION;VEV_5200;SEASHELLS;94;15
64500;;SUBMISSION;VEV_5300;SEASHELLS;45;15
64600;;SUBMISSION;VELVETFRUIT_EXTRACT;SEASHELLS;5251;50
64600;;SUBMISSION;VEV_5200;SEASHELLS;94;15
64600;;SUBMISSION;VEV_5300;SEASHELLS;45;15
64600;;SUBMISSION;VEV_5400;SEASHELLS;14;15
65000;;SUBMISSION;HYDROGEL_PACK;SEASHELLS;9979;10
65000;SUBMISSION;;VELVETFRUIT_EXTRACT;SEASHELLS;5252;10
65100;;SUBMISSION;HYDROGEL_PACK;SEASHELLS;9982;10
65100;SUBMISSION;;VELVETFRUIT_EXTRACT;SEASHELLS;5253;10
65100;SUBMISSION;;VEV_5200;SEASHELLS;95;30
65200;;SUBMISSION;HYDROGEL_PACK;SEASHELLS;9980;10
65200;SUBMISSION;;VELVETFRUIT_EXTRACT;SEASHELLS;5253;10
65200;SUBMISSION;;VEV_5000;SEASHELLS;258;15
65200;SUBMISSION;;VEV_5200;SEASHELLS;95;15
65200;SUBMISSION;;VEV_5400;SEASHELLS;14;15
65300;;SUBMISSION;HYDROGEL_PACK;SEASHELLS;9979;10
65300;SUBMISSION;;VEV_5400;SEASHELLS;14;15
65400;;SUBMISSION;HYDROGEL_PACK;SEASHELLS;9977;10
65400;SUBMISSION;;VEV_5100;SEASHELLS;168;30
65400;SUBMISSION;;VEV_5300;SEASHELLS;46;15
65400;SUBMISSION;;VEV_5400;SEASHELLS;14;15
65500;;SUBMISSION;HYDROGEL_PACK;SEASHELLS;9979;10
65500;SUBMISSION;;VEV_5000;SEASHELLS;259;15
65600;;SUBMISSION;HYDROGEL_PACK;SEASHELLS;9978;10
65700;;SUBMISSION;HYDROGEL_PACK;SEASHELLS;9977;10
65700;;SUBMISSION;VEV_5200;SEASHELLS;94;15
65800;;SUBMISSION;HYDROGEL_PACK;SEASHELLS;9978;10
65900;;SUBMISSION;HYDROGEL_PACK;SEASHELLS;9977;10
66000;;SUBMISSION;HYDROGEL_PACK;SEASHELLS;9977;10
66000;SUBMISSION;;VEV_5100;SEASHELLS;168;30
66000;SUBMISSION;;VEV_5300;SEASHELLS;46;15
66000;SUBMISSION;;VEV_5400;SEASHELLS;14;15
66300;SUBMISSION;;VEV_5000;SEASHELLS;259;30
66400;SUBMISSION;;VELVETFRUIT_EXTRACT;SEASHELLS;5253;20
66400;SUBMISSION;;VEV_5000;SEASHELLS;258;15
66400;SUBMISSION;;VEV_5200;SEASHELLS;95;15
66400;SUBMISSION;;VEV_5300;SEASHELLS;46;15
66400;SUBMISSION;;VEV_5400;SEASHELLS;14;15
66500;SUBMISSION;;VEV_5100;SEASHELLS;168;15
66500;SUBMISSION;;VEV_5300;SEASHELLS;46;15
66500;SUBMISSION;;VEV_5400;SEASHELLS;14;15
67100;;SUBMISSION;VEV_5300;SEASHELLS;46;15
67200;;SUBMISSION;VEV_5300;SEASHELLS;46;15
67300;;SUBMISSION;VEV_5300;SEASHELLS;46;15
67400;;SUBMISSION;VEV_5200;SEASHELLS;96;30
67400;;SUBMISSION;VEV_5300;SEASHELLS;46;15
67500;;SUBMISSION;VELVETFRUIT_EXTRACT;SEASHELLS;5255;10
67500;;SUBMISSION;VEV_5100;SEASHELLS;168;30
67500;;SUBMISSION;VEV_5200;SEASHELLS;96;30
67500;;SUBMISSION;VEV_5400;SEASHELLS;14;15
67600;;SUBMISSION;VELVETFRUIT_EXTRACT;SEASHELLS;5257;20
67600;;SUBMISSION;VEV_5000;SEASHELLS;259;15
67600;;SUBMISSION;VEV_5300;SEASHELLS;47;15
67600;;SUBMISSION;VEV_5400;SEASHELLS;14;15
67600;;SUBMISSION;VEV_5500;SEASHELLS;6;15
67700;;SUBMISSION;VELVETFRUIT_EXTRACT;SEASHELLS;5257;60
67700;;SUBMISSION;VEV_5100;SEASHELLS;170;30
67700;;SUBMISSION;VEV_5200;SEASHELLS;98;30
67700;;SUBMISSION;VEV_5300;SEASHELLS;47;15
67700;;SUBMISSION;VEV_5400;SEASHELLS;15;15
67700;;SUBMISSION;VEV_5500;SEASHELLS;6;15
67800;;SUBMISSION;VELVETFRUIT_EXTRACT;SEASHELLS;5257;20
67800;;SUBMISSION;VEV_5000;SEASHELLS;259;30
67800;;SUBMISSION;VEV_5200;SEASHELLS;97;30
67800;;SUBMISSION;VEV_5300;SEASHELLS;47;15
67800;;SUBMISSION;VEV_5400;SEASHELLS;14;15
67800;;SUBMISSION;VEV_5500;SEASHELLS;6;15
67900;;SUBMISSION;VELVETFRUIT_EXTRACT;SEASHELLS;5257;20
67900;;SUBMISSION;VEV_5000;SEASHELLS;259;30
67900;;SUBMISSION;VEV_5200;SEASHELLS;97;30
67900;;SUBMISSION;VEV_5300;SEASHELLS;47;15
67900;;SUBMISSION;VEV_5400;SEASHELLS;14;15
67900;;SUBMISSION;VEV_5500;SEASHELLS;6;15
68000;;SUBMISSION;VELVETFRUIT_EXTRACT;SEASHELLS;5257;50
68000;;SUBMISSION;VEV_5100;SEASHELLS;170;15
68000;;SUBMISSION;VEV_5200;SEASHELLS;98;15
68000;;SUBMISSION;VEV_5300;SEASHELLS;47;15
68000;;SUBMISSION;VEV_5500;SEASHELLS;6;15
68100;;SUBMISSION;VELVETFRUIT_EXTRACT;SEASHELLS;5257;20
68100;;SUBMISSION;VEV_5100;SEASHELLS;170;15
68100;;SUBMISSION;VEV_5300;SEASHELLS;47;15
68100;;SUBMISSION;VEV_5400;SEASHELLS;14;15
68100;;SUBMISSION;VEV_5500;SEASHELLS;6;15
68200;;SUBMISSION;HYDROGEL_PACK;SEASHELLS;9978;10
68200;;SUBMISSION;VELVETFRUIT_EXTRACT;SEASHELLS;5256;60
68200;;SUBMISSION;VEV_5200;SEASHELLS;97;30
68200;;SUBMISSION;VEV_5300;SEASHELLS;47;15
68200;;SUBMISSION;VEV_5400;SEASHELLS;14;15
68200;;SUBMISSION;VEV_5500;SEASHELLS;6;15
68300;;SUBMISSION;HYDROGEL_PACK;SEASHELLS;9978;10
68300;;SUBMISSION;VELVETFRUIT_EXTRACT;SEASHELLS;5256;10
68300;;SUBMISSION;VEV_5100;SEASHELLS;169;15
68300;;SUBMISSION;VEV_5200;SEASHELLS;97;15
68300;;SUBMISSION;VEV_5300;SEASHELLS;47;15
68300;;SUBMISSION;VEV_5400;SEASHELLS;14;15
68300;;SUBMISSION;VEV_5500;SEASHELLS;6;15
68400;;SUBMISSION;VELVETFRUIT_EXTRACT;SEASHELLS;5255;20
68400;;SUBMISSION;VEV_5200;SEASHELLS;96;30
68400;;SUBMISSION;VEV_5300;SEASHELLS;46;30
68500;;SUBMISSION;HYDROGEL_PACK;SEASHELLS;9979;10
68500;;SUBMISSION;VEV_5200;SEASHELLS;96;15
68500;;SUBMISSION;VEV_5300;SEASHELLS;46;15
68600;;SUBMISSION;HYDROGEL_PACK;SEASHELLS;9983;10
68600;;SUBMISSION;VEV_5300;SEASHELLS;46;15
68700;;SUBMISSION;HYDROGEL_PACK;SEASHELLS;9984;10
68700;SUBMISSION;;VEV_4000;SEASHELLS;1266;15
68800;;SUBMISSION;HYDROGEL_PACK;SEASHELLS;9989;10
68800;SUBMISSION;;VELVETFRUIT_EXTRACT;SEASHELLS;5256;20
68800;SUBMISSION;;VEV_5000;SEASHELLS;261;15
68800;SUBMISSION;;VEV_5100;SEASHELLS;170;15
68800;SUBMISSION;;VEV_5200;SEASHELLS;97;15
68900;;SUBMISSION;HYDROGEL_PACK;SEASHELLS;9989;10
68900;SUBMISSION;;VELVETFRUIT_EXTRACT;SEASHELLS;5256;60
68900;SUBMISSION;;VEV_5200;SEASHELLS;97;30
68900;SUBMISSION;;VEV_5300;SEASHELLS;47;15
69000;;SUBMISSION;HYDROGEL_PACK;SEASHELLS;9987;10
69100;;SUBMISSION;HYDROGEL_PACK;SEASHELLS;9985;10
69100;SUBMISSION;;VEV_5300;SEASHELLS;47;15
69200;;SUBMISSION;HYDROGEL_PACK;SEASHELLS;9985;10
69200;SUBMISSION;;VELVETFRUIT_EXTRACT;SEASHELLS;5253;10
69200;SUBMISSION;;VEV_5100;SEASHELLS;170;15
69200;SUBMISSION;;VEV_5200;SEASHELLS;97;15
69200;SUBMISSION;;VEV_5300;SEASHELLS;47;15
69300;;SUBMISSION;HYDROGEL_PACK;SEASHELLS;9984;10
69400;;SUBMISSION;HYDROGEL_PACK;SEASHELLS;9987;10
69400;SUBMISSION;;VELVETFRUIT_EXTRACT;SEASHELLS;5256;50
69400;SUBMISSION;;VEV_5200;SEASHELLS;97;15
69400;SUBMISSION;;VEV_5300;SEASHELLS;47;15
69500;;SUBMISSION;HYDROGEL_PACK;SEASHELLS;9986;10
69600;;SUBMISSION;HYDROGEL_PACK;SEASHELLS;9985;10
69600;;SUBMISSION;VELVETFRUIT_EXTRACT;SEASHELLS;5255;40
69600;;SUBMISSION;VEV_5300;SEASHELLS;46;30
69600;;SUBMISSION;VEV_5400;SEASHELLS;14;30
69700;;SUBMISSION;HYDROGEL_PACK;SEASHELLS;9989;10
69700;SUBMISSION;;VEV_4000;SEASHELLS;1267;15
69700;;SUBMISSION;VEV_5200;SEASHELLS;96;15
69800;;SUBMISSION;HYDROGEL_PACK;SEASHELLS;9987;10
69800;;SUBMISSION;VEV_5200;SEASHELLS;96;30
69900;;SUBMISSION;HYDROGEL_PACK;SEASHELLS;9988;10
69900;;SUBMISSION;VELVETFRUIT_EXTRACT;SEASHELLS;5255;20
69900;;SUBMISSION;VEV_5400;SEASHELLS;14;15
70000;;SUBMISSION;HYDROGEL_PACK;SEASHELLS;9988;10
70000;;SUBMISSION;VELVETFRUIT_EXTRACT;SEASHELLS;5255;40
70000;;SUBMISSION;VEV_5000;SEASHELLS;258;30
70000;;SUBMISSION;VEV_5200;SEASHELLS;97;30
70000;;SUBMISSION;VEV_5400;SEASHELLS;14;15
70100;;SUBMISSION;HYDROGEL_PACK;SEASHELLS;9985;10
70100;;SUBMISSION;VEV_5200;SEASHELLS;96;15
70200;;SUBMISSION;HYDROGEL_PACK;SEASHELLS;9980;10
70200;;SUBMISSION;VEV_5200;SEASHELLS;96;15
70300;;SUBMISSION;HYDROGEL_PACK;SEASHELLS;9980;10
70300;;SUBMISSION;VELVETFRUIT_EXTRACT;SEASHELLS;5255;20
70300;;SUBMISSION;VEV_5100;SEASHELLS;168;30
70300;;SUBMISSION;VEV_5400;SEASHELLS;14;15
70400;;SUBMISSION;HYDROGEL_PACK;SEASHELLS;9983;10
70400;;SUBMISSION;VELVETFRUIT_EXTRACT;SEASHELLS;5255;50
70400;;SUBMISSION;VEV_5200;SEASHELLS;97;15
70400;;SUBMISSION;VEV_5300;SEASHELLS;47;15
70400;;SUBMISSION;VEV_5400;SEASHELLS;14;15
70500;;SUBMISSION;HYDROGEL_PACK;SEASHELLS;9984;10
70500;;SUBMISSION;VELVETFRUIT_EXTRACT;SEASHELLS;5255;60
70500;;SUBMISSION;VEV_5000;SEASHELLS;258;15
70500;;SUBMISSION;VEV_5200;SEASHELLS;97;15
70500;;SUBMISSION;VEV_5300;SEASHELLS;47;15
70500;;SUBMISSION;VEV_5400;SEASHELLS;14;15
70600;;SUBMISSION;HYDROGEL_PACK;SEASHELLS;9985;10
70600;SUBMISSION;;VEV_4000;SEASHELLS;1267;15
70700;;SUBMISSION;HYDROGEL_PACK;SEASHELLS;9982;10
70800;;SUBMISSION;HYDROGEL_PACK;SEASHELLS;9981;10
70900;;SUBMISSION;HYDROGEL_PACK;SEASHELLS;9978;10
71000;;SUBMISSION;HYDROGEL_PACK;SEASHELLS;9979;10
71100;;SUBMISSION;HYDROGEL_PACK;SEASHELLS;9978;10
71200;SUBMISSION;;VELVETFRUIT_EXTRACT;SEASHELLS;5257;30
71200;SUBMISSION;;VEV_5000;SEASHELLS;261;15
71200;SUBMISSION;;VEV_5100;SEASHELLS;170;15
71200;SUBMISSION;;VEV_5300;SEASHELLS;47;15
71300;SUBMISSION;;VEV_5300;SEASHELLS;47;15
71400;SUBMISSION;;VELVETFRUIT_EXTRACT;SEASHELLS;5255;50
71400;SUBMISSION;;VEV_5000;SEASHELLS;259;15
71400;SUBMISSION;;VEV_5200;SEASHELLS;96;15
71400;SUBMISSION;;VEV_5400;SEASHELLS;15;15
71500;SUBMISSION;;VELVETFRUIT_EXTRACT;SEASHELLS;5255;60
71500;SUBMISSION;;VEV_4000;SEASHELLS;1262;15
71500;SUBMISSION;;VEV_5000;SEASHELLS;259;30
71500;SUBMISSION;;VEV_5200;SEASHELLS;96;30
71500;SUBMISSION;;VEV_5400;SEASHELLS;15;15
71600;SUBMISSION;;VELVETFRUIT_EXTRACT;SEASHELLS;5255;60
71600;SUBMISSION;;VEV_5200;SEASHELLS;96;30
71600;SUBMISSION;;VEV_5300;SEASHELLS;47;15
71600;SUBMISSION;;VEV_5400;SEASHELLS;15;15
71700;SUBMISSION;;VELVETFRUIT_EXTRACT;SEASHELLS;5255;10
71700;SUBMISSION;;VEV_5100;SEASHELLS;169;15
71700;SUBMISSION;;VEV_5300;SEASHELLS;47;15
71700;SUBMISSION;;VEV_5400;SEASHELLS;15;15
71800;SUBMISSION;;VEV_5300;SEASHELLS;47;15
71900;SUBMISSION;;VELVETFRUIT_EXTRACT;SEASHELLS;5256;50
71900;SUBMISSION;;VEV_5000;SEASHELLS;260;30
71900;SUBMISSION;;VEV_5100;SEASHELLS;169;30
71900;SUBMISSION;;VEV_5200;SEASHELLS;97;30
71900;SUBMISSION;;VEV_5300;SEASHELLS;47;15
71900;SUBMISSION;;VEV_5400;SEASHELLS;15;15
72100;SUBMISSION;;VEV_4000;SEASHELLS;1266;15
72200;;SUBMISSION;VELVETFRUIT_EXTRACT;SEASHELLS;5255;10
72200;;SUBMISSION;VEV_5100;SEASHELLS;168;30
72300;;SUBMISSION;VEV_5100;SEASHELLS;168;15
72400;;SUBMISSION;VEV_5100;SEASHELLS;168;15
72500;;SUBMISSION;VELVETFRUIT_EXTRACT;SEASHELLS;5256;10
72500;;SUBMISSION;VEV_5100;SEASHELLS;169;15
72500;;SUBMISSION;VEV_5200;SEASHELLS;97;15
72500;;SUBMISSION;VEV_5300;SEASHELLS;47;15
72600;;SUBMISSION;VELVETFRUIT_EXTRACT;SEASHELLS;5256;60
72600;;SUBMISSION;VEV_5000;SEASHELLS;259;30
72600;;SUBMISSION;VEV_5300;SEASHELLS;47;15
72700;;SUBMISSION;VELVETFRUIT_EXTRACT;SEASHELLS;5256;50
72700;;SUBMISSION;VEV_5100;SEASHELLS;169;15
72700;;SUBMISSION;VEV_5200;SEASHELLS;97;15
72700;;SUBMISSION;VEV_5300;SEASHELLS;47;15
72800;;SUBMISSION;VELVETFRUIT_EXTRACT;SEASHELLS;5256;50
72800;;SUBMISSION;VEV_5300;SEASHELLS;47;15
72900;;SUBMISSION;VELVETFRUIT_EXTRACT;SEASHELLS;5255;50
72900;;SUBMISSION;VEV_5200;SEASHELLS;97;15
72900;;SUBMISSION;VEV_5300;SEASHELLS;47;15
73000;;SUBMISSION;VELVETFRUIT_EXTRACT;SEASHELLS;5255;10
73100;;SUBMISSION;VELVETFRUIT_EXTRACT;SEASHELLS;5256;40
73100;;SUBMISSION;VEV_5100;SEASHELLS;169;15
73100;;SUBMISSION;VEV_5200;SEASHELLS;97;15
73100;;SUBMISSION;VEV_5300;SEASHELLS;47;15
73300;SUBMISSION;;VEV_4000;SEASHELLS;1267;15
74000;SUBMISSION;;VEV_4000;SEASHELLS;1266;15
74400;SUBMISSION;;HYDROGEL_PACK;SEASHELLS;9979;10
75100;;SUBMISSION;HYDROGEL_PACK;SEASHELLS;9973;10
75300;SUBMISSION;;VEV_4000;SEASHELLS;1265;15
75300;SUBMISSION;;VEV_5300;SEASHELLS;47;15
75500;SUBMISSION;;VEV_4000;SEASHELLS;1267;15
76000;SUBMISSION;;VEV_4000;SEASHELLS;1266;15
76100;SUBMISSION;;VEV_4000;SEASHELLS;1266;15
76200;SUBMISSION;;VELVETFRUIT_EXTRACT;SEASHELLS;5256;20
76200;SUBMISSION;;VEV_4000;SEASHELLS;1264;15
76200;SUBMISSION;;VEV_5200;SEASHELLS;97;15
76200;SUBMISSION;;VEV_5300;SEASHELLS;47;15
76200;SUBMISSION;;VEV_5400;SEASHELLS;15;15
76400;SUBMISSION;;VEV_4000;SEASHELLS;1266;15
76500;SUBMISSION;;VEV_4000;SEASHELLS;1266;15
76600;SUBMISSION;;VEV_5500;SEASHELLS;6;15
76700;SUBMISSION;;VEV_5500;SEASHELLS;6;15
76800;SUBMISSION;;VEV_5000;SEASHELLS;261;30
76800;SUBMISSION;;VEV_5100;SEASHELLS;170;30
76800;SUBMISSION;;VEV_5300;SEASHELLS;47;15
76800;SUBMISSION;;VEV_5500;SEASHELLS;6;15
76900;SUBMISSION;;VELVETFRUIT_EXTRACT;SEASHELLS;5256;60
76900;SUBMISSION;;VEV_5200;SEASHELLS;97;15
76900;SUBMISSION;;VEV_5300;SEASHELLS;47;15
76900;SUBMISSION;;VEV_5400;SEASHELLS;15;15
76900;SUBMISSION;;VEV_5500;SEASHELLS;6;15
77000;SUBMISSION;;VELVETFRUIT_EXTRACT;SEASHELLS;5256;40
77000;SUBMISSION;;VEV_5200;SEASHELLS;97;15
77000;SUBMISSION;;VEV_5300;SEASHELLS;47;15
77000;SUBMISSION;;VEV_5400;SEASHELLS;15;15
77000;SUBMISSION;;VEV_5500;SEASHELLS;6;15
77100;SUBMISSION;;VELVETFRUIT_EXTRACT;SEASHELLS;5255;10
77100;SUBMISSION;;VEV_4000;SEASHELLS;1263;15
77100;SUBMISSION;;VEV_5100;SEASHELLS;169;30
77100;SUBMISSION;;VEV_5300;SEASHELLS;47;15
77100;SUBMISSION;;VEV_5400;SEASHELLS;15;15
77100;SUBMISSION;;VEV_5500;SEASHELLS;6;15
77200;SUBMISSION;;VELVETFRUIT_EXTRACT;SEASHELLS;5255;50
77200;SUBMISSION;;VEV_5200;SEASHELLS;96;30
77200;SUBMISSION;;VEV_5300;SEASHELLS;47;15
77200;SUBMISSION;;VEV_5400;SEASHELLS;15;15
77200;SUBMISSION;;VEV_5500;SEASHELLS;6;15
77300;SUBMISSION;;VELVETFRUIT_EXTRACT;SEASHELLS;5254;20
77300;SUBMISSION;;VEV_5100;SEASHELLS;168;15
77300;SUBMISSION;;VEV_5200;SEASHELLS;96;15
77300;SUBMISSION;;VEV_5300;SEASHELLS;46;15
77300;SUBMISSION;;VEV_5400;SEASHELLS;14;15
77300;SUBMISSION;;VEV_5500;SEASHELLS;6;15
77400;SUBMISSION;;VELVETFRUIT_EXTRACT;SEASHELLS;5254;10
77400;SUBMISSION;;VEV_5100;SEASHELLS;168;15
77400;SUBMISSION;;VEV_5200;SEASHELLS;96;15
77400;SUBMISSION;;VEV_5300;SEASHELLS;46;15
77400;SUBMISSION;;VEV_5500;SEASHELLS;6;15
77500;SUBMISSION;;VELVETFRUIT_EXTRACT;SEASHELLS;5256;50
77500;SUBMISSION;;VEV_5200;SEASHELLS;97;30
77500;SUBMISSION;;VEV_5300;SEASHELLS;47;15
77500;SUBMISSION;;VEV_5400;SEASHELLS;15;15
77500;SUBMISSION;;VEV_5500;SEASHELLS;6;15
77600;SUBMISSION;;VELVETFRUIT_EXTRACT;SEASHELLS;5256;20
77600;SUBMISSION;;VEV_5200;SEASHELLS;97;30
77600;SUBMISSION;;VEV_5300;SEASHELLS;47;15
77600;SUBMISSION;;VEV_5400;SEASHELLS;15;15
77600;SUBMISSION;;VEV_5500;SEASHELLS;6;15
77700;SUBMISSION;;VELVETFRUIT_EXTRACT;SEASHELLS;5256;40
77700;SUBMISSION;;VEV_5200;SEASHELLS;97;30
77700;SUBMISSION;;VEV_5300;SEASHELLS;47;15
77700;SUBMISSION;;VEV_5400;SEASHELLS;15;15
77700;SUBMISSION;;VEV_5500;SEASHELLS;6;15
77800;SUBMISSION;;VEV_5500;SEASHELLS;6;15
77900;SUBMISSION;;VEV_5500;SEASHELLS;6;15
78000;SUBMISSION;;VELVETFRUIT_EXTRACT;SEASHELLS;5256;10
78000;SUBMISSION;;VEV_5100;SEASHELLS;170;30
78000;SUBMISSION;;VEV_5200;SEASHELLS;97;30
78000;SUBMISSION;;VEV_5300;SEASHELLS;47;15
78000;SUBMISSION;;VEV_5500;SEASHELLS;6;15
78100;SUBMISSION;;VEV_5500;SEASHELLS;6;15
78200;SUBMISSION;;VEV_5500;SEASHELLS;6;15
78300;SUBMISSION;;VEV_5500;SEASHELLS;6;15
78400;SUBMISSION;;VEV_4000;SEASHELLS;1265;15
78400;SUBMISSION;;VEV_5500;SEASHELLS;6;15
78500;SUBMISSION;;VELVETFRUIT_EXTRACT;SEASHELLS;5257;30
78500;SUBMISSION;;VEV_5000;SEASHELLS;261;15
78500;SUBMISSION;;VEV_5100;SEASHELLS;170;15
78500;SUBMISSION;;VEV_5300;SEASHELLS;47;15
78500;SUBMISSION;;VEV_5500;SEASHELLS;6;15
78600;SUBMISSION;;VELVETFRUIT_EXTRACT;SEASHELLS;5256;20
78600;SUBMISSION;;VEV_5200;SEASHELLS;97;30
78600;SUBMISSION;;VEV_5300;SEASHELLS;47;15
78600;SUBMISSION;;VEV_5400;SEASHELLS;15;15
78600;SUBMISSION;;VEV_5500;SEASHELLS;6;15
78700;SUBMISSION;;HYDROGEL_PACK;SEASHELLS;9955;10
78700;SUBMISSION;;VELVETFRUIT_EXTRACT;SEASHELLS;5256;20
78700;SUBMISSION;;VEV_5100;SEASHELLS;170;15
78700;SUBMISSION;;VEV_5200;SEASHELLS;97;15
78700;SUBMISSION;;VEV_5300;SEASHELLS;47;15
78700;SUBMISSION;;VEV_5500;SEASHELLS;6;15
78800;SUBMISSION;;HYDROGEL_PACK;SEASHELLS;9955;10
78800;SUBMISSION;;VEV_5500;SEASHELLS;6;15
78900;SUBMISSION;;HYDROGEL_PACK;SEASHELLS;9954;10
78900;SUBMISSION;;VEV_5500;SEASHELLS;6;15
79000;SUBMISSION;;HYDROGEL_PACK;SEASHELLS;9957;10
79000;SUBMISSION;;VEV_5500;SEASHELLS;6;15
79100;SUBMISSION;;HYDROGEL_PACK;SEASHELLS;9958;10
79100;SUBMISSION;;VEV_5500;SEASHELLS;6;15
79200;SUBMISSION;;VEV_5500;SEASHELLS;6;15
79500;SUBMISSION;;VEV_5500;SEASHELLS;6;15
79600;;SUBMISSION;VELVETFRUIT_EXTRACT;SEASHELLS;5256;20
79600;;SUBMISSION;VEV_5300;SEASHELLS;47;15
79700;SUBMISSION;;VEV_5300;SEASHELLS;48;15
79700;SUBMISSION;;VEV_5500;SEASHELLS;6;15
79800;SUBMISSION;;VEV_5500;SEASHELLS;6;15
79900;SUBMISSION;;VELVETFRUIT_EXTRACT;SEASHELLS;5257;20
80000;;SUBMISSION;HYDROGEL_PACK;SEASHELLS;9952;10
80100;;SUBMISSION;HYDROGEL_PACK;SEASHELLS;9951;10
80200;;SUBMISSION;HYDROGEL_PACK;SEASHELLS;9954;10
81700;;SUBMISSION;HYDROGEL_PACK;SEASHELLS;9952;10
81800;;SUBMISSION;HYDROGEL_PACK;SEASHELLS;9952;10
82000;;SUBMISSION;VEV_5100;SEASHELLS;178;15
82000;;SUBMISSION;VEV_5300;SEASHELLS;51;15
82000;;SUBMISSION;VEV_5400;SEASHELLS;16;15
82000;;SUBMISSION;VEV_5500;SEASHELLS;6;15
82100;;SUBMISSION;VEV_5000;SEASHELLS;270;15
82100;;SUBMISSION;VEV_5100;SEASHELLS;179;15
82100;;SUBMISSION;VEV_5200;SEASHELLS;105;15
82100;;SUBMISSION;VEV_5300;SEASHELLS;52;15
82100;;SUBMISSION;VEV_5400;SEASHELLS;17;15
82200;;SUBMISSION;VELVETFRUIT_EXTRACT;SEASHELLS;5269;60
82200;;SUBMISSION;VEV_5200;SEASHELLS;106;15
82200;;SUBMISSION;VEV_5400;SEASHELLS;17;15
82200;;SUBMISSION;VEV_5500;SEASHELLS;7;15
82300;;SUBMISSION;VELVETFRUIT_EXTRACT;SEASHELLS;5269;60
82300;;SUBMISSION;VEV_5200;SEASHELLS;106;15
82300;;SUBMISSION;VEV_5400;SEASHELLS;17;15
82300;;SUBMISSION;VEV_5500;SEASHELLS;7;15
82400;;SUBMISSION;VELVETFRUIT_EXTRACT;SEASHELLS;5270;10
82400;;SUBMISSION;VEV_4000;SEASHELLS;1261;15
82400;;SUBMISSION;VEV_5200;SEASHELLS;106;30
82400;;SUBMISSION;VEV_5400;SEASHELLS;17;15
82400;;SUBMISSION;VEV_5500;SEASHELLS;7;15
82500;;SUBMISSION;VELVETFRUIT_EXTRACT;SEASHELLS;5268;20
82500;;SUBMISSION;VEV_4000;SEASHELLS;1260;15
82500;;SUBMISSION;VEV_5000;SEASHELLS;270;15
82500;;SUBMISSION;VEV_5100;SEASHELLS;179;15
82500;;SUBMISSION;VEV_5200;SEASHELLS;105;15
82500;;SUBMISSION;VEV_5300;SEASHELLS;52;15
82500;;SUBMISSION;VEV_5400;SEASHELLS;17;15
