timestamp,buyer,seller,symbol,currency,price,quantity
0,,SUBMISSION,HYDROGEL_PACK,XIREC,10003.0,13
0,,SUBMISSION,HYDROGEL_PACK,XIREC,10001.0,21
0,SUBMISSION,,VEV_5000,XIREC,273.0,7
0,SUBMISSION,,VEV_5000,XIREC,274.0,14
0,SUBMISSION,,VEV_5100,XIREC,181.0,7
0,SUBMISSION,,VEV_5100,XIREC,182.0,14
0,SUBMISSION,,VEV_5200,XIREC,106.0,21
0,SUBMISSION,,VEV_5300,XIREC,54.0,20
0,SUBMISSION,,VEV_5400,XIREC,18.0,20
0,SUBMISSION,,VEV_5500,XIREC,7.0,20
100,,SUBMISSION,HYDROGEL_PACK,XIREC,10004.0,15
100,,SUBMISSION,HYDROGEL_PACK,XIREC,10001.0,26
100,SUBMISSION,,VEV_4000,XIREC,1276.0,12
100,SUBMISSION,,VEV_5000,XIREC,272.0,24
100,SUBMISSION,,VEV_5100,XIREC,180.0,24
100,SUBMISSION,,VEV_5200,XIREC,105.0,24
100,SUBMISSION,,VEV_5300,XIREC,53.0,6
100,SUBMISSION,,VEV_5300,XIREC,54.0,19
100,SUBMISSION,,VEV_5400,XIREC,18.0,25
100,SUBMISSION,,VEV_5500,XIREC,7.0,25
200,,SUBMISSION,HYDROGEL_PACK,XIREC,10004.0,15
200,,SUBMISSION,HYDROGEL_PACK,XIREC,10002.0,10
200,SUBMISSION,,VEV_4000,XIREC,1276.0,10
200,SUBMISSION,,VEV_5000,XIREC,272.0,8
200,SUBMISSION,,VEV_5000,XIREC,273.0,15
200,SUBMISSION,,VEV_5100,XIREC,180.0,23
200,SUBMISSION,,VEV_5200,XIREC,105.0,23
200,SUBMISSION,,VEV_5300,XIREC,53.0,6
200,SUBMISSION,,VEV_5300,XIREC,54.0,13
200,SUBMISSION,,VEV_5400,XIREC,18.0,19
200,SUBMISSION,,VEV_5500,XIREC,7.0,19
300,SUBMISSION,,VEV_5000,XIREC,272.0,9
300,SUBMISSION,,VEV_5000,XIREC,273.0,17
300,SUBMISSION,,VEV_5100,XIREC,180.0,9
300,SUBMISSION,,VEV_5100,XIREC,181.0,17
300,SUBMISSION,,VEV_5200,XIREC,105.0,26
300,SUBMISSION,,VEV_5300,XIREC,54.0,25
300,SUBMISSION,,VEV_5400,XIREC,18.0,25
300,SUBMISSION,,VEV_5500,XIREC,7.0,25
400,SUBMISSION,,VEV_4000,XIREC,1275.0,8
400,SUBMISSION,,VEV_5000,XIREC,271.0,6
400,SUBMISSION,,VEV_5100,XIREC,179.0,6
400,SUBMISSION,,VEV_5200,XIREC,104.0,6
400,SUBMISSION,,VEV_5300,XIREC,53.0,11
400,SUBMISSION,,VEV_5400,XIREC,17.0,11
400,SUBMISSION,,VEV_5500,XIREC,7.0,11
600,SUBMISSION,,VEV_4000,XIREC,1273.0,9
700,SUBMISSION,,VEV_4000,XIREC,1273.0,11
800,SUBMISSION,,VEV_4000,XIREC,1273.0,8
900,SUBMISSION,,VELVETFRUIT_EXTRACT,XIREC,5262.0,8
900,,,VELVETFRUIT_EXTRACT,XIREC,5262.0,8
1000,SUBMISSION,,VEV_4000,XIREC,1273.0,12
1100,SUBMISSION,,VEV_4000,XIREC,1274.0,9
1300,SUBMISSION,,VEV_4000,XIREC,1273.0,13
1300,SUBMISSION,,VEV_4000,XIREC,1252.0,3
1500,SUBMISSION,,VEV_4000,XIREC,1275.0,5
2700,SUBMISSION,,VELVETFRUIT_EXTRACT,XIREC,5270.0,8
2900,,SUBMISSION,VELVETFRUIT_EXTRACT,XIREC,5271.0,8
4800,,SUBMISSION,VELVETFRUIT_EXTRACT,XIREC,5272.0,3
5700,SUBMISSION,,VELVETFRUIT_EXTRACT,XIREC,5274.0,5
5900,,SUBMISSION,VELVETFRUIT_EXTRACT,XIREC,5275.0,9
6100,,SUBMISSION,VELVETFRUIT_EXTRACT,XIREC,5275.0,1
6300,,SUBMISSION,VELVETFRUIT_EXTRACT,XIREC,5275.0,14
7000,SUBMISSION,,VELVETFRUIT_EXTRACT,XIREC,5271.0,11
9000,,SUBMISSION,VEV_4000,XIREC,1278.0,1
9100,SUBMISSION,,VELVETFRUIT_EXTRACT,XIREC,5266.0,3
9100,SUBMISSION,,VELVETFRUIT_EXTRACT,XIREC,5266.0,6
9300,SUBMISSION,,VEV_4000,XIREC,1276.0,1
9900,SUBMISSION,,VELVETFRUIT_EXTRACT,XIREC,5261.0,5
10200,,,HYDROGEL_PACK,XIREC,10017.0,6
10700,,SUBMISSION,VELVETFRUIT_EXTRACT,XIREC,5264.0,4
11200,,,HYDROGEL_PACK,XIREC,10030.0,4
12100,SUBMISSION,,VELVETFRUIT_EXTRACT,XIREC,5268.0,5
12100,,,VELVETFRUIT_EXTRACT,XIREC,5268.0,5
12600,SUBMISSION,,VELVETFRUIT_EXTRACT,XIREC,5265.0,3
12700,SUBMISSION,,VELVETFRUIT_EXTRACT,XIREC,5266.0,7
13100,SUBMISSION,,VEV_4500,XIREC,765.0,3
13100,,,VEV_5400,XIREC,16.0,3
13100,,,VEV_5500,XIREC,6.0,3
13100,,,VEV_6000,XIREC,0.0,3
13100,,,VEV_6500,XIREC,0.0,3
13900,,SUBMISSION,VELVETFRUIT_EXTRACT,XIREC,5268.0,4
14900,,SUBMISSION,VELVETFRUIT_EXTRACT,XIREC,5266.0,8
15700,,,HYDROGEL_PACK,XIREC,10035.0,2
16000,,SUBMISSION,VELVETFRUIT_EXTRACT,XIREC,5271.0,9
16300,,SUBMISSION,VELVETFRUIT_EXTRACT,XIREC,5274.0,5
17400,SUBMISSION,,VELVETFRUIT_EXTRACT,XIREC,5275.0,3
19100,,,HYDROGEL_PACK,XIREC,10020.0,6
19700,SUBMISSION,,VELVETFRUIT_EXTRACT,XIREC,5266.0,1
19700,SUBMISSION,,VELVETFRUIT_EXTRACT,XIREC,5266.0,12
20200,,SUBMISSION,VELVETFRUIT_EXTRACT,XIREC,5269.0,9
20900,SUBMISSION,,VEV_4500,XIREC,770.0,5
20900,,,VEV_5300,XIREC,53.0,5
20900,,,VEV_5400,XIREC,17.0,5
20900,,,VEV_5500,XIREC,7.0,5
20900,,,VEV_6000,XIREC,0.0,5
20900,,,VEV_6500,XIREC,0.0,5
21600,SUBMISSION,,VELVETFRUIT_EXTRACT,XIREC,5271.0,8
21800,SUBMISSION,,VELVETFRUIT_EXTRACT,XIREC,5272.0,8
22300,,SUBMISSION,VELVETFRUIT_EXTRACT,XIREC,5270.0,11
23100,SUBMISSION,,VELVETFRUIT_EXTRACT,XIREC,5265.0,4
23500,SUBMISSION,,VEV_4500,XIREC,763.0,2
23500,,,VEV_5400,XIREC,16.0,2
23500,,,VEV_5500,XIREC,6.0,2
23500,,,VEV_6000,XIREC,0.0,2
23500,,,VEV_6500,XIREC,0.0,2
24300,,SUBMISSION,VELVETFRUIT_EXTRACT,XIREC,5265.0,6
24400,SUBMISSION,,HYDROGEL_PACK,XIREC,9997.0,9
24600,SUBMISSION,,VELVETFRUIT_EXTRACT,XIREC,5265.0,5
24900,SUBMISSION,,HYDROGEL_PACK,XIREC,10000.0,11
25000,SUBMISSION,,HYDROGEL_PACK,XIREC,9998.0,14
25000,SUBMISSION,,HYDROGEL_PACK,XIREC,10000.0,25
25100,SUBMISSION,,HYDROGEL_PACK,XIREC,9997.0,10
25100,SUBMISSION,,HYDROGEL_PACK,XIREC,9999.0,30
25200,SUBMISSION,,HYDROGEL_PACK,XIREC,9996.0,10
25200,SUBMISSION,,HYDROGEL_PACK,XIREC,9999.0,24
25300,SUBMISSION,,HYDROGEL_PACK,XIREC,9995.0,11
25300,SUBMISSION,,HYDROGEL_PACK,XIREC,9997.0,28
25400,SUBMISSION,,HYDROGEL_PACK,XIREC,9995.0,14
25400,SUBMISSION,,HYDROGEL_PACK,XIREC,9998.0,14
25500,SUBMISSION,,VELVETFRUIT_EXTRACT,XIREC,5265.0,6
26500,,SUBMISSION,VELVETFRUIT_EXTRACT,XIREC,5268.0,6
29200,,,HYDROGEL_PACK,XIREC,9993.0,4
29500,SUBMISSION,,VEV_4500,XIREC,766.0,2
29500,,,VEV_5400,XIREC,16.0,2
29500,,,VEV_5500,XIREC,6.0,2
29500,,,VEV_6000,XIREC,0.0,2
29500,,,VEV_6500,XIREC,0.0,2
31200,SUBMISSION,,VELVETFRUIT_EXTRACT,XIREC,5258.0,7
32500,SUBMISSION,,VELVETFRUIT_EXTRACT,XIREC,5266.0,5
32500,,,VELVETFRUIT_EXTRACT,XIREC,5266.0,4
32600,,SUBMISSION,HYDROGEL_PACK,XIREC,10000.0,14
32700,,SUBMISSION,HYDROGEL_PACK,XIREC,10003.0,11
32700,,SUBMISSION,HYDROGEL_PACK,XIREC,10001.0,21
32800,,SUBMISSION,HYDROGEL_PACK,XIREC,10002.0,12
32900,,SUBMISSION,HYDROGEL_PACK,XIREC,10002.0,10
32900,,SUBMISSION,HYDROGEL_PACK,XIREC,10000.0,28
33000,,SUBMISSION,HYDROGEL_PACK,XIREC,10003.0,10
33100,,SUBMISSION,HYDROGEL_PACK,XIREC,10002.0,10
33100,SUBMISSION,,VELVETFRUIT_EXTRACT,XIREC,5269.0,8
33200,,SUBMISSION,HYDROGEL_PACK,XIREC,10001.0,12
33300,,SUBMISSION,VELVETFRUIT_EXTRACT,XIREC,5270.0,7
33500,,SUBMISSION,HYDROGEL_PACK,XIREC,10001.0,14
34100,,SUBMISSION,HYDROGEL_PACK,XIREC,10003.0,13
34100,,,VEV_4000,XIREC,1282.0,1
35600,SUBMISSION,,HYDROGEL_PACK,XIREC,9999.0,13
35700,SUBMISSION,,HYDROGEL_PACK,XIREC,9999.0,11
35700,,SUBMISSION,VELVETFRUIT_EXTRACT,XIREC,5269.0,3
35800,SUBMISSION,,HYDROGEL_PACK,XIREC,9999.0,10
35800,SUBMISSION,,VELVETFRUIT_EXTRACT,XIREC,5265.0,7
35900,SUBMISSION,,HYDROGEL_PACK,XIREC,9996.0,11
35900,SUBMISSION,,HYDROGEL_PACK,XIREC,9999.0,20
36000,SUBMISSION,,HYDROGEL_PACK,XIREC,9999.0,14
36100,SUBMISSION,,HYDROGEL_PACK,XIREC,9997.0,15
36100,,SUBMISSION,VELVETFRUIT_EXTRACT,XIREC,5270.0,4
36200,SUBMISSION,,HYDROGEL_PACK,XIREC,9998.0,15
36300,SUBMISSION,,HYDROGEL_PACK,XIREC,9998.0,15
36500,SUBMISSION,,HYDROGEL_PACK,XIREC,9999.0,15
36600,SUBMISSION,,HYDROGEL_PACK,XIREC,9998.0,15
37000,SUBMISSION,,HYDROGEL_PACK,XIREC,9998.0,1
37700,,SUBMISSION,VELVETFRUIT_EXTRACT,XIREC,5268.0,8
37900,SUBMISSION,,VELVETFRUIT_EXTRACT,XIREC,5266.0,9
38400,SUBMISSION,,VELVETFRUIT_EXTRACT,XIREC,5266.0,8
38900,,SUBMISSION,VELVETFRUIT_EXTRACT,XIREC,5267.0,15
39500,,,VEV_4000,XIREC,1254.0,2
41100,,,HYDROGEL_PACK,XIREC,9998.0,6
41700,,SUBMISSION,VELVETFRUIT_EXTRACT,XIREC,5253.0,5
41900,SUBMISSION,,VEV_4500,XIREC,750.0,2
41900,,,VEV_5400,XIREC,13.0,2
41900,,,VEV_5500,XIREC,5.0,2
41900,,,VEV_6000,XIREC,0.0,2
41900,,,VEV_6500,XIREC,0.0,2
42000,SUBMISSION,,VELVETFRUIT_EXTRACT,XIREC,5248.0,8
42900,SUBMISSION,,VEV_4500,XIREC,753.0,4
42900,,,VEV_5400,XIREC,14.0,4
42900,,,VEV_5500,XIREC,5.0,4
42900,,,VEV_6000,XIREC,0.0,4
42900,,,VEV_6500,XIREC,0.0,4
43000,SUBMISSION,,VELVETFRUIT_EXTRACT,XIREC,5251.0,8
43400,,SUBMISSION,VELVETFRUIT_EXTRACT,XIREC,5253.0,7
44000,,,HYDROGEL_PACK,XIREC,9978.0,4
44700,SUBMISSION,,VELVETFRUIT_EXTRACT,XIREC,5256.0,8
44900,SUBMISSION,,VELVETFRUIT_EXTRACT,XIREC,5257.0,14
44900,SUBMISSION,,VELVETFRUIT_EXTRACT,XIREC,5257.0,14
45100,SUBMISSION,,VEV_4500,XIREC,758.0,5
45100,,,HYDROGEL_PACK,XIREC,9991.0,3
45100,,,VEV_5400,XIREC,15.0,5
45100,,,VEV_5500,XIREC,5.0,5
45100,,,VEV_6000,XIREC,0.0,5
45100,,,VEV_6500,XIREC,0.0,5
46500,,SUBMISSION,VELVETFRUIT_EXTRACT,XIREC,5257.0,8
46800,SUBMISSION,,VELVETFRUIT_EXTRACT,XIREC,5257.0,8
47200,,SUBMISSION,VELVETFRUIT_EXTRACT,XIREC,5259.0,11
48100,,SUBMISSION,VELVETFRUIT_EXTRACT,XIREC,5260.0,7
48400,SUBMISSION,,VELVETFRUIT_EXTRACT,XIREC,5258.0,5
48400,,,VELVETFRUIT_EXTRACT,XIREC,5258.0,5
49000,SUBMISSION,,VELVETFRUIT_EXTRACT,XIREC,5257.0,15
49400,,,HYDROGEL_PACK,XIREC,9958.0,4
49800,,,HYDROGEL_PACK,XIREC,9960.0,3
50200,,,VEV_4000,XIREC,1249.0,3
52600,,SUBMISSION,VELVETFRUIT_EXTRACT,XIREC,5262.0,8
52900,,SUBMISSION,VELVETFRUIT_EXTRACT,XIREC,5260.0,13
52900,SUBMISSION,,VEV_4500,XIREC,759.0,5
52900,,,VEV_5500,XIREC,6.0,5
52900,,,VEV_6000,XIREC,0.0,5
52900,,,VEV_6500,XIREC,0.0,5
53200,,SUBMISSION,VELVETFRUIT_EXTRACT,XIREC,5263.0,5
53600,SUBMISSION,,VELVETFRUIT_EXTRACT,XIREC,5258.0,5
54500,SUBMISSION,,VELVETFRUIT_EXTRACT,XIREC,5260.0,10
55300,,SUBMISSION,VELVETFRUIT_EXTRACT,XIREC,5255.0,6
55400,SUBMISSION,,VELVETFRUIT_EXTRACT,XIREC,5256.0,7
55800,SUBMISSION,,VELVETFRUIT_EXTRACT,XIREC,5254.0,8
56400,,SUBMISSION,VELVETFRUIT_EXTRACT,XIREC,5251.0,5
56600,SUBMISSION,,VELVETFRUIT_EXTRACT,XIREC,5251.0,8
56800,,SUBMISSION,VELVETFRUIT_EXTRACT,XIREC,5252.0,10
57200,,SUBMISSION,VELVETFRUIT_EXTRACT,XIREC,5249.0,6
57800,,SUBMISSION,VELVETFRUIT_EXTRACT,XIREC,5248.0,6
58300,,SUBMISSION,VELVETFRUIT_EXTRACT,XIREC,5248.0,10
58300,,,HYDROGEL_PACK,XIREC,9963.0,6
58400,,SUBMISSION,VELVETFRUIT_EXTRACT,XIREC,5247.0,8
59200,,SUBMISSION,VELVETFRUIT_EXTRACT,XIREC,5243.0,8
60700,,,HYDROGEL_PACK,XIREC,9973.0,5
63200,,SUBMISSION,VELVETFRUIT_EXTRACT,XIREC,5252.0,8
63800,,,VEV_4000,XIREC,1262.0,3
64300,SUBMISSION,,VELVETFRUIT_EXTRACT,XIREC,5250.0,3
65900,SUBMISSION,,VELVETFRUIT_EXTRACT,XIREC,5252.0,6
67600,,SUBMISSION,VELVETFRUIT_EXTRACT,XIREC,5261.0,4
69200,SUBMISSION,,VELVETFRUIT_EXTRACT,XIREC,5253.0,11
70000,SUBMISSION,,VELVETFRUIT_EXTRACT,XIREC,5256.0,6
70400,,SUBMISSION,VELVETFRUIT_EXTRACT,XIREC,5259.0,5
70500,SUBMISSION,,VELVETFRUIT_EXTRACT,XIREC,5257.0,8
70900,,,HYDROGEL_PACK,XIREC,9994.0,2
71300,SUBMISSION,,VELVETFRUIT_EXTRACT,XIREC,5254.0,6
71500,SUBMISSION,,VELVETFRUIT_EXTRACT,XIREC,5251.0,4
71800,,,HYDROGEL_PACK,XIREC,9975.0,5
72700,,,HYDROGEL_PACK,XIREC,9988.0,3
72800,SUBMISSION,,VELVETFRUIT_EXTRACT,XIREC,5258.0,10
73100,SUBMISSION,,VELVETFRUIT_EXTRACT,XIREC,5257.0,7
73200,SUBMISSION,,VELVETFRUIT_EXTRACT,XIREC,5255.0,5
75200,SUBMISSION,,VEV_4500,XIREC,755.0,4
75200,,,VEV_5300,XIREC,46.0,4
75200,,,VEV_5400,XIREC,14.0,4
75200,,,VEV_5500,XIREC,5.0,4
75200,,,VEV_6000,XIREC,0.0,4
75200,,,VEV_6500,XIREC,0.0,4
76200,,SUBMISSION,VELVETFRUIT_EXTRACT,XIREC,5253.0,6
76700,,SUBMISSION,VELVETFRUIT_EXTRACT,XIREC,5257.0,4
77300,,SUBMISSION,VELVETFRUIT_EXTRACT,XIREC,5251.0,15
78300,,SUBMISSION,VELVETFRUIT_EXTRACT,XIREC,5254.0,15
78700,,,HYDROGEL_PACK,XIREC,9939.0,3
79300,SUBMISSION,,VEV_4500,XIREC,757.0,5
79300,,,VEV_5300,XIREC,47.0,5
79300,,,VEV_5400,XIREC,14.0,5
79300,,,VEV_5500,XIREC,5.0,5
79300,,,VEV_6000,XIREC,0.0,5
79300,,,VEV_6500,XIREC,0.0,5
79900,SUBMISSION,,VELVETFRUIT_EXTRACT,XIREC,5257.0,22
80800,,,VEV_4000,XIREC,1274.0,1
81700,,SUBMISSION,VELVETFRUIT_EXTRACT,XIREC,5265.0,9
82100,SUBMISSION,,VELVETFRUIT_EXTRACT,XIREC,5270.0,5
82100,,,VELVETFRUIT_EXTRACT,XIREC,5270.0,5
83000,,SUBMISSION,VELVETFRUIT_EXTRACT,XIREC,5270.0,6
83800,,SUBMISSION,VELVETFRUIT_EXTRACT,XIREC,5268.0,9
84100,,SUBMISSION,VELVETFRUIT_EXTRACT,XIREC,5271.0,8
84200,,SUBMISSION,VELVETFRUIT_EXTRACT,XIREC,5269.0,10
84300,,SUBMISSION,VELVETFRUIT_EXTRACT,XIREC,5269.0,7
84400,,SUBMISSION,VELVETFRUIT_EXTRACT,XIREC,5272.0,5
84600,SUBMISSION,,VELVETFRUIT_EXTRACT,XIREC,5273.0,5
84600,SUBMISSION,,VELVETFRUIT_EXTRACT,XIREC,5273.0,1
84800,,SUBMISSION,VELVETFRUIT_EXTRACT,XIREC,5275.0,5
85500,,SUBMISSION,VELVETFRUIT_EXTRACT,XIREC,5272.0,8
85500,,,HYDROGEL_PACK,XIREC,9954.0,2
86300,SUBMISSION,,VELVETFRUIT_EXTRACT,XIREC,5268.0,12
86300,SUBMISSION,,VELVETFRUIT_EXTRACT,XIREC,5268.0,2
86500,,SUBMISSION,VELVETFRUIT_EXTRACT,XIREC,5270.0,2
88700,SUBMISSION,,VELVETFRUIT_EXTRACT,XIREC,5269.0,8
89000,,SUBMISSION,VELVETFRUIT_EXTRACT,XIREC,5269.0,8
90100,,,HYDROGEL_PACK,XIREC,9931.0,3
91700,SUBMISSION,,VELVETFRUIT_EXTRACT,XIREC,5265.0,8
91700,,,HYDROGEL_PACK,XIREC,9929.0,2
92600,,SUBMISSION,VELVETFRUIT_EXTRACT,XIREC,5270.0,4
94100,SUBMISSION,,VELVETFRUIT_EXTRACT,XIREC,5268.0,5
94500,SUBMISSION,,VELVETFRUIT_EXTRACT,XIREC,5267.0,9
94900,SUBMISSION,,VELVETFRUIT_EXTRACT,XIREC,5264.0,10
95100,SUBMISSION,,VELVETFRUIT_EXTRACT,XIREC,5263.0,8
95600,SUBMISSION,,VELVETFRUIT_EXTRACT,XIREC,5262.0,9
97200,,SUBMISSION,VELVETFRUIT_EXTRACT,XIREC,5264.0,7
97400,SUBMISSION,,VELVETFRUIT_EXTRACT,XIREC,5259.0,5
97600,,,HYDROGEL_PACK,XIREC,9937.0,2
98600,,,VEV_4000,XIREC,1255.0,1
99300,SUBMISSION,,VELVETFRUIT_EXTRACT,XIREC,5262.0,8
101200,SUBMISSION,,VELVETFRUIT_EXTRACT,XIREC,5259.0,11
101800,,,HYDROGEL_PACK,XIREC,9984.0,3
102300,SUBMISSION,,VELVETFRUIT_EXTRACT,XIREC,5264.0,7
102400,,,HYDROGEL_PACK,XIREC,9984.0,3
102600,SUBMISSION,,VEV_4500,XIREC,764.0,2
102600,,,VEV_5400,XIREC,16.0,2
102600,,,VEV_5500,XIREC,6.0,2
102600,,,VEV_6000,XIREC,0.0,2
102600,,,VEV_6500,XIREC,0.0,2
103300,,,VEV_4000,XIREC,1254.0,1
103500,SUBMISSION,,VELVETFRUIT_EXTRACT,XIREC,5264.0,8
103700,,,VEV_4000,XIREC,1254.0,3
103900,,SUBMISSION,VELVETFRUIT_EXTRACT,XIREC,5261.0,13
104000,SUBMISSION,,VELVETFRUIT_EXTRACT,XIREC,5260.0,8
104500,,,HYDROGEL_PACK,XIREC,9984.0,2
105400,,SUBMISSION,VELVETFRUIT_EXTRACT,XIREC,5259.0,7
105500,SUBMISSION,,VEV_4500,XIREC,758.0,5
105500,,,VEV_5300,XIREC,47.0,5
105500,,,VEV_5500,XIREC,5.0,5
105500,,,VEV_6000,XIREC,0.0,5
105500,,,VEV_6500,XIREC,0.0,5
106100,,SUBMISSION,VELVETFRUIT_EXTRACT,XIREC,5260.0,5
106300,,SUBMISSION,VELVETFRUIT_EXTRACT,XIREC,5261.0,7
107900,SUBMISSION,,VELVETFRUIT_EXTRACT,XIREC,5261.0,8
108800,,SUBMISSION,VELVETFRUIT_EXTRACT,XIREC,5262.0,3
109100,,,VEV_4000,XIREC,1254.0,1
109400,,SUBMISSION,VELVETFRUIT_EXTRACT,XIREC,5265.0,6
109600,,,HYDROGEL_PACK,XIREC,9990.0,6
109800,,SUBMISSION,VELVETFRUIT_EXTRACT,XIREC,5266.0,3
110500,,SUBMISSION,VELVETFRUIT_EXTRACT,XIREC,5261.0,8
111300,,SUBMISSION,VELVETFRUIT_EXTRACT,XIREC,5262.0,7
111900,,,VEV_4000,XIREC,1252.0,2
112600,SUBMISSION,,VELVETFRUIT_EXTRACT,XIREC,5257.0,10
112600,SUBMISSION,,VELVETFRUIT_EXTRACT,XIREC,5257.0,10
113600,,SUBMISSION,VELVETFRUIT_EXTRACT,XIREC,5255.0,10
114500,,,HYDROGEL_PACK,XIREC,9994.0,5
114700,,SUBMISSION,VEV_4000,XIREC,1268.0,2
115000,SUBMISSION,,VEV_4000,XIREC,1268.0,2
116800,,,VEV_4000,XIREC,1268.0,2
118000,,SUBMISSION,VELVETFRUIT_EXTRACT,XIREC,5259.0,8
118100,,SUBMISSION,VELVETFRUIT_EXTRACT,XIREC,5259.0,3
120700,,SUBMISSION,VELVETFRUIT_EXTRACT,XIREC,5256.0,8
121500,,SUBMISSION,HYDROGEL_PACK,XIREC,10006.0,5
121800,,SUBMISSION,HYDROGEL_PACK,XIREC,10000.0,12
122200,,SUBMISSION,VELVETFRUIT_EXTRACT,XIREC,5259.0,9
122900,SUBMISSION,,VELVETFRUIT_EXTRACT,XIREC,5259.0,8
123700,,SUBMISSION,HYDROGEL_PACK,XIREC,10000.0,13
123800,,SUBMISSION,HYDROGEL_PACK,XIREC,10004.0,14
123800,,SUBMISSION,HYDROGEL_PACK,XIREC,10001.0,20
123900,,SUBMISSION,HYDROGEL_PACK,XIREC,10008.0,10
123900,,SUBMISSION,HYDROGEL_PACK,XIREC,10006.0,27
124000,,SUBMISSION,HYDROGEL_PACK,XIREC,10009.0,14
124000,,SUBMISSION,HYDROGEL_PACK,XIREC,10007.0,30
124100,,SUBMISSION,HYDROGEL_PACK,XIREC,10010.0,13
124100,,SUBMISSION,HYDROGEL_PACK,XIREC,10007.0,22
124200,,SUBMISSION,HYDROGEL_PACK,XIREC,10010.0,11
124200,,SUBMISSION,HYDROGEL_PACK,XIREC,10007.0,9
124900,,,HYDROGEL_PACK,XIREC,10022.0,3
125200,SUBMISSION,,VELVETFRUIT_EXTRACT,XIREC,5261.0,13
125900,,SUBMISSION,VELVETFRUIT_EXTRACT,XIREC,5265.0,10
126800,,,HYDROGEL_PACK,XIREC,10015.0,2
127500,,SUBMISSION,VELVETFRUIT_EXTRACT,XIREC,5257.0,8
129300,SUBMISSION,,VELVETFRUIT_EXTRACT,XIREC,5255.0,5
129300,,,VELVETFRUIT_EXTRACT,XIREC,5255.0,8
129300,,,VELVETFRUIT_EXTRACT,XIREC,5255.0,5
129400,,,HYDROGEL_PACK,XIREC,10009.0,4
129600,SUBMISSION,,VELVETFRUIT_EXTRACT,XIREC,5256.0,6
129700,SUBMISSION,,VELVETFRUIT_EXTRACT,XIREC,5256.0,9
129700,SUBMISSION,,VEV_4500,XIREC,756.0,4
129700,,,VEV_5300,XIREC,46.0,4
129700,,,VEV_5400,XIREC,14.0,4
129700,,,VEV_5500,XIREC,5.0,4
129700,,,VEV_6000,XIREC,0.0,4
129700,,,VEV_6500,XIREC,0.0,4
130100,,SUBMISSION,VELVETFRUIT_EXTRACT,XIREC,5255.0,5
130300,SUBMISSION,,VELVETFRUIT_EXTRACT,XIREC,5253.0,6
130500,,SUBMISSION,VELVETFRUIT_EXTRACT,XIREC,5253.0,15
131900,,SUBMISSION,VELVETFRUIT_EXTRACT,XIREC,5256.0,7
132400,SUBMISSION,,HYDROGEL_PACK,XIREC,10000.0,5
133000,,SUBMISSION,VELVETFRUIT_EXTRACT,XIREC,5259.0,7
134300,SUBMISSION,,VELVETFRUIT_EXTRACT,XIREC,5255.0,9
134300,SUBMISSION,,VELVETFRUIT_EXTRACT,XIREC,5255.0,9
134500,,SUBMISSION,HYDROGEL_PACK,XIREC,10001.0,5
134700,SUBMISSION,,VELVETFRUIT_EXTRACT,XIREC,5257.0,12
135200,SUBMISSION,,VELVETFRUIT_EXTRACT,XIREC,5257.0,6
135500,,SUBMISSION,VELVETFRUIT_EXTRACT,XIREC,5258.0,7
137000,,,HYDROGEL_PACK,XIREC,10007.0,3
137400,,SUBMISSION,VELVETFRUIT_EXTRACT,XIREC,5262.0,10
138300,SUBMISSION,,VELVETFRUIT_EXTRACT,XIREC,5256.0,15
138400,SUBMISSION,,VELVETFRUIT_EXTRACT,XIREC,5256.0,10
138700,,SUBMISSION,VELVETFRUIT_EXTRACT,XIREC,5261.0,3
139700,,SUBMISSION,VELVETFRUIT_EXTRACT,XIREC,5256.0,9
140500,SUBMISSION,,VELVETFRUIT_EXTRACT,XIREC,5257.0,7
140500,,,VELVETFRUIT_EXTRACT,XIREC,5257.0,6
140900,,,VEV_4000,XIREC,1246.0,1
142300,,SUBMISSION,VELVETFRUIT_EXTRACT,XIREC,5258.0,6
142500,,SUBMISSION,VELVETFRUIT_EXTRACT,XIREC,5257.0,9
143100,,SUBMISSION,VELVETFRUIT_EXTRACT,XIREC,5260.0,7
143200,,SUBMISSION,VELVETFRUIT_EXTRACT,XIREC,5258.0,7
143800,SUBMISSION,,HYDROGEL_PACK,XIREC,9997.0,5
144300,,SUBMISSION,VELVETFRUIT_EXTRACT,XIREC,5265.0,6
144400,,,VEV_4000,XIREC,1253.0,1
145100,,SUBMISSION,HYDROGEL_PACK,XIREC,10011.0,5
145400,SUBMISSION,,HYDROGEL_PACK,XIREC,9996.0,2
145400,SUBMISSION,,VELVETFRUIT_EXTRACT,XIREC,5269.0,5
145800,,,VEV_4000,XIREC,1257.0,1
145900,,SUBMISSION,HYDROGEL_PACK,XIREC,10001.0,2
147200,SUBMISSION,,VELVETFRUIT_EXTRACT,XIREC,5260.0,8
148100,,SUBMISSION,VELVETFRUIT_EXTRACT,XIREC,5265.0,11
148800,,SUBMISSION,VELVETFRUIT_EXTRACT,XIREC,5264.0,8
149900,,,HYDROGEL_PACK,XIREC,10007.0,3
150400,,SUBMISSION,VEV_4000,XIREC,1278.0,1
150600,,,HYDROGEL_PACK,XIREC,10028.0,4
151000,,SUBMISSION,VELVETFRUIT_EXTRACT,XIREC,5271.0,9
151400,,,HYDROGEL_PACK,XIREC,10014.0,3
151600,SUBMISSION,,VEV_4000,XIREC,1284.0,1
151600,,,HYDROGEL_PACK,XIREC,10014.0,6
153100,,SUBMISSION,VEV_4000,XIREC,1283.0,3
153200,,,HYDROGEL_PACK,XIREC,10008.0,5
154300,,SUBMISSION,VELVETFRUIT_EXTRACT,XIREC,5274.0,6
154600,SUBMISSION,,VELVETFRUIT_EXTRACT,XIREC,5272.0,6
155100,,SUBMISSION,VELVETFRUIT_EXTRACT,XIREC,5276.0,8
155300,,SUBMISSION,VELVETFRUIT_EXTRACT,XIREC,5276.0,3
155600,SUBMISSION,,VEV_4000,XIREC,1284.0,3
155700,,SUBMISSION,VELVETFRUIT_EXTRACT,XIREC,5276.0,4
155800,SUBMISSION,,VELVETFRUIT_EXTRACT,XIREC,5275.0,7
155900,,SUBMISSION,VEV_4000,XIREC,1284.0,2
156200,SUBMISSION,,VELVETFRUIT_EXTRACT,XIREC,5275.0,8
156200,SUBMISSION,,VELVETFRUIT_EXTRACT,XIREC,5275.0,6
156200,SUBMISSION,,VELVETFRUIT_EXTRACT,XIREC,5275.0,8
156200,SUBMISSION,,VELVETFRUIT_EXTRACT,XIREC,5275.0,6
157000,,,HYDROGEL_PACK,XIREC,10024.0,4
157400,SUBMISSION,,VELVETFRUIT_EXTRACT,XIREC,5272.0,13
157400,,,VELVETFRUIT_EXTRACT,XIREC,5272.0,13
160500,SUBMISSION,,VEV_4000,XIREC,1283.0,2
161100,,,HYDROGEL_PACK,XIREC,10028.0,4
161200,SUBMISSION,,VELVETFRUIT_EXTRACT,XIREC,5272.0,6
161400,,SUBMISSION,VELVETFRUIT_EXTRACT,XIREC,5272.0,13
163200,SUBMISSION,,VELVETFRUIT_EXTRACT,XIREC,5273.0,10
163400,,SUBMISSION,VELVETFRUIT_EXTRACT,XIREC,5277.0,10
163900,,SUBMISSION,VELVETFRUIT_EXTRACT,XIREC,5277.0,8
164100,,SUBMISSION,VELVETFRUIT_EXTRACT,XIREC,5281.0,5
164200,SUBMISSION,,VELVETFRUIT_EXTRACT,XIREC,5279.0,7
164600,,,HYDROGEL_PACK,XIREC,10023.0,6
165700,SUBMISSION,,VELVETFRUIT_EXTRACT,XIREC,5273.0,10
165700,,,VELVETFRUIT_EXTRACT,XIREC,5273.0,10
166000,SUBMISSION,,VELVETFRUIT_EXTRACT,XIREC,5275.0,7
166700,,,VEV_4000,XIREC,1283.0,3
168200,SUBMISSION,,VELVETFRUIT_EXTRACT,XIREC,5270.0,13
168600,SUBMISSION,,VELVETFRUIT_EXTRACT,XIREC,5269.0,10
169000,SUBMISSION,,VEV_4500,XIREC,771.0,3
169000,,,HYDROGEL_PACK,XIREC,10028.0,2
169000,,,VEV_5300,XIREC,52.0,3
169000,,,VEV_5400,XIREC,16.0,3
169000,,,VEV_5500,XIREC,6.0,3
169000,,,VEV_6000,XIREC,0.0,3
169000,,,VEV_6500,XIREC,0.0,3
169200,,,HYDROGEL_PACK,XIREC,10025.0,5
169200,,,VEV_4000,XIREC,1261.0,3
169900,SUBMISSION,,VELVETFRUIT_EXTRACT,XIREC,5269.0,6
169900,SUBMISSION,,VELVETFRUIT_EXTRACT,XIREC,5268.0,3
170000,SUBMISSION,,VELVETFRUIT_EXTRACT,XIREC,5268.0,15
170100,,,HYDROGEL_PACK,XIREC,10020.0,4
170500,,SUBMISSION,VELVETFRUIT_EXTRACT,XIREC,5271.0,7
170900,SUBMISSION,,VELVETFRUIT_EXTRACT,XIREC,5270.0,9
171500,SUBMISSION,,VELVETFRUIT_EXTRACT,XIREC,5272.0,7
171800,SUBMISSION,,VEV_4500,XIREC,772.0,5
171800,,,VEV_5400,XIREC,17.0,5
171800,,,VEV_5500,XIREC,7.0,5
171800,,,VEV_6000,XIREC,0.0,5
171800,,,VEV_6500,XIREC,0.0,5
172400,,SUBMISSION,VELVETFRUIT_EXTRACT,XIREC,5272.0,11
172600,,SUBMISSION,VELVETFRUIT_EXTRACT,XIREC,5275.0,8
173300,SUBMISSION,,VELVETFRUIT_EXTRACT,XIREC,5275.0,10
173400,,SUBMISSION,VELVETFRUIT_EXTRACT,XIREC,5274.0,9
174000,,SUBMISSION,VELVETFRUIT_EXTRACT,XIREC,5277.0,6
175000,,SUBMISSION,VELVETFRUIT_EXTRACT,XIREC,5278.0,4
175300,SUBMISSION,,VELVETFRUIT_EXTRACT,XIREC,5278.0,7
177100,,,HYDROGEL_PACK,XIREC,10011.0,3
178100,SUBMISSION,,VELVETFRUIT_EXTRACT,XIREC,5275.0,9
178100,,,HYDROGEL_PACK,XIREC,10007.0,3
178200,SUBMISSION,,VELVETFRUIT_EXTRACT,XIREC,5273.0,3
179100,,SUBMISSION,VELVETFRUIT_EXTRACT,XIREC,5274.0,8
179200,SUBMISSION,,VELVETFRUIT_EXTRACT,XIREC,5270.0,8
179500,,SUBMISSION,VELVETFRUIT_EXTRACT,XIREC,5269.0,10
181200,SUBMISSION,,VELVETFRUIT_EXTRACT,XIREC,5267.0,14
181600,SUBMISSION,,HYDROGEL_PACK,XIREC,9997.0,5
182900,,SUBMISSION,HYDROGEL_PACK,XIREC,10001.0,5
183900,SUBMISSION,,VELVETFRUIT_EXTRACT,XIREC,5263.0,9
185500,,SUBMISSION,VELVETFRUIT_EXTRACT,XIREC,5261.0,5
185700,,SUBMISSION,VELVETFRUIT_EXTRACT,XIREC,5261.0,15
185800,,SUBMISSION,VELVETFRUIT_EXTRACT,XIREC,5261.0,5
186000,,SUBMISSION,VELVETFRUIT_EXTRACT,XIREC,5262.0,9
186300,SUBMISSION,,VELVETFRUIT_EXTRACT,XIREC,5258.0,10
186700,,SUBMISSION,VELVETFRUIT_EXTRACT,XIREC,5256.0,8
187400,,SUBMISSION,VELVETFRUIT_EXTRACT,XIREC,5257.0,11
188200,SUBMISSION,,VELVETFRUIT_EXTRACT,XIREC,5256.0,3
188500,SUBMISSION,,HYDROGEL_PACK,XIREC,9999.0,14
188600,SUBMISSION,,HYDROGEL_PACK,XIREC,9994.0,14
188600,SUBMISSION,,HYDROGEL_PACK,XIREC,9997.0,24
188700,SUBMISSION,,HYDROGEL_PACK,XIREC,9992.0,14
188700,SUBMISSION,,HYDROGEL_PACK,XIREC,9995.0,21
188800,SUBMISSION,,HYDROGEL_PACK,XIREC,9990.0,11
188800,SUBMISSION,,HYDROGEL_PACK,XIREC,9992.0,23
188900,SUBMISSION,,HYDROGEL_PACK,XIREC,9988.0,10
188900,SUBMISSION,,HYDROGEL_PACK,XIREC,9991.0,20
189000,SUBMISSION,,HYDROGEL_PACK,XIREC,9990.0,10
189000,SUBMISSION,,HYDROGEL_PACK,XIREC,9993.0,26
189100,SUBMISSION,,HYDROGEL_PACK,XIREC,9989.0,13
189100,SUBMISSION,,VEV_4500,XIREC,759.0,4
189100,,,VEV_5300,XIREC,47.0,4
189100,,,VEV_5400,XIREC,14.0,4
189100,,,VEV_5500,XIREC,6.0,4
189100,,,VEV_6000,XIREC,0.0,4
189100,,,VEV_6500,XIREC,0.0,4
189700,SUBMISSION,,VELVETFRUIT_EXTRACT,XIREC,5258.0,6
190900,,,VEV_4000,XIREC,1270.0,1
192100,,SUBMISSION,VELVETFRUIT_EXTRACT,XIREC,5260.0,9
192400,SUBMISSION,,VELVETFRUIT_EXTRACT,XIREC,5262.0,7
192700,,,VEV_4000,XIREC,1253.0,2
193400,,,HYDROGEL_PACK,XIREC,9993.0,4
194700,SUBMISSION,,VELVETFRUIT_EXTRACT,XIREC,5262.0,10
194700,,,VELVETFRUIT_EXTRACT,XIREC,5262.0,10
194900,SUBMISSION,,VELVETFRUIT_EXTRACT,XIREC,5258.0,6
195200,,SUBMISSION,VEV_4000,XIREC,1269.0,2
195500,,SUBMISSION,VELVETFRUIT_EXTRACT,XIREC,5263.0,6
195600,,,HYDROGEL_PACK,XIREC,9972.0,5
196200,,SUBMISSION,VELVETFRUIT_EXTRACT,XIREC,5265.0,8
196700,SUBMISSION,,VELVETFRUIT_EXTRACT,XIREC,5262.0,6
196800,SUBMISSION,,VEV_4000,XIREC,1254.0,2
196900,SUBMISSION,,VELVETFRUIT_EXTRACT,XIREC,5260.0,12
199400,SUBMISSION,,VELVETFRUIT_EXTRACT,XIREC,5262.0,8
199400,SUBMISSION,,VELVETFRUIT_EXTRACT,XIREC,5262.0,8
200400,,,VEV_4000,XIREC,1252.0,1
201000,,SUBMISSION,VELVETFRUIT_EXTRACT,XIREC,5259.0,10
201300,,SUBMISSION,VELVETFRUIT_EXTRACT,XIREC,5259.0,10
201300,SUBMISSION,,VELVETFRUIT_EXTRACT,XIREC,5259.0,6
201500,,,VEV_4000,XIREC,1248.0,1
201600,SUBMISSION,,VELVETFRUIT_EXTRACT,XIREC,5258.0,7
202300,,SUBMISSION,VELVETFRUIT_EXTRACT,XIREC,5259.0,8
202300,,,VEV_4000,XIREC,1249.0,1
202500,SUBMISSION,,VELVETFRUIT_EXTRACT,XIREC,5260.0,12
202600,,SUBMISSION,VELVETFRUIT_EXTRACT,XIREC,5261.0,12
203400,,SUBMISSION,VELVETFRUIT_EXTRACT,XIREC,5260.0,6
203500,,SUBMISSION,VELVETFRUIT_EXTRACT,XIREC,5262.0,4
204400,SUBMISSION,,VEV_4500,XIREC,760.0,5
204400,,,VEV_5300,XIREC,47.0,5
204400,,,VEV_5400,XIREC,14.0,5
204400,,,VEV_5500,XIREC,6.0,5
204400,,,VEV_6000,XIREC,0.0,5
204400,,,VEV_6500,XIREC,0.0,5
204600,,SUBMISSION,VELVETFRUIT_EXTRACT,XIREC,5261.0,12
204700,,SUBMISSION,VELVETFRUIT_EXTRACT,XIREC,5262.0,13
205000,,SUBMISSION,VELVETFRUIT_EXTRACT,XIREC,5264.0,8
205000,SUBMISSION,,VELVETFRUIT_EXTRACT,XIREC,5263.0,5
206000,,SUBMISSION,VELVETFRUIT_EXTRACT,XIREC,5267.0,6
206200,,,HYDROGEL_PACK,XIREC,9992.0,3
206600,,,HYDROGEL_PACK,XIREC,9976.0,3
206700,SUBMISSION,,VELVETFRUIT_EXTRACT,XIREC,5268.0,5
206700,,,HYDROGEL_PACK,XIREC,9981.0,5
207000,SUBMISSION,,VELVETFRUIT_EXTRACT,XIREC,5268.0,15
207000,,,VELVETFRUIT_EXTRACT,XIREC,5268.0,15
207100,,SUBMISSION,VELVETFRUIT_EXTRACT,XIREC,5269.0,15
209400,SUBMISSION,,VELVETFRUIT_EXTRACT,XIREC,5266.0,4
210200,SUBMISSION,,VELVETFRUIT_EXTRACT,XIREC,5263.0,10
210400,SUBMISSION,,VELVETFRUIT_EXTRACT,XIREC,5263.0,6
210800,SUBMISSION,,VELVETFRUIT_EXTRACT,XIREC,5264.0,8
211400,SUBMISSION,,VELVETFRUIT_EXTRACT,XIREC,5265.0,7
212100,,SUBMISSION,VELVETFRUIT_EXTRACT,XIREC,5270.0,4
212100,,,VEV_4000,XIREC,1257.0,2
212200,SUBMISSION,,VELVETFRUIT_EXTRACT,XIREC,5267.0,5
212200,,,VELVETFRUIT_EXTRACT,XIREC,5267.0,5
212900,SUBMISSION,,VELVETFRUIT_EXTRACT,XIREC,5267.0,5
214600,,SUBMISSION,VELVETFRUIT_EXTRACT,XIREC,5266.0,6
216500,SUBMISSION,,VELVETFRUIT_EXTRACT,XIREC,5264.0,12
217200,SUBMISSION,,VELVETFRUIT_EXTRACT,XIREC,5263.0,4
217800,SUBMISSION,,VELVETFRUIT_EXTRACT,XIREC,5261.0,6
219200,,,HYDROGEL_PACK,XIREC,9954.0,4
220600,,,VELVETFRUIT_EXTRACT,XIREC,5260.0,4
220800,,SUBMISSION,VELVETFRUIT_EXTRACT,XIREC,5264.0,6
221100,,SUBMISSION,VELVETFRUIT_EXTRACT,XIREC,5262.0,8
221200,,,HYDROGEL_PACK,XIREC,9963.0,6
221300,SUBMISSION,,VELVETFRUIT_EXTRACT,XIREC,5258.0,9
223700,,SUBMISSION,VELVETFRUIT_EXTRACT,XIREC,5258.0,10
224300,,,HYDROGEL_PACK,XIREC,9942.0,4
224400,SUBMISSION,,VELVETFRUIT_EXTRACT,XIREC,5261.0,9
224600,SUBMISSION,,VELVETFRUIT_EXTRACT,XIREC,5263.0,6
225500,SUBMISSION,,VEV_4500,XIREC,767.0,5
225500,,,VEV_5300,XIREC,50.0,5
225500,,,VEV_5400,XIREC,16.0,5
225500,,,VEV_5500,XIREC,6.0,5
225500,,,VEV_6000,XIREC,0.0,5
225500,,,VEV_6500,XIREC,0.0,5
226700,,SUBMISSION,VELVETFRUIT_EXTRACT,XIREC,5264.0,6
229200,SUBMISSION,,VELVETFRUIT_EXTRACT,XIREC,5262.0,6
229400,,,VELVETFRUIT_EXTRACT,XIREC,5260.0,7
231600,,,VELVETFRUIT_EXTRACT,XIREC,5262.0,5
231900,,SUBMISSION,VEV_4000,XIREC,1274.0,2
232000,,SUBMISSION,VELVETFRUIT_EXTRACT,XIREC,5266.0,8
233000,,,HYDROGEL_PACK,XIREC,9927.0,3
233200,SUBMISSION,,VELVETFRUIT_EXTRACT,XIREC,5265.0,6
234100,,SUBMISSION,VELVETFRUIT_EXTRACT,XIREC,5265.0,13
235000,,SUBMISSION,VELVETFRUIT_EXTRACT,XIREC,5269.0,7
235700,,,HYDROGEL_PACK,XIREC,9906.0,6
237100,,SUBMISSION,VELVETFRUIT_EXTRACT,XIREC,5269.0,8
237400,,SUBMISSION,VELVETFRUIT_EXTRACT,XIREC,5272.0,6
237600,SUBMISSION,,VELVETFRUIT_EXTRACT,XIREC,5271.0,8
237600,,,VELVETFRUIT_EXTRACT,XIREC,5271.0,8
237700,,SUBMISSION,VELVETFRUIT_EXTRACT,XIREC,5272.0,8
238900,,,HYDROGEL_PACK,XIREC,9910.0,4
239300,,,HYDROGEL_PACK,XIREC,9909.0,2
239400,SUBMISSION,,VEV_4000,XIREC,1261.0,2
239400,SUBMISSION,,VEV_4500,XIREC,761.0,2
239400,,,HYDROGEL_PACK,XIREC,9910.0,4
239400,,,VEV_5400,XIREC,15.0,2
239400,,,VEV_5500,XIREC,6.0,2
239400,,,VEV_6000,XIREC,0.0,2
239400,,,VEV_6500,XIREC,0.0,2
239600,,SUBMISSION,VELVETFRUIT_EXTRACT,XIREC,5263.0,11
239700,,SUBMISSION,VELVETFRUIT_EXTRACT,XIREC,5263.0,10
239800,,,HYDROGEL_PACK,XIREC,9925.0,5
240700,,SUBMISSION,VELVETFRUIT_EXTRACT,XIREC,5269.0,9
241800,SUBMISSION,,VELVETFRUIT_EXTRACT,XIREC,5275.0,8
242100,,SUBMISSION,VELVETFRUIT_EXTRACT,XIREC,5275.0,8
242600,,SUBMISSION,VELVETFRUIT_EXTRACT,XIREC,5274.0,7
242700,,SUBMISSION,VELVETFRUIT_EXTRACT,XIREC,5273.0,7
243500,,SUBMISSION,VELVETFRUIT_EXTRACT,XIREC,5273.0,4
243800,,,HYDROGEL_PACK,XIREC,9919.0,4
244900,,SUBMISSION,VELVETFRUIT_EXTRACT,XIREC,5275.0,4
246900,,SUBMISSION,VELVETFRUIT_EXTRACT,XIREC,5278.0,5
248000,,SUBMISSION,VELVETFRUIT_EXTRACT,XIREC,5278.0,10
248700,SUBMISSION,,VELVETFRUIT_EXTRACT,XIREC,5272.0,10
249400,,SUBMISSION,VELVETFRUIT_EXTRACT,XIREC,5275.0,8
249400,,SUBMISSION,VEV_4000,XIREC,1285.0,3
249600,SUBMISSION,,VELVETFRUIT_EXTRACT,XIREC,5276.0,5
249800,SUBMISSION,,VEV_4000,XIREC,1268.0,2
250400,SUBMISSION,,VELVETFRUIT_EXTRACT,XIREC,5275.0,14
251300,,SUBMISSION,VELVETFRUIT_EXTRACT,XIREC,5273.0,9
252900,SUBMISSION,,VELVETFRUIT_EXTRACT,XIREC,5268.0,10
253000,SUBMISSION,,VEV_4000,XIREC,1267.0,1
253000,SUBMISSION,,VEV_4500,XIREC,767.0,3
253000,,,VEV_5400,XIREC,16.0,3
253000,,,VEV_5500,XIREC,6.0,3
253000,,,VEV_6000,XIREC,0.0,3
253000,,,VEV_6500,XIREC,0.0,3
254300,,,HYDROGEL_PACK,XIREC,9951.0,2
256200,,,HYDROGEL_PACK,XIREC,9927.0,5
256600,SUBMISSION,,VELVETFRUIT_EXTRACT,XIREC,5267.0,13
258000,SUBMISSION,,VELVETFRUIT_EXTRACT,XIREC,5271.0,15
258000,SUBMISSION,,VELVETFRUIT_EXTRACT,XIREC,5271.0,15
258900,,,HYDROGEL_PACK,XIREC,9928.0,2
259500,SUBMISSION,,VELVETFRUIT_EXTRACT,XIREC,5274.0,4
262000,SUBMISSION,,VELVETFRUIT_EXTRACT,XIREC,5282.0,6
263500,,SUBMISSION,VELVETFRUIT_EXTRACT,XIREC,5281.0,6
263900,SUBMISSION,,VELVETFRUIT_EXTRACT,XIREC,5282.0,4
264200,,,HYDROGEL_PACK,XIREC,9927.0,6
264700,,,HYDROGEL_PACK,XIREC,9907.0,2
265100,SUBMISSION,,VELVETFRUIT_EXTRACT,XIREC,5286.0,6
265200,,,HYDROGEL_PACK,XIREC,9909.0,5
265500,SUBMISSION,,VELVETFRUIT_EXTRACT,XIREC,5286.0,6
265900,,SUBMISSION,VELVETFRUIT_EXTRACT,XIREC,5288.0,6
266800,,,VEV_4000,XIREC,1275.0,1
267000,,SUBMISSION,VELVETFRUIT_EXTRACT,XIREC,5288.0,6
267400,SUBMISSION,,VELVETFRUIT_EXTRACT,XIREC,5284.0,4
267900,,,HYDROGEL_PACK,XIREC,9926.0,6
268200,SUBMISSION,,VELVETFRUIT_EXTRACT,XIREC,5281.0,7
268600,SUBMISSION,,VELVETFRUIT_EXTRACT,XIREC,5282.0,5
268900,SUBMISSION,,VEV_4500,XIREC,780.0,4
268900,,,VEV_5400,XIREC,19.0,4
268900,,,VEV_5500,XIREC,8.0,4
268900,,,VEV_6000,XIREC,0.0,4
268900,,,VEV_6500,XIREC,0.0,4
269000,SUBMISSION,,VELVETFRUIT_EXTRACT,XIREC,5278.0,9
269700,,SUBMISSION,VEV_4000,XIREC,1287.0,1
270500,,SUBMISSION,VEV_4000,XIREC,1290.0,1
271100,SUBMISSION,,VELVETFRUIT_EXTRACT,XIREC,5277.0,3
272000,SUBMISSION,,VEV_4000,XIREC,1279.0,2
272000,SUBMISSION,,VEV_4500,XIREC,779.0,3
272000,,,VEV_5500,XIREC,8.0,3
272000,,,VEV_6000,XIREC,0.0,3
272000,,,VEV_6500,XIREC,0.0,3
272700,SUBMISSION,,VELVETFRUIT_EXTRACT,XIREC,5278.0,2
272700,,,VELVETFRUIT_EXTRACT,XIREC,5277.0,1
272900,,SUBMISSION,VEV_4000,XIREC,1289.0,3
272900,,,HYDROGEL_PACK,XIREC,9924.0,5
273400,,,HYDROGEL_PACK,XIREC,9922.0,3
273500,,,HYDROGEL_PACK,XIREC,9921.0,6
274100,,SUBMISSION,VELVETFRUIT_EXTRACT,XIREC,5279.0,9
274100,SUBMISSION,,VELVETFRUIT_EXTRACT,XIREC,5279.0,6
274300,,SUBMISSION,VELVETFRUIT_EXTRACT,XIREC,5279.0,8
274400,,,HYDROGEL_PACK,XIREC,9907.0,3
274600,SUBMISSION,,VELVETFRUIT_EXTRACT,XIREC,5275.0,3
275200,SUBMISSION,,VEV_4000,XIREC,1276.0,3
275200,SUBMISSION,,VEV_4500,XIREC,776.0,5
275200,,,VEV_5400,XIREC,18.0,5
275200,,,VEV_5500,XIREC,7.0,5
275200,,,VEV_6000,XIREC,0.0,5
275200,,,VEV_6500,XIREC,0.0,5
275500,,SUBMISSION,VELVETFRUIT_EXTRACT,XIREC,5273.0,8
275800,,,HYDROGEL_PACK,XIREC,9912.0,6
277000,,,HYDROGEL_PACK,XIREC,9911.0,6
277300,,,HYDROGEL_PACK,XIREC,9910.0,3
277900,,,VEV_4000,XIREC,1259.0,3
278100,SUBMISSION,,VELVETFRUIT_EXTRACT,XIREC,5269.0,15
278700,,SUBMISSION,VELVETFRUIT_EXTRACT,XIREC,5273.0,6
278800,,SUBMISSION,VELVETFRUIT_EXTRACT,XIREC,5275.0,4
278800,,,HYDROGEL_PACK,XIREC,9890.0,2
279300,,SUBMISSION,VELVETFRUIT_EXTRACT,XIREC,5272.0,8
279500,SUBMISSION,,VELVETFRUIT_EXTRACT,XIREC,5270.0,12
279900,,,HYDROGEL_PACK,XIREC,9890.0,6
280700,SUBMISSION,,VELVETFRUIT_EXTRACT,XIREC,5269.0,6
281100,,SUBMISSION,VEV_4000,XIREC,1277.0,1
281400,SUBMISSION,,VELVETFRUIT_EXTRACT,XIREC,5269.0,1
282200,,,HYDROGEL_PACK,XIREC,9891.0,4
282600,,SUBMISSION,VELVETFRUIT_EXTRACT,XIREC,5269.0,3
282600,,SUBMISSION,VELVETFRUIT_EXTRACT,XIREC,5269.0,3
282600,,SUBMISSION,VELVETFRUIT_EXTRACT,XIREC,5271.0,6
282600,,,VELVETFRUIT_EXTRACT,XIREC,5269.0,7
283300,SUBMISSION,,VELVETFRUIT_EXTRACT,XIREC,5271.0,5
283700,,,HYDROGEL_PACK,XIREC,9922.0,5
284300,,,HYDROGEL_PACK,XIREC,9923.0,6
285600,,SUBMISSION,VELVETFRUIT_EXTRACT,XIREC,5277.0,4
285800,SUBMISSION,,VELVETFRUIT_EXTRACT,XIREC,5276.0,6
285800,,,VELVETFRUIT_EXTRACT,XIREC,5276.0,6
286100,,SUBMISSION,VELVETFRUIT_EXTRACT,XIREC,5278.0,5
286100,,SUBMISSION,VELVETFRUIT_EXTRACT,XIREC,5278.0,5
286500,,SUBMISSION,VELVETFRUIT_EXTRACT,XIREC,5276.0,7
286900,SUBMISSION,,VEV_4000,XIREC,1267.0,1
286900,,,VEV_4000,XIREC,1266.0,2
287100,SUBMISSION,,VEV_4500,XIREC,776.0,2
287100,,,VEV_5400,XIREC,18.0,2
287100,,,VEV_5500,XIREC,7.0,2
287100,,,VEV_6000,XIREC,0.0,2
287100,,,VEV_6500,XIREC,0.0,2
287600,SUBMISSION,,VEV_4500,XIREC,777.0,2
287600,,,VEV_5400,XIREC,18.0,2
287600,,,VEV_5500,XIREC,7.0,2
287600,,,VEV_6000,XIREC,0.0,2
287600,,,VEV_6500,XIREC,0.0,2
288000,SUBMISSION,,VELVETFRUIT_EXTRACT,XIREC,5275.0,8
288000,,,HYDROGEL_PACK,XIREC,9936.0,5
288400,SUBMISSION,,VELVETFRUIT_EXTRACT,XIREC,5276.0,7
289100,,SUBMISSION,VELVETFRUIT_EXTRACT,XIREC,5272.0,14
289200,,SUBMISSION,VELVETFRUIT_EXTRACT,XIREC,5273.0,9
289300,SUBMISSION,,VEV_4500,XIREC,773.0,2
289300,,,VEV_5300,XIREC,52.0,2
289300,,,VEV_5400,XIREC,17.0,2
289300,,,VEV_5500,XIREC,7.0,2
289300,,,VEV_6000,XIREC,0.0,2
289300,,,VEV_6500,XIREC,0.0,2
290300,,SUBMISSION,VELVETFRUIT_EXTRACT,XIREC,5271.0,9
291000,,,HYDROGEL_PACK,XIREC,9905.0,3
291800,SUBMISSION,,VELVETFRUIT_EXTRACT,XIREC,5268.0,4
292800,,,HYDROGEL_PACK,XIREC,9921.0,6
293100,,SUBMISSION,VELVETFRUIT_EXTRACT,XIREC,5273.0,5
293400,,SUBMISSION,VELVETFRUIT_EXTRACT,XIREC,5272.0,5
293600,,,VEV_4000,XIREC,1260.0,2
293700,SUBMISSION,,VELVETFRUIT_EXTRACT,XIREC,5268.0,8
294600,SUBMISSION,,VEV_4500,XIREC,767.0,2
294600,,,VEV_5400,XIREC,16.0,2
294600,,,VEV_5500,XIREC,7.0,2
294600,,,VEV_6000,XIREC,0.0,2
294600,,,VEV_6500,XIREC,0.0,2
296800,SUBMISSION,,VELVETFRUIT_EXTRACT,XIREC,5269.0,8
297000,SUBMISSION,,VELVETFRUIT_EXTRACT,XIREC,5267.0,15
297500,SUBMISSION,,VELVETFRUIT_EXTRACT,XIREC,5268.0,10
298300,,SUBMISSION,VELVETFRUIT_EXTRACT,XIREC,5272.0,10
298500,,SUBMISSION,VELVETFRUIT_EXTRACT,XIREC,5273.0,10
299100,,,HYDROGEL_PACK,XIREC,9963.0,3
299400,SUBMISSION,,VELVETFRUIT_EXTRACT,XIREC,5274.0,5
299800,SUBMISSION,,VELVETFRUIT_EXTRACT,XIREC,5271.0,6
300500,SUBMISSION,,VELVETFRUIT_EXTRACT,XIREC,5267.0,12
300800,,SUBMISSION,VELVETFRUIT_EXTRACT,XIREC,5269.0,7
300800,,,HYDROGEL_PACK,XIREC,9946.0,4
301000,SUBMISSION,,VELVETFRUIT_EXTRACT,XIREC,5268.0,8
301700,,,VEV_4000,XIREC,1256.0,2
303000,,SUBMISSION,VELVETFRUIT_EXTRACT,XIREC,5265.0,7
303100,,,VEV_4000,XIREC,1256.0,1
303400,,SUBMISSION,VELVETFRUIT_EXTRACT,XIREC,5267.0,8
303600,,SUBMISSION,VELVETFRUIT_EXTRACT,XIREC,5267.0,6
303800,,,HYDROGEL_PACK,XIREC,9935.0,2
304600,,SUBMISSION,VELVETFRUIT_EXTRACT,XIREC,5268.0,11
305600,SUBMISSION,,VELVETFRUIT_EXTRACT,XIREC,5268.0,3
305700,,,HYDROGEL_PACK,XIREC,9951.0,6
306000,,SUBMISSION,VELVETFRUIT_EXTRACT,XIREC,5273.0,5
306100,,,HYDROGEL_PACK,XIREC,9952.0,5
307600,,SUBMISSION,VEV_4000,XIREC,1280.0,2
307900,SUBMISSION,,VELVETFRUIT_EXTRACT,XIREC,5269.0,8
308400,SUBMISSION,,VELVETFRUIT_EXTRACT,XIREC,5271.0,3
309200,,SUBMISSION,VELVETFRUIT_EXTRACT,XIREC,5273.0,8
310100,,,HYDROGEL_PACK,XIREC,9942.0,4
310200,,SUBMISSION,VELVETFRUIT_EXTRACT,XIREC,5274.0,5
310300,,SUBMISSION,VELVETFRUIT_EXTRACT,XIREC,5273.0,11
311200,SUBMISSION,,VELVETFRUIT_EXTRACT,XIREC,5266.0,8
311700,,SUBMISSION,VELVETFRUIT_EXTRACT,XIREC,5270.0,7
311700,,SUBMISSION,VELVETFRUIT_EXTRACT,XIREC,5270.0,6
311800,,,HYDROGEL_PACK,XIREC,9945.0,2
312300,SUBMISSION,,VELVETFRUIT_EXTRACT,XIREC,5269.0,8
313400,,SUBMISSION,VELVETFRUIT_EXTRACT,XIREC,5269.0,9
314000,SUBMISSION,,VELVETFRUIT_EXTRACT,XIREC,5268.0,7
314100,SUBMISSION,,VELVETFRUIT_EXTRACT,XIREC,5269.0,7
314800,,,HYDROGEL_PACK,XIREC,9953.0,3
315400,,,HYDROGEL_PACK,XIREC,9956.0,4
316300,SUBMISSION,,VELVETFRUIT_EXTRACT,XIREC,5275.0,8
316700,SUBMISSION,,VEV_4000,XIREC,1275.0,2
316700,SUBMISSION,,VEV_4500,XIREC,775.0,3
316700,,,VEV_5400,XIREC,17.0,3
316700,,,VEV_5500,XIREC,7.0,3
316700,,,VEV_6000,XIREC,0.0,3
316700,,,VEV_6500,XIREC,0.0,3
316800,SUBMISSION,,VELVETFRUIT_EXTRACT,XIREC,5275.0,7
316800,,,VELVETFRUIT_EXTRACT,XIREC,5275.0,7
316900,,,HYDROGEL_PACK,XIREC,9954.0,2
317500,SUBMISSION,,VEV_4500,XIREC,775.0,2
317500,,,VEV_5400,XIREC,17.0,3
317500,,,VEV_5500,XIREC,7.0,3
317500,,,VEV_6000,XIREC,0.0,3
317500,,,VEV_6500,XIREC,0.0,3
318100,,SUBMISSION,VEV_4000,XIREC,1283.0,1
318800,SUBMISSION,,VELVETFRUIT_EXTRACT,XIREC,5270.0,5
319900,,SUBMISSION,VELVETFRUIT_EXTRACT,XIREC,5281.0,11
320800,SUBMISSION,,VEV_4000,XIREC,1274.0,1
320800,,,VEV_5300,XIREC,52.0,5
320800,,,VEV_5400,XIREC,17.0,5
320800,,,VEV_5500,XIREC,7.0,5
320800,,,VEV_6000,XIREC,0.0,5
320800,,,VEV_6500,XIREC,0.0,5
321000,,SUBMISSION,VELVETFRUIT_EXTRACT,XIREC,5273.0,12
321300,,SUBMISSION,VELVETFRUIT_EXTRACT,XIREC,5272.0,10
321600,,,VEV_5300,XIREC,50.0,4
321600,,,VEV_5400,XIREC,16.0,4
321600,,,VEV_5500,XIREC,7.0,4
321600,,,VEV_6000,XIREC,0.0,4
321600,,,VEV_6500,XIREC,0.0,4
322300,,SUBMISSION,VELVETFRUIT_EXTRACT,XIREC,5271.0,6
322300,,SUBMISSION,VEV_4000,XIREC,1281.0,2
323200,,SUBMISSION,VELVETFRUIT_EXTRACT,XIREC,5275.0,5
323500,SUBMISSION,,VELVETFRUIT_EXTRACT,XIREC,5269.0,14
323500,,,VELVETFRUIT_EXTRACT,XIREC,5269.0,14
327600,,SUBMISSION,VELVETFRUIT_EXTRACT,XIREC,5265.0,5
328500,,SUBMISSION,VELVETFRUIT_EXTRACT,XIREC,5268.0,7
328700,,SUBMISSION,VELVETFRUIT_EXTRACT,XIREC,5267.0,5
328700,SUBMISSION,,VEV_4000,XIREC,1256.0,2
328700,,,VEV_4000,XIREC,1255.0,1
328900,,,HYDROGEL_PACK,XIREC,9958.0,2
329000,SUBMISSION,,VELVETFRUIT_EXTRACT,XIREC,5264.0,5
330400,SUBMISSION,,VELVETFRUIT_EXTRACT,XIREC,5263.0,5
330400,SUBMISSION,,VELVETFRUIT_EXTRACT,XIREC,5263.0,5
330400,SUBMISSION,,VELVETFRUIT_EXTRACT,XIREC,5262.0,3
330500,,SUBMISSION,VELVETFRUIT_EXTRACT,XIREC,5262.0,13
330600,,SUBMISSION,VELVETFRUIT_EXTRACT,XIREC,5263.0,10
331000,,SUBMISSION,VELVETFRUIT_EXTRACT,XIREC,5268.0,9
332600,,SUBMISSION,VELVETFRUIT_EXTRACT,XIREC,5273.0,8
332800,,,HYDROGEL_PACK,XIREC,9947.0,3
333200,SUBMISSION,,VELVETFRUIT_EXTRACT,XIREC,5269.0,7
333200,SUBMISSION,,VELVETFRUIT_EXTRACT,XIREC,5269.0,7
333900,,SUBMISSION,VELVETFRUIT_EXTRACT,XIREC,5272.0,7
335400,,SUBMISSION,VELVETFRUIT_EXTRACT,XIREC,5270.0,6
336800,SUBMISSION,,VELVETFRUIT_EXTRACT,XIREC,5269.0,5
336900,SUBMISSION,,VELVETFRUIT_EXTRACT,XIREC,5270.0,14
337000,SUBMISSION,,VELVETFRUIT_EXTRACT,XIREC,5271.0,6
337000,SUBMISSION,,VELVETFRUIT_EXTRACT,XIREC,5271.0,6
338400,,,HYDROGEL_PACK,XIREC,9948.0,4
339400,,SUBMISSION,VELVETFRUIT_EXTRACT,XIREC,5268.0,11
339800,,SUBMISSION,VELVETFRUIT_EXTRACT,XIREC,5268.0,8
340200,,,HYDROGEL_PACK,XIREC,9951.0,2
340500,,,VEV_4000,XIREC,1257.0,3
341400,,,VEV_5400,XIREC,16.0,4
341400,,,VEV_5500,XIREC,7.0,4
341400,,,VEV_6000,XIREC,0.0,4
341400,,,VEV_6500,XIREC,0.0,4
342300,,,HYDROGEL_PACK,XIREC,9966.0,2
344000,SUBMISSION,,VELVETFRUIT_EXTRACT,XIREC,5270.0,3
344100,,,HYDROGEL_PACK,XIREC,9942.0,3
344500,,,HYDROGEL_PACK,XIREC,9942.0,3
344600,SUBMISSION,,VELVETFRUIT_EXTRACT,XIREC,5266.0,7
344600,,,HYDROGEL_PACK,XIREC,9958.0,6
344900,SUBMISSION,,VELVETFRUIT_EXTRACT,XIREC,5266.0,6
346100,,,HYDROGEL_PACK,XIREC,9947.0,2
347400,,,HYDROGEL_PACK,XIREC,9947.0,4
347800,,,VEV_5400,XIREC,15.0,4
347800,,,VEV_5500,XIREC,6.0,4
347800,,,VEV_6000,XIREC,0.0,4
347800,,,VEV_6500,XIREC,0.0,4
349500,,SUBMISSION,VELVETFRUIT_EXTRACT,XIREC,5265.0,14
350600,,SUBMISSION,VELVETFRUIT_EXTRACT,XIREC,5265.0,5
350700,,,VEV_5300,XIREC,47.0,4
350700,,,VEV_5400,XIREC,15.0,4
350700,,,VEV_5500,XIREC,6.0,4
350700,,,VEV_6000,XIREC,0.0,4
350700,,,VEV_6500,XIREC,0.0,4
351300,SUBMISSION,,VELVETFRUIT_EXTRACT,XIREC,5256.0,11
351400,,,HYDROGEL_PACK,XIREC,9937.0,6
352100,SUBMISSION,,VELVETFRUIT_EXTRACT,XIREC,5253.0,4
352300,,SUBMISSION,VELVETFRUIT_EXTRACT,XIREC,5256.0,8
353600,SUBMISSION,,VELVETFRUIT_EXTRACT,XIREC,5255.0,7
353800,SUBMISSION,,VELVETFRUIT_EXTRACT,XIREC,5258.0,7
354700,,SUBMISSION,VELVETFRUIT_EXTRACT,XIREC,5261.0,8
354900,SUBMISSION,,VELVETFRUIT_EXTRACT,XIREC,5263.0,8
355300,,SUBMISSION,VELVETFRUIT_EXTRACT,XIREC,5262.0,14
355900,SUBMISSION,,VELVETFRUIT_EXTRACT,XIREC,5260.0,8
356100,,SUBMISSION,VELVETFRUIT_EXTRACT,XIREC,5261.0,12
356500,,SUBMISSION,VELVETFRUIT_EXTRACT,XIREC,5262.0,6
358000,,SUBMISSION,VELVETFRUIT_EXTRACT,XIREC,5265.0,6
358300,SUBMISSION,,VELVETFRUIT_EXTRACT,XIREC,5262.0,7
358400,,SUBMISSION,VELVETFRUIT_EXTRACT,XIREC,5265.0,5
358500,,,VEV_5300,XIREC,47.0,2
358500,,,VEV_5400,XIREC,15.0,2
358500,,,VEV_5500,XIREC,6.0,2
358500,,,VEV_6000,XIREC,0.0,2
358500,,,VEV_6500,XIREC,0.0,2
359500,,,HYDROGEL_PACK,XIREC,9972.0,5
360000,,SUBMISSION,VELVETFRUIT_EXTRACT,XIREC,5266.0,7
360500,,SUBMISSION,VELVETFRUIT_EXTRACT,XIREC,5265.0,8
361300,,SUBMISSION,VELVETFRUIT_EXTRACT,XIREC,5266.0,3
361600,SUBMISSION,,VELVETFRUIT_EXTRACT,XIREC,5261.0,5
362500,SUBMISSION,,VELVETFRUIT_EXTRACT,XIREC,5261.0,5
362600,,,VEV_5300,XIREC,47.0,5
362600,,,VEV_5500,XIREC,6.0,5
362600,,,VEV_6000,XIREC,0.0,5
362600,,,VEV_6500,XIREC,0.0,5
363300,,SUBMISSION,VEV_4000,XIREC,1271.0,1
364700,SUBMISSION,,VELVETFRUIT_EXTRACT,XIREC,5257.0,10
364800,,SUBMISSION,VELVETFRUIT_EXTRACT,XIREC,5258.0,10
364900,SUBMISSION,,VELVETFRUIT_EXTRACT,XIREC,5258.0,7
365300,,,HYDROGEL_PACK,XIREC,9984.0,2
365400,SUBMISSION,,VELVETFRUIT_EXTRACT,XIREC,5259.0,9
365400,SUBMISSION,,VELVETFRUIT_EXTRACT,XIREC,5259.0,7
365500,SUBMISSION,,VELVETFRUIT_EXTRACT,XIREC,5259.0,10
365600,SUBMISSION,,VEV_4000,XIREC,1258.0,1
365600,,,VEV_5300,XIREC,45.0,4
365600,,,VEV_5400,XIREC,14.0,4
365600,,,VEV_5500,XIREC,5.0,4
365600,,,VEV_6000,XIREC,0.0,4
365600,,,VEV_6500,XIREC,0.0,4
366500,,SUBMISSION,HYDROGEL_PACK,XIREC,10001.0,2
367100,SUBMISSION,,HYDROGEL_PACK,XIREC,9997.0,2
367300,,SUBMISSION,VELVETFRUIT_EXTRACT,XIREC,5260.0,15
368100,SUBMISSION,,VELVETFRUIT_EXTRACT,XIREC,5257.0,6
368200,,SUBMISSION,VEV_4000,XIREC,1269.0,2
368900,SUBMISSION,,VELVETFRUIT_EXTRACT,XIREC,5257.0,6
370600,,SUBMISSION,VEV_4000,XIREC,1260.0,3
370700,SUBMISSION,,VEV_4000,XIREC,1242.0,2
371300,SUBMISSION,,VELVETFRUIT_EXTRACT,XIREC,5250.0,14
372300,SUBMISSION,,VELVETFRUIT_EXTRACT,XIREC,5251.0,6
372300,,SUBMISSION,VEV_4000,XIREC,1263.0,2
373100,,SUBMISSION,VELVETFRUIT_EXTRACT,XIREC,5255.0,6
373200,SUBMISSION,,VELVETFRUIT_EXTRACT,XIREC,5251.0,14
373800,SUBMISSION,,VEV_4000,XIREC,1251.0,4
373800,,,VEV_5500,XIREC,5.0,4
373800,,,VEV_6000,XIREC,0.0,4
373800,,,VEV_6500,XIREC,0.0,4
376300,SUBMISSION,,VEV_4000,XIREC,1254.0,1
376300,,,VEV_5400,XIREC,13.0,5
376300,,,VEV_5500,XIREC,5.0,5
376300,,,VEV_6000,XIREC,0.0,5
376300,,,VEV_6500,XIREC,0.0,5
376700,SUBMISSION,,VELVETFRUIT_EXTRACT,XIREC,5251.0,7
377100,,SUBMISSION,VELVETFRUIT_EXTRACT,XIREC,5253.0,14
377400,,SUBMISSION,VELVETFRUIT_EXTRACT,XIREC,5252.0,9
377600,,SUBMISSION,VELVETFRUIT_EXTRACT,XIREC,5250.0,8
377900,SUBMISSION,,VELVETFRUIT_EXTRACT,XIREC,5249.0,15
378400,SUBMISSION,,VELVETFRUIT_EXTRACT,XIREC,5249.0,10
378400,SUBMISSION,,VELVETFRUIT_EXTRACT,XIREC,5249.0,10
381500,SUBMISSION,,VELVETFRUIT_EXTRACT,XIREC,5249.0,13
382200,,SUBMISSION,VELVETFRUIT_EXTRACT,XIREC,5252.0,5
383100,,SUBMISSION,VELVETFRUIT_EXTRACT,XIREC,5253.0,6
384800,,,HYDROGEL_PACK,XIREC,9978.0,4
385100,SUBMISSION,,VELVETFRUIT_EXTRACT,XIREC,5245.0,9
385100,SUBMISSION,,VELVETFRUIT_EXTRACT,XIREC,5245.0,9
385500,,,HYDROGEL_PACK,XIREC,9972.0,5
385600,,SUBMISSION,VELVETFRUIT_EXTRACT,XIREC,5246.0,12
386500,SUBMISSION,,VELVETFRUIT_EXTRACT,XIREC,5243.0,10
387500,,,HYDROGEL_PACK,XIREC,9991.0,3
388800,SUBMISSION,,VELVETFRUIT_EXTRACT,XIREC,5238.0,6
389000,,,VEV_5300,XIREC,38.0,2
389000,,,VEV_5400,XIREC,11.0,2
389000,,,VEV_5500,XIREC,4.0,2
389000,,,VEV_6000,XIREC,0.0,2
389000,,,VEV_6500,XIREC,0.0,2
389600,,SUBMISSION,VEV_4000,XIREC,1248.0,3
389600,,,VELVETFRUIT_EXTRACT,XIREC,5238.0,7
390200,SUBMISSION,,VEV_4000,XIREC,1230.0,1
390300,SUBMISSION,,VEV_4000,XIREC,1239.0,2
390300,,,VEV_5300,XIREC,38.0,3
390300,,,VEV_5400,XIREC,11.0,3
390300,,,VEV_5500,XIREC,4.0,3
390300,,,VEV_6000,XIREC,0.0,3
390300,,,VEV_6500,XIREC,0.0,3
391600,,,HYDROGEL_PACK,XIREC,9970.0,2
391700,,,HYDROGEL_PACK,XIREC,9988.0,2
392400,,,HYDROGEL_PACK,XIREC,9990.0,5
394100,,,HYDROGEL_PACK,XIREC,9975.0,6
394300,,,HYDROGEL_PACK,XIREC,9970.0,5
397100,,SUBMISSION,VELVETFRUIT_EXTRACT,XIREC,5238.0,10
397300,,SUBMISSION,VELVETFRUIT_EXTRACT,XIREC,5236.0,15
397300,,,VEV_4000,XIREC,1226.0,2
397800,,SUBMISSION,VELVETFRUIT_EXTRACT,XIREC,5233.0,6
398200,,,VEV_5400,XIREC,10.0,2
398200,,,VEV_5500,XIREC,4.0,2
398200,,,VEV_6000,XIREC,0.0,2
398200,,,VEV_6500,XIREC,0.0,2
398400,SUBMISSION,,VELVETFRUIT_EXTRACT,XIREC,5234.0,7
399100,SUBMISSION,,VELVETFRUIT_EXTRACT,XIREC,5233.0,10
401000,SUBMISSION,,VELVETFRUIT_EXTRACT,XIREC,5231.0,8
401200,,,HYDROGEL_PACK,XIREC,9966.0,5
401500,,SUBMISSION,VELVETFRUIT_EXTRACT,XIREC,5232.0,7
404400,SUBMISSION,,VELVETFRUIT_EXTRACT,XIREC,5231.0,6
404600,,SUBMISSION,VELVETFRUIT_EXTRACT,XIREC,5233.0,13
405900,SUBMISSION,,VELVETFRUIT_EXTRACT,XIREC,5234.0,6
406100,SUBMISSION,,VELVETFRUIT_EXTRACT,XIREC,5232.0,4
406300,,,VEV_4000,XIREC,1220.0,2
407000,SUBMISSION,,VELVETFRUIT_EXTRACT,XIREC,5226.0,4
408000,,,HYDROGEL_PACK,XIREC,9991.0,3
409400,SUBMISSION,,VELVETFRUIT_EXTRACT,XIREC,5226.0,6
409400,,,HYDROGEL_PACK,XIREC,9988.0,3
410100,,,HYDROGEL_PACK,XIREC,9988.0,6
410200,,,VEV_5400,XIREC,9.0,5
410200,,,VEV_5500,XIREC,3.0,5
410200,,,VEV_6000,XIREC,0.0,5
410200,,,VEV_6500,XIREC,0.0,5
411800,,SUBMISSION,VELVETFRUIT_EXTRACT,XIREC,5225.0,7
412000,SUBMISSION,,VELVETFRUIT_EXTRACT,XIREC,5223.0,7
413100,,,HYDROGEL_PACK,XIREC,9977.0,2
413500,,,HYDROGEL_PACK,XIREC,9974.0,5
414900,,,VEV_5200,XIREC,76.0,3
414900,,,VEV_5300,XIREC,34.0,3
414900,,,VEV_5400,XIREC,9.0,3
414900,,,VEV_5500,XIREC,3.0,3
414900,,,VEV_6000,XIREC,0.0,3
414900,,,VEV_6500,XIREC,0.0,3
415400,,,HYDROGEL_PACK,XIREC,9976.0,6
415500,,,VEV_5400,XIREC,9.0,4
415500,,,VEV_5500,XIREC,3.0,4
415500,,,VEV_6000,XIREC,0.0,4
415500,,,VEV_6500,XIREC,0.0,4
415800,,SUBMISSION,VELVETFRUIT_EXTRACT,XIREC,5227.0,10
416600,,,HYDROGEL_PACK,XIREC,9981.0,4
419300,,,VEV_4000,XIREC,1221.0,1
420200,,,HYDROGEL_PACK,XIREC,9975.0,4
420700,SUBMISSION,,VELVETFRUIT_EXTRACT,XIREC,5232.0,8
420800,SUBMISSION,,VELVETFRUIT_EXTRACT,XIREC,5232.0,2
421100,,,HYDROGEL_PACK,XIREC,9961.0,5
421400,,SUBMISSION,VELVETFRUIT_EXTRACT,XIREC,5232.0,6
422200,,,HYDROGEL_PACK,XIREC,9963.0,2
423700,,SUBMISSION,VELVETFRUIT_EXTRACT,XIREC,5232.0,7
423800,,,HYDROGEL_PACK,XIREC,9969.0,3
423800,,,VEV_5200,XIREC,79.0,5
423800,,,VEV_5300,XIREC,36.0,5
423800,,,VEV_5400,XIREC,10.0,5
423800,,,VEV_5500,XIREC,4.0,5
423800,,,VEV_6000,XIREC,0.0,5
423800,,,VEV_6500,XIREC,0.0,5
424200,,SUBMISSION,VELVETFRUIT_EXTRACT,XIREC,5234.0,13
424400,SUBMISSION,,VELVETFRUIT_EXTRACT,XIREC,5233.0,7
424400,,SUBMISSION,VEV_4000,XIREC,1243.0,2
424600,SUBMISSION,,VELVETFRUIT_EXTRACT,XIREC,5232.0,6
424600,SUBMISSION,,VELVETFRUIT_EXTRACT,XIREC,5232.0,6
425300,,SUBMISSION,VELVETFRUIT_EXTRACT,XIREC,5237.0,3
426200,,SUBMISSION,VELVETFRUIT_EXTRACT,XIREC,5234.0,6
426800,,SUBMISSION,VELVETFRUIT_EXTRACT,XIREC,5237.0,14
427200,SUBMISSION,,VELVETFRUIT_EXTRACT,XIREC,5237.0,7
427400,,SUBMISSION,VELVETFRUIT_EXTRACT,XIREC,5240.0,5
428400,,SUBMISSION,VEV_4000,XIREC,1247.0,1
429500,,,HYDROGEL_PACK,XIREC,9968.0,3
430200,,,HYDROGEL_PACK,XIREC,9974.0,4
430700,,,HYDROGEL_PACK,XIREC,9976.0,4
432100,SUBMISSION,,VELVETFRUIT_EXTRACT,XIREC,5234.0,8
433000,SUBMISSION,,VELVETFRUIT_EXTRACT,XIREC,5239.0,4
433100,SUBMISSION,,VEV_4000,XIREC,1239.0,2
433100,,,VEV_5200,XIREC,83.0,2
433100,,,VEV_5300,XIREC,38.0,2
433100,,,VEV_5400,XIREC,11.0,2
433100,,,VEV_5500,XIREC,4.0,2
433100,,,VEV_6000,XIREC,0.0,2
433100,,,VEV_6500,XIREC,0.0,2
433900,,,HYDROGEL_PACK,XIREC,9970.0,4
434900,SUBMISSION,,VELVETFRUIT_EXTRACT,XIREC,5237.0,10
435300,,SUBMISSION,VELVETFRUIT_EXTRACT,XIREC,5239.0,13
436100,,SUBMISSION,VELVETFRUIT_EXTRACT,XIREC,5241.0,5
436200,,,HYDROGEL_PACK,XIREC,9968.0,2
436900,SUBMISSION,,VELVETFRUIT_EXTRACT,XIREC,5237.0,8
438300,SUBMISSION,,VELVETFRUIT_EXTRACT,XIREC,5240.0,5
438300,SUBMISSION,,VEV_4000,XIREC,1231.0,1
438300,,,VEV_4000,XIREC,1230.0,2
438500,,SUBMISSION,VELVETFRUIT_EXTRACT,XIREC,5240.0,6
438700,SUBMISSION,,VELVETFRUIT_EXTRACT,XIREC,5239.0,8
438900,,SUBMISSION,VEV_4000,XIREC,1248.0,3
441300,SUBMISSION,,VELVETFRUIT_EXTRACT,XIREC,5236.0,5
441800,,SUBMISSION,VELVETFRUIT_EXTRACT,XIREC,5238.0,12
441900,,SUBMISSION,VELVETFRUIT_EXTRACT,XIREC,5238.0,6
442500,SUBMISSION,,VELVETFRUIT_EXTRACT,XIREC,5237.0,7
442700,SUBMISSION,,VELVETFRUIT_EXTRACT,XIREC,5236.0,5
442800,SUBMISSION,,VELVETFRUIT_EXTRACT,XIREC,5234.0,8
443400,,,HYDROGEL_PACK,XIREC,9969.0,4
443600,SUBMISSION,,VEV_4000,XIREC,1237.0,3
443600,,,VEV_5200,XIREC,82.0,4
443600,,,VEV_5400,XIREC,11.0,4
443600,,,VEV_5500,XIREC,4.0,4
443600,,,VEV_6000,XIREC,0.0,4
443600,,,VEV_6500,XIREC,0.0,4
444200,,SUBMISSION,VELVETFRUIT_EXTRACT,XIREC,5243.0,6
444700,SUBMISSION,,VELVETFRUIT_EXTRACT,XIREC,5242.0,8
445300,,,HYDROGEL_PACK,XIREC,9974.0,2
448600,,SUBMISSION,VELVETFRUIT_EXTRACT,XIREC,5251.0,7
448900,SUBMISSION,,VELVETFRUIT_EXTRACT,XIREC,5247.0,7
448900,,,VELVETFRUIT_EXTRACT,XIREC,5247.0,9
449000,,,HYDROGEL_PACK,XIREC,9979.0,6
449500,,,VEV_4000,XIREC,1238.0,2
450900,,,HYDROGEL_PACK,XIREC,9988.0,6
452000,,,HYDROGEL_PACK,XIREC,9965.0,3
452800,,,HYDROGEL_PACK,XIREC,9974.0,4
453000,,SUBMISSION,VELVETFRUIT_EXTRACT,XIREC,5239.0,3
453800,SUBMISSION,,VELVETFRUIT_EXTRACT,XIREC,5238.0,3
453800,,,VELVETFRUIT_EXTRACT,XIREC,5237.0,4
454500,,SUBMISSION,VELVETFRUIT_EXTRACT,XIREC,5238.0,13
454700,,SUBMISSION,VEV_4000,XIREC,1246.0,1
456200,SUBMISSION,,VEV_4000,XIREC,1237.0,1
456200,,,VEV_5200,XIREC,82.0,2
456200,,,VEV_5400,XIREC,11.0,2
456200,,,VEV_5500,XIREC,4.0,2
456200,,,VEV_6000,XIREC,0.0,2
456200,,,VEV_6500,XIREC,0.0,2
456900,,SUBMISSION,VELVETFRUIT_EXTRACT,XIREC,5237.0,10
457600,,SUBMISSION,VELVETFRUIT_EXTRACT,XIREC,5241.0,3
457700,,SUBMISSION,VELVETFRUIT_EXTRACT,XIREC,5240.0,7
457800,SUBMISSION,,VELVETFRUIT_EXTRACT,XIREC,5239.0,10
458000,,SUBMISSION,VELVETFRUIT_EXTRACT,XIREC,5240.0,5
460100,SUBMISSION,,VELVETFRUIT_EXTRACT,XIREC,5236.0,4
461200,,,VEV_5300,XIREC,37.0,3
461200,,,VEV_5400,XIREC,10.0,3
461200,,,VEV_5500,XIREC,3.0,3
461200,,,VEV_6000,XIREC,0.0,3
461200,,,VEV_6500,XIREC,0.0,3
463300,,SUBMISSION,VELVETFRUIT_EXTRACT,XIREC,5238.0,9
463600,SUBMISSION,,VELVETFRUIT_EXTRACT,XIREC,5238.0,11
463600,SUBMISSION,,VELVETFRUIT_EXTRACT,XIREC,5238.0,11
464700,SUBMISSION,,VELVETFRUIT_EXTRACT,XIREC,5238.0,5
464700,,,VELVETFRUIT_EXTRACT,XIREC,5238.0,5
464900,,SUBMISSION,VELVETFRUIT_EXTRACT,XIREC,5238.0,6
465100,,SUBMISSION,VELVETFRUIT_EXTRACT,XIREC,5238.0,3
465400,SUBMISSION,,VELVETFRUIT_EXTRACT,XIREC,5238.0,5
466000,SUBMISSION,,VELVETFRUIT_EXTRACT,XIREC,5235.0,3
466400,SUBMISSION,,VELVETFRUIT_EXTRACT,XIREC,5233.0,7
466400,,,VELVETFRUIT_EXTRACT,XIREC,5233.0,14
468600,,SUBMISSION,VELVETFRUIT_EXTRACT,XIREC,5238.0,4
469000,,SUBMISSION,VELVETFRUIT_EXTRACT,XIREC,5235.0,11
470400,SUBMISSION,,VELVETFRUIT_EXTRACT,XIREC,5237.0,7
472900,,SUBMISSION,VELVETFRUIT_EXTRACT,XIREC,5237.0,6
473000,,SUBMISSION,VELVETFRUIT_EXTRACT,XIREC,5237.0,4
473800,,SUBMISSION,VELVETFRUIT_EXTRACT,XIREC,5238.0,3
474000,,SUBMISSION,VELVETFRUIT_EXTRACT,XIREC,5237.0,5
474200,SUBMISSION,,VELVETFRUIT_EXTRACT,XIREC,5236.0,10
474900,,SUBMISSION,VELVETFRUIT_EXTRACT,XIREC,5238.0,7
476200,SUBMISSION,,VELVETFRUIT_EXTRACT,XIREC,5242.0,11
477300,SUBMISSION,,VELVETFRUIT_EXTRACT,XIREC,5245.0,8
478100,SUBMISSION,,VELVETFRUIT_EXTRACT,XIREC,5246.0,4
478500,,SUBMISSION,VELVETFRUIT_EXTRACT,XIREC,5245.0,6
478900,,,HYDROGEL_PACK,XIREC,9997.0,3
480500,SUBMISSION,,VELVETFRUIT_EXTRACT,XIREC,5241.0,3
480900,,,HYDROGEL_PACK,XIREC,9994.0,2
481400,,,HYDROGEL_PACK,XIREC,9996.0,2
481600,,SUBMISSION,HYDROGEL_PACK,XIREC,10001.0,11
482400,,SUBMISSION,HYDROGEL_PACK,XIREC,10012.0,3
483200,,SUBMISSION,HYDROGEL_PACK,XIREC,10000.0,15
483200,SUBMISSION,,VELVETFRUIT_EXTRACT,XIREC,5247.0,3
483400,,SUBMISSION,VELVETFRUIT_EXTRACT,XIREC,5248.0,3
483400,,,VEV_5300,XIREC,40.0,5
483400,,,VEV_5400,XIREC,12.0,5
483400,,,VEV_5500,XIREC,4.0,5
483400,,,VEV_6000,XIREC,0.0,5
483400,,,VEV_6500,XIREC,0.0,5
483500,,SUBMISSION,HYDROGEL_PACK,XIREC,10000.0,10
483600,,SUBMISSION,HYDROGEL_PACK,XIREC,10000.0,12
486000,SUBMISSION,,VELVETFRUIT_EXTRACT,XIREC,5238.0,3
486000,,,VELVETFRUIT_EXTRACT,XIREC,5237.0,2
486200,,SUBMISSION,VELVETFRUIT_EXTRACT,XIREC,5241.0,8
486300,,SUBMISSION,VELVETFRUIT_EXTRACT,XIREC,5239.0,14
486700,SUBMISSION,,VELVETFRUIT_EXTRACT,XIREC,5237.0,8
487600,,SUBMISSION,HYDROGEL_PACK,XIREC,10000.0,11
488200,SUBMISSION,,HYDROGEL_PACK,XIREC,9995.0,2
488600,,SUBMISSION,VEV_4000,XIREC,1246.0,2
488700,SUBMISSION,,HYDROGEL_PACK,XIREC,9986.0,5
489000,SUBMISSION,,HYDROGEL_PACK,XIREC,9998.0,14
489100,SUBMISSION,,HYDROGEL_PACK,XIREC,9991.0,8
489200,SUBMISSION,,HYDROGEL_PACK,XIREC,9992.0,7
490600,SUBMISSION,,VELVETFRUIT_EXTRACT,XIREC,5240.0,10
490600,,SUBMISSION,VEV_4000,XIREC,1250.0,2
491300,SUBMISSION,,HYDROGEL_PACK,XIREC,9996.0,12
491300,SUBMISSION,,HYDROGEL_PACK,XIREC,9999.0,14
491500,,SUBMISSION,VELVETFRUIT_EXTRACT,XIREC,5241.0,14
491600,,SUBMISSION,VELVETFRUIT_EXTRACT,XIREC,5241.0,9
492000,SUBMISSION,,VELVETFRUIT_EXTRACT,XIREC,5242.0,5
492500,,SUBMISSION,HYDROGEL_PACK,XIREC,10001.0,14
492700,,SUBMISSION,HYDROGEL_PACK,XIREC,10001.0,11
492800,,SUBMISSION,HYDROGEL_PACK,XIREC,10001.0,11
492900,,SUBMISSION,HYDROGEL_PACK,XIREC,10001.0,14
492900,,SUBMISSION,VELVETFRUIT_EXTRACT,XIREC,5240.0,10
493000,SUBMISSION,,VELVETFRUIT_EXTRACT,XIREC,5240.0,12
493000,SUBMISSION,,VELVETFRUIT_EXTRACT,XIREC,5240.0,12
493300,,SUBMISSION,VELVETFRUIT_EXTRACT,XIREC,5242.0,5
493500,,SUBMISSION,HYDROGEL_PACK,XIREC,10002.0,10
493500,,SUBMISSION,HYDROGEL_PACK,XIREC,10000.0,29
493500,SUBMISSION,,VELVETFRUIT_EXTRACT,XIREC,5240.0,6
493600,,SUBMISSION,HYDROGEL_PACK,XIREC,10003.0,11
493600,,SUBMISSION,VELVETFRUIT_EXTRACT,XIREC,5242.0,15
493800,,SUBMISSION,HYDROGEL_PACK,XIREC,10004.0,10
493800,,SUBMISSION,HYDROGEL_PACK,XIREC,10002.0,30
493800,,SUBMISSION,HYDROGEL_PACK,XIREC,10019.0,6
493900,,SUBMISSION,HYDROGEL_PACK,XIREC,10010.0,10
493900,,SUBMISSION,HYDROGEL_PACK,XIREC,10002.0,13
494000,,SUBMISSION,HYDROGEL_PACK,XIREC,10002.0,11
494100,,SUBMISSION,HYDROGEL_PACK,XIREC,10003.0,14
494100,,SUBMISSION,HYDROGEL_PACK,XIREC,10001.0,6
494300,,SUBMISSION,VELVETFRUIT_EXTRACT,XIREC,5243.0,6
494400,,SUBMISSION,VELVETFRUIT_EXTRACT,XIREC,5239.0,8
495100,,SUBMISSION,VELVETFRUIT_EXTRACT,XIREC,5244.0,15
495100,,SUBMISSION,VELVETFRUIT_EXTRACT,XIREC,5244.0,8
495700,SUBMISSION,,HYDROGEL_PACK,XIREC,9986.0,3
495700,SUBMISSION,,VEV_4000,XIREC,1242.0,4
495700,,,VEV_5400,XIREC,11.0,5
495700,,,VEV_5500,XIREC,4.0,5
495700,,,VEV_6000,XIREC,0.0,5
495700,,,VEV_6500,XIREC,0.0,5
496800,SUBMISSION,,HYDROGEL_PACK,XIREC,9999.0,15
496900,SUBMISSION,,HYDROGEL_PACK,XIREC,9995.0,12
496900,SUBMISSION,,HYDROGEL_PACK,XIREC,9998.0,20
497000,SUBMISSION,,HYDROGEL_PACK,XIREC,9995.0,15
497000,SUBMISSION,,HYDROGEL_PACK,XIREC,9997.0,24
497100,SUBMISSION,,HYDROGEL_PACK,XIREC,9993.0,14
497100,SUBMISSION,,HYDROGEL_PACK,XIREC,9996.0,27
497200,SUBMISSION,,HYDROGEL_PACK,XIREC,9995.0,11
497200,SUBMISSION,,HYDROGEL_PACK,XIREC,9997.0,22
497300,SUBMISSION,,HYDROGEL_PACK,XIREC,9995.0,11
497300,SUBMISSION,,HYDROGEL_PACK,XIREC,9998.0,20
497400,SUBMISSION,,HYDROGEL_PACK,XIREC,9992.0,6
497800,,SUBMISSION,VELVETFRUIT_EXTRACT,XIREC,5244.0,7
498100,SUBMISSION,,VELVETFRUIT_EXTRACT,XIREC,5244.0,7
498100,SUBMISSION,,VELVETFRUIT_EXTRACT,XIREC,5243.0,8
498500,,,HYDROGEL_PACK,XIREC,9977.0,4
498800,,SUBMISSION,VELVETFRUIT_EXTRACT,XIREC,5245.0,5
499900,,SUBMISSION,VEV_4000,XIREC,1255.0,3
500000,,SUBMISSION,VELVETFRUIT_EXTRACT,XIREC,5247.0,3
500600,,,HYDROGEL_PACK,XIREC,9976.0,5
501300,,SUBMISSION,VELVETFRUIT_EXTRACT,XIREC,5246.0,7
501600,,,HYDROGEL_PACK,XIREC,9976.0,4
501900,SUBMISSION,,VEV_4000,XIREC,1241.0,3
501900,,,VEV_5300,XIREC,38.0,3
501900,,,VEV_5400,XIREC,11.0,3
501900,,,VEV_5500,XIREC,4.0,3
501900,,,VEV_6000,XIREC,0.0,3
501900,,,VEV_6500,XIREC,0.0,3
503300,,SUBMISSION,VELVETFRUIT_EXTRACT,XIREC,5239.0,10
503600,,,HYDROGEL_PACK,XIREC,9975.0,2
504600,,SUBMISSION,VELVETFRUIT_EXTRACT,XIREC,5234.0,10
505100,SUBMISSION,,VELVETFRUIT_EXTRACT,XIREC,5234.0,9
505100,SUBMISSION,,VELVETFRUIT_EXTRACT,XIREC,5233.0,7
506300,SUBMISSION,,VELVETFRUIT_EXTRACT,XIREC,5236.0,7
506500,,SUBMISSION,VELVETFRUIT_EXTRACT,XIREC,5236.0,7
507400,SUBMISSION,,VELVETFRUIT_EXTRACT,XIREC,5235.0,8
508800,,,VEV_5400,XIREC,10.0,5
508800,,,VEV_5500,XIREC,3.0,5
508800,,,VEV_6000,XIREC,0.0,5
508800,,,VEV_6500,XIREC,0.0,5
511000,,,HYDROGEL_PACK,XIREC,9989.0,6
511900,SUBMISSION,,VELVETFRUIT_EXTRACT,XIREC,5234.0,9
512000,SUBMISSION,,VELVETFRUIT_EXTRACT,XIREC,5236.0,7
512800,,,HYDROGEL_PACK,XIREC,9982.0,4
513600,,SUBMISSION,VELVETFRUIT_EXTRACT,XIREC,5243.0,5
515100,SUBMISSION,,VELVETFRUIT_EXTRACT,XIREC,5245.0,9
516500,,,HYDROGEL_PACK,XIREC,9977.0,5
517100,SUBMISSION,,VELVETFRUIT_EXTRACT,XIREC,5246.0,10
519600,,,VEV_5200,XIREC,87.0,5
519600,,,VEV_5300,XIREC,40.0,5
519600,,,VEV_5400,XIREC,12.0,5
519600,,,VEV_5500,XIREC,4.0,5
519600,,,VEV_6000,XIREC,0.0,5
519600,,,VEV_6500,XIREC,0.0,5
519800,SUBMISSION,,VELVETFRUIT_EXTRACT,XIREC,5244.0,5
519800,,,HYDROGEL_PACK,XIREC,9982.0,6
520900,,SUBMISSION,VELVETFRUIT_EXTRACT,XIREC,5245.0,5
521000,,SUBMISSION,VEV_4000,XIREC,1256.0,1
521500,,SUBMISSION,VELVETFRUIT_EXTRACT,XIREC,5246.0,12
521700,SUBMISSION,,VELVETFRUIT_EXTRACT,XIREC,5244.0,8
521700,,,VELVETFRUIT_EXTRACT,XIREC,5244.0,8
523000,,SUBMISSION,VELVETFRUIT_EXTRACT,XIREC,5248.0,10
523300,,SUBMISSION,VELVETFRUIT_EXTRACT,XIREC,5248.0,9
524600,SUBMISSION,,VELVETFRUIT_EXTRACT,XIREC,5244.0,9
524600,,,HYDROGEL_PACK,XIREC,9969.0,5
525500,SUBMISSION,,VELVETFRUIT_EXTRACT,XIREC,5250.0,8
526300,,,HYDROGEL_PACK,XIREC,9966.0,3
527200,SUBMISSION,,VELVETFRUIT_EXTRACT,XIREC,5245.0,7
527300,,SUBMISSION,VELVETFRUIT_EXTRACT,XIREC,5247.0,5
527400,,SUBMISSION,VELVETFRUIT_EXTRACT,XIREC,5247.0,8
529800,,SUBMISSION,VELVETFRUIT_EXTRACT,XIREC,5248.0,3
530000,,SUBMISSION,VELVETFRUIT_EXTRACT,XIREC,5247.0,7
530600,SUBMISSION,,VELVETFRUIT_EXTRACT,XIREC,5246.0,5
530600,,,VELVETFRUIT_EXTRACT,XIREC,5246.0,5
530900,,,HYDROGEL_PACK,XIREC,9988.0,3
533300,,,VELVETFRUIT_EXTRACT,XIREC,5243.0,3
534700,,,HYDROGEL_PACK,XIREC,9958.0,3
534900,,,HYDROGEL_PACK,XIREC,9976.0,3
535100,,,HYDROGEL_PACK,XIREC,9961.0,2
536500,,SUBMISSION,VEV_4000,XIREC,1251.0,2
537300,,SUBMISSION,VELVETFRUIT_EXTRACT,XIREC,5245.0,5
538500,,SUBMISSION,VELVETFRUIT_EXTRACT,XIREC,5243.0,13
538700,,SUBMISSION,VELVETFRUIT_EXTRACT,XIREC,5246.0,5
540300,SUBMISSION,,VELVETFRUIT_EXTRACT,XIREC,5242.0,10
540500,,,HYDROGEL_PACK,XIREC,9982.0,2
540600,,,HYDROGEL_PACK,XIREC,9980.0,2
541400,,SUBMISSION,VELVETFRUIT_EXTRACT,XIREC,5242.0,8
543800,,,HYDROGEL_PACK,XIREC,9975.0,6
543900,SUBMISSION,,VEV_4000,XIREC,1232.0,1
544200,,SUBMISSION,VELVETFRUIT_EXTRACT,XIREC,5242.0,9
544400,,,HYDROGEL_PACK,XIREC,9976.0,6
544700,,SUBMISSION,VELVETFRUIT_EXTRACT,XIREC,5242.0,8
545400,,SUBMISSION,VELVETFRUIT_EXTRACT,XIREC,5239.0,7
545900,,SUBMISSION,VELVETFRUIT_EXTRACT,XIREC,5237.0,5
546500,,SUBMISSION,VELVETFRUIT_EXTRACT,XIREC,5237.0,7
546600,,SUBMISSION,VELVETFRUIT_EXTRACT,XIREC,5239.0,8
547000,,,HYDROGEL_PACK,XIREC,9969.0,6
547100,SUBMISSION,,VELVETFRUIT_EXTRACT,XIREC,5237.0,13
547100,SUBMISSION,,VELVETFRUIT_EXTRACT,XIREC,5237.0,13
548000,SUBMISSION,,VELVETFRUIT_EXTRACT,XIREC,5236.0,5
548500,,,HYDROGEL_PACK,XIREC,9963.0,6
548600,SUBMISSION,,VEV_4000,XIREC,1237.0,2
548600,,,VEV_5300,XIREC,36.0,2
548600,,,VEV_6000,XIREC,0.0,2
548600,,,VEV_6500,XIREC,0.0,2
548900,,SUBMISSION,VELVETFRUIT_EXTRACT,XIREC,5239.0,7
551500,SUBMISSION,,VELVETFRUIT_EXTRACT,XIREC,5239.0,6
552600,,SUBMISSION,VELVETFRUIT_EXTRACT,XIREC,5237.0,8
552900,,SUBMISSION,VELVETFRUIT_EXTRACT,XIREC,5235.0,13
553400,,,HYDROGEL_PACK,XIREC,9968.0,2
553800,SUBMISSION,,VELVETFRUIT_EXTRACT,XIREC,5238.0,9
554600,SUBMISSION,,VELVETFRUIT_EXTRACT,XIREC,5241.0,7
554600,,,VEV_5300,XIREC,38.0,5
554600,,,VEV_5400,XIREC,11.0,5
554600,,,VEV_5500,XIREC,4.0,5
554600,,,VEV_6000,XIREC,0.0,5
554600,,,VEV_6500,XIREC,0.0,5
555000,,SUBMISSION,VELVETFRUIT_EXTRACT,XIREC,5245.0,3
555700,SUBMISSION,,VELVETFRUIT_EXTRACT,XIREC,5240.0,7
555700,,,VEV_5400,XIREC,11.0,3
555700,,,VEV_5500,XIREC,4.0,3
555700,,,VEV_6000,XIREC,0.0,3
555700,,,VEV_6500,XIREC,0.0,3
556000,,,HYDROGEL_PACK,XIREC,9976.0,5
556100,,,HYDROGEL_PACK,XIREC,9976.0,5
556700,SUBMISSION,,VELVETFRUIT_EXTRACT,XIREC,5239.0,8
556800,,SUBMISSION,VELVETFRUIT_EXTRACT,XIREC,5240.0,12
557500,,SUBMISSION,VELVETFRUIT_EXTRACT,XIREC,5238.0,10
558800,,SUBMISSION,VELVETFRUIT_EXTRACT,XIREC,5240.0,8
558900,,SUBMISSION,VELVETFRUIT_EXTRACT,XIREC,5240.0,7
560100,SUBMISSION,,VELVETFRUIT_EXTRACT,XIREC,5238.0,7
561000,,,HYDROGEL_PACK,XIREC,9996.0,4
561100,SUBMISSION,,VELVETFRUIT_EXTRACT,XIREC,5235.0,6
561300,SUBMISSION,,VELVETFRUIT_EXTRACT,XIREC,5235.0,3
563200,,,VEV_4000,XIREC,1229.0,3
563700,,SUBMISSION,VEV_4000,XIREC,1245.0,1
564900,SUBMISSION,,VELVETFRUIT_EXTRACT,XIREC,5234.0,6
566100,SUBMISSION,,VELVETFRUIT_EXTRACT,XIREC,5234.0,3
566300,,SUBMISSION,VELVETFRUIT_EXTRACT,XIREC,5234.0,5
566700,SUBMISSION,,VEV_4000,XIREC,1231.0,1
566700,,,VEV_5400,XIREC,9.0,2
566700,,,VEV_5500,XIREC,3.0,2
566700,,,VEV_6000,XIREC,0.0,2
566700,,,VEV_6500,XIREC,0.0,2
567900,,SUBMISSION,VELVETFRUIT_EXTRACT,XIREC,5229.0,7
568500,,,HYDROGEL_PACK,XIREC,9971.0,2
568900,SUBMISSION,,VELVETFRUIT_EXTRACT,XIREC,5228.0,14
569800,SUBMISSION,,VELVETFRUIT_EXTRACT,XIREC,5226.0,5
571100,SUBMISSION,,VELVETFRUIT_EXTRACT,XIREC,5227.0,7
571300,,,VEV_4000,XIREC,1219.0,3
573000,,SUBMISSION,VELVETFRUIT_EXTRACT,XIREC,5233.0,6
573500,SUBMISSION,,VELVETFRUIT_EXTRACT,XIREC,5233.0,5
573500,,,VEV_4000,XIREC,1224.0,2
573700,,SUBMISSION,VELVETFRUIT_EXTRACT,XIREC,5236.0,3
573800,,,HYDROGEL_PACK,XIREC,9989.0,3
574200,,,HYDROGEL_PACK,XIREC,9988.0,6
575000,SUBMISSION,,VELVETFRUIT_EXTRACT,XIREC,5232.0,15
575100,,,VEV_5400,XIREC,9.0,4
575100,,,VEV_5500,XIREC,3.0,4
575100,,,VEV_6000,XIREC,0.0,4
575100,,,VEV_6500,XIREC,0.0,4
576400,,SUBMISSION,VELVETFRUIT_EXTRACT,XIREC,5228.0,5
576500,SUBMISSION,,VELVETFRUIT_EXTRACT,XIREC,5226.0,7
576700,,,HYDROGEL_PACK,XIREC,10000.0,5
577300,SUBMISSION,,VELVETFRUIT_EXTRACT,XIREC,5223.0,10
577700,SUBMISSION,,VELVETFRUIT_EXTRACT,XIREC,5224.0,8
578300,SUBMISSION,,VELVETFRUIT_EXTRACT,XIREC,5224.0,8
578300,,,HYDROGEL_PACK,XIREC,9992.0,6
579200,SUBMISSION,,VELVETFRUIT_EXTRACT,XIREC,5217.0,9
579600,SUBMISSION,,VELVETFRUIT_EXTRACT,XIREC,5221.0,14
580700,,SUBMISSION,VELVETFRUIT_EXTRACT,XIREC,5222.0,8
581600,,,HYDROGEL_PACK,XIREC,10000.0,2
581900,,SUBMISSION,VELVETFRUIT_EXTRACT,XIREC,5224.0,6
582100,,SUBMISSION,VELVETFRUIT_EXTRACT,XIREC,5225.0,10
582400,,SUBMISSION,VELVETFRUIT_EXTRACT,XIREC,5226.0,11
582600,,,HYDROGEL_PACK,XIREC,9980.0,4
584300,SUBMISSION,,VELVETFRUIT_EXTRACT,XIREC,5219.0,6
584400,SUBMISSION,,VELVETFRUIT_EXTRACT,XIREC,5219.0,8
584500,,SUBMISSION,HYDROGEL_PACK,XIREC,10001.0,13
584600,,SUBMISSION,HYDROGEL_PACK,XIREC,10002.0,10
584700,,SUBMISSION,HYDROGEL_PACK,XIREC,10001.0,14
584800,,SUBMISSION,HYDROGEL_PACK,XIREC,10002.0,11
584800,,SUBMISSION,HYDROGEL_PACK,XIREC,10000.0,26
584900,,SUBMISSION,HYDROGEL_PACK,XIREC,10005.0,13
584900,,SUBMISSION,HYDROGEL_PACK,XIREC,10002.0,26
585000,,SUBMISSION,HYDROGEL_PACK,XIREC,10003.0,14
585000,,SUBMISSION,HYDROGEL_PACK,XIREC,10001.0,20
585100,,SUBMISSION,HYDROGEL_PACK,XIREC,10005.0,12
585100,,SUBMISSION,HYDROGEL_PACK,XIREC,10002.0,27
585200,,SUBMISSION,HYDROGEL_PACK,XIREC,10005.0,11
585200,,SUBMISSION,HYDROGEL_PACK,XIREC,10003.0,3
585200,,,HYDROGEL_PACK,XIREC,10005.0,6
585400,,SUBMISSION,VELVETFRUIT_EXTRACT,XIREC,5216.0,19
587100,,,VEV_5300,XIREC,28.0,4
587100,,,VEV_5400,XIREC,7.0,4
587100,,,VEV_5500,XIREC,2.0,4
587100,,,VEV_6000,XIREC,0.0,4
587100,,,VEV_6500,XIREC,0.0,4
587200,,SUBMISSION,VELVETFRUIT_EXTRACT,XIREC,5213.0,6
587500,,,VEV_4000,XIREC,1202.0,1
587700,,,HYDROGEL_PACK,XIREC,10013.0,4
588300,,SUBMISSION,VELVETFRUIT_EXTRACT,XIREC,5214.0,6
588400,,SUBMISSION,VELVETFRUIT_EXTRACT,XIREC,5216.0,5
588400,,,HYDROGEL_PACK,XIREC,10015.0,6
588500,,,VEV_5300,XIREC,28.0,4
588500,,,VEV_5400,XIREC,7.0,4
588500,,,VEV_5500,XIREC,2.0,4
588500,,,VEV_6000,XIREC,0.0,4
588500,,,VEV_6500,XIREC,0.0,4
588800,,,HYDROGEL_PACK,XIREC,10016.0,2
589300,,,HYDROGEL_PACK,XIREC,10001.0,3
589400,SUBMISSION,,VELVETFRUIT_EXTRACT,XIREC,5213.0,3
590600,,SUBMISSION,VELVETFRUIT_EXTRACT,XIREC,5215.0,10
590700,,SUBMISSION,VEV_4000,XIREC,1224.0,1
591900,,SUBMISSION,VELVETFRUIT_EXTRACT,XIREC,5217.0,8
592000,,SUBMISSION,VELVETFRUIT_EXTRACT,XIREC,5222.0,6
592200,,,HYDROGEL_PACK,XIREC,10020.0,4
593000,SUBMISSION,,VEV_4000,XIREC,1219.0,1
593000,,,VEV_5400,XIREC,8.0,5
593000,,,VEV_5500,XIREC,3.0,5
593000,,,VEV_6000,XIREC,0.0,5
593000,,,VEV_6500,XIREC,0.0,5
593900,,SUBMISSION,VELVETFRUIT_EXTRACT,XIREC,5219.0,8
596100,,,HYDROGEL_PACK,XIREC,10002.0,3
596600,,,HYDROGEL_PACK,XIREC,10012.0,6
597500,,SUBMISSION,VELVETFRUIT_EXTRACT,XIREC,5233.0,8
597500,,,HYDROGEL_PACK,XIREC,10015.0,4
600300,,SUBMISSION,VEV_4000,XIREC,1253.0,2
601300,,SUBMISSION,VELVETFRUIT_EXTRACT,XIREC,5246.0,6
601500,,SUBMISSION,VELVETFRUIT_EXTRACT,XIREC,5246.0,12
601600,,,HYDROGEL_PACK,XIREC,10013.0,6
603700,SUBMISSION,,VELVETFRUIT_EXTRACT,XIREC,5244.0,11
603900,,SUBMISSION,VELVETFRUIT_EXTRACT,XIREC,5244.0,8
604100,SUBMISSION,,VEV_4000,XIREC,1243.0,2
604100,,,VEV_5300,XIREC,38.0,2
604100,,,VEV_5400,XIREC,11.0,2
604100,,,VEV_5500,XIREC,4.0,2
604100,,,VEV_6000,XIREC,0.0,2
604100,,,VEV_6500,XIREC,0.0,2
604200,,SUBMISSION,VELVETFRUIT_EXTRACT,XIREC,5243.0,7
604400,,,HYDROGEL_PACK,XIREC,10043.0,3
604500,,SUBMISSION,VELVETFRUIT_EXTRACT,XIREC,5244.0,7
604700,SUBMISSION,,VELVETFRUIT_EXTRACT,XIREC,5242.0,9
605100,,,VEV_4000,XIREC,1233.0,3
607200,,SUBMISSION,VELVETFRUIT_EXTRACT,XIREC,5249.0,8
607400,,SUBMISSION,VEV_4000,XIREC,1258.0,2
608800,,SUBMISSION,VELVETFRUIT_EXTRACT,XIREC,5254.0,3
608900,,,HYDROGEL_PACK,XIREC,10031.0,2
610800,SUBMISSION,,VELVETFRUIT_EXTRACT,XIREC,5249.0,4
610800,SUBMISSION,,VELVETFRUIT_EXTRACT,XIREC,5249.0,4
610900,SUBMISSION,,VEV_4000,XIREC,1240.0,2
610900,,,HYDROGEL_PACK,XIREC,10029.0,5
610900,,,VEV_4000,XIREC,1239.0,1
611300,SUBMISSION,,VELVETFRUIT_EXTRACT,XIREC,5244.0,6
611300,,,VELVETFRUIT_EXTRACT,XIREC,5244.0,6
611900,SUBMISSION,,VELVETFRUIT_EXTRACT,XIREC,5243.0,14
612000,SUBMISSION,,VELVETFRUIT_EXTRACT,XIREC,5244.0,9
612300,SUBMISSION,,VELVETFRUIT_EXTRACT,XIREC,5242.0,8
613000,,SUBMISSION,VELVETFRUIT_EXTRACT,XIREC,5243.0,9
613800,,SUBMISSION,VELVETFRUIT_EXTRACT,XIREC,5244.0,8
614100,SUBMISSION,,VELVETFRUIT_EXTRACT,XIREC,5244.0,10
614100,,,VELVETFRUIT_EXTRACT,XIREC,5244.0,10
615400,,SUBMISSION,VELVETFRUIT_EXTRACT,XIREC,5241.0,9
615700,SUBMISSION,,VELVETFRUIT_EXTRACT,XIREC,5237.0,9
616700,,SUBMISSION,VELVETFRUIT_EXTRACT,XIREC,5236.0,4
617200,,SUBMISSION,VELVETFRUIT_EXTRACT,XIREC,5236.0,6
620000,,,HYDROGEL_PACK,XIREC,10010.0,5
620700,,SUBMISSION,VELVETFRUIT_EXTRACT,XIREC,5232.0,9
620800,,SUBMISSION,VELVETFRUIT_EXTRACT,XIREC,5233.0,4
622000,SUBMISSION,,VELVETFRUIT_EXTRACT,XIREC,5228.0,8
622600,,,VEV_5400,XIREC,10.0,4
622600,,,VEV_5500,XIREC,3.0,4
622600,,,VEV_6000,XIREC,0.0,4
622600,,,VEV_6500,XIREC,0.0,4
623300,,SUBMISSION,VELVETFRUIT_EXTRACT,XIREC,5235.0,9
623800,,SUBMISSION,VELVETFRUIT_EXTRACT,XIREC,5237.0,2
624000,,,VEV_4000,XIREC,1226.0,2
624100,SUBMISSION,,VELVETFRUIT_EXTRACT,XIREC,5236.0,9
624200,,,VEV_4000,XIREC,1226.0,2
625500,,SUBMISSION,VELVETFRUIT_EXTRACT,XIREC,5243.0,8
625900,,SUBMISSION,VEV_4000,XIREC,1252.0,2
626300,,SUBMISSION,VELVETFRUIT_EXTRACT,XIREC,5247.0,5
627100,,SUBMISSION,VEV_4000,XIREC,1253.0,3
627400,,SUBMISSION,VELVETFRUIT_EXTRACT,XIREC,5245.0,7
629200,SUBMISSION,,VELVETFRUIT_EXTRACT,XIREC,5244.0,5
629600,SUBMISSION,,VELVETFRUIT_EXTRACT,XIREC,5243.0,9
629600,SUBMISSION,,VELVETFRUIT_EXTRACT,XIREC,5243.0,1
630700,,,HYDROGEL_PACK,XIREC,10010.0,3
630800,SUBMISSION,,VELVETFRUIT_EXTRACT,XIREC,5242.0,13
631000,SUBMISSION,,VELVETFRUIT_EXTRACT,XIREC,5244.0,6
631300,,SUBMISSION,VELVETFRUIT_EXTRACT,XIREC,5245.0,9
631400,,,HYDROGEL_PACK,XIREC,10002.0,3
632200,,SUBMISSION,VELVETFRUIT_EXTRACT,XIREC,5245.0,10
633100,,,HYDROGEL_PACK,XIREC,10017.0,6
634300,,,HYDROGEL_PACK,XIREC,10009.0,4
634400,,SUBMISSION,VELVETFRUIT_EXTRACT,XIREC,5244.0,5
635100,SUBMISSION,,VEV_4000,XIREC,1236.0,3
636200,SUBMISSION,,VELVETFRUIT_EXTRACT,XIREC,5246.0,7
636200,SUBMISSION,,VELVETFRUIT_EXTRACT,XIREC,5246.0,5
636600,,SUBMISSION,VELVETFRUIT_EXTRACT,XIREC,5246.0,5
637300,SUBMISSION,,VELVETFRUIT_EXTRACT,XIREC,5245.0,9
637900,,SUBMISSION,VEV_4000,XIREC,1255.0,3
638600,SUBMISSION,,VELVETFRUIT_EXTRACT,XIREC,5246.0,8
640000,,,HYDROGEL_PACK,XIREC,10001.0,2
641500,,SUBMISSION,VELVETFRUIT_EXTRACT,XIREC,5247.0,5
642400,SUBMISSION,,VEV_4000,XIREC,1243.0,2
642400,,,VEV_5400,XIREC,11.0,2
642400,,,VEV_5500,XIREC,4.0,2
642400,,,VEV_6000,XIREC,0.0,2
642400,,,VEV_6500,XIREC,0.0,2
643000,SUBMISSION,,VELVETFRUIT_EXTRACT,XIREC,5240.0,6
643300,,SUBMISSION,VEV_4000,XIREC,1251.0,1
644500,SUBMISSION,,VEV_4000,XIREC,1245.0,4
644500,,,VEV_5400,XIREC,11.0,4
644500,,,VEV_5500,XIREC,4.0,4
644500,,,VEV_6000,XIREC,0.0,4
644500,,,VEV_6500,XIREC,0.0,4
644900,,SUBMISSION,VELVETFRUIT_EXTRACT,XIREC,5245.0,6
645000,,,HYDROGEL_PACK,XIREC,10016.0,4
645500,SUBMISSION,,VELVETFRUIT_EXTRACT,XIREC,5245.0,8
648700,,,VEV_4000,XIREC,1235.0,3
650000,,,HYDROGEL_PACK,XIREC,10029.0,4
650200,,SUBMISSION,VELVETFRUIT_EXTRACT,XIREC,5245.0,6
650600,SUBMISSION,,VELVETFRUIT_EXTRACT,XIREC,5244.0,8
650600,,,VELVETFRUIT_EXTRACT,XIREC,5244.0,8
651100,SUBMISSION,,VELVETFRUIT_EXTRACT,XIREC,5240.0,15
651300,,SUBMISSION,VELVETFRUIT_EXTRACT,XIREC,5246.0,8
652100,,SUBMISSION,VELVETFRUIT_EXTRACT,XIREC,5243.0,7
652600,,SUBMISSION,VELVETFRUIT_EXTRACT,XIREC,5246.0,6
653800,,SUBMISSION,VELVETFRUIT_EXTRACT,XIREC,5251.0,5
654500,,SUBMISSION,VELVETFRUIT_EXTRACT,XIREC,5251.0,5
655500,,,HYDROGEL_PACK,XIREC,10024.0,3
656600,SUBMISSION,,VELVETFRUIT_EXTRACT,XIREC,5253.0,1
656600,SUBMISSION,,VELVETFRUIT_EXTRACT,XIREC,5253.0,7
656600,SUBMISSION,,VELVETFRUIT_EXTRACT,XIREC,5253.0,1
656600,,,VELVETFRUIT_EXTRACT,XIREC,5253.0,7
658100,,SUBMISSION,VEV_4000,XIREC,1262.0,3
658300,SUBMISSION,,VELVETFRUIT_EXTRACT,XIREC,5250.0,3
659500,,,HYDROGEL_PACK,XIREC,10046.0,5
659800,SUBMISSION,,VELVETFRUIT_EXTRACT,XIREC,5258.0,7
659800,SUBMISSION,,VELVETFRUIT_EXTRACT,XIREC,5257.0,6
661900,,,HYDROGEL_PACK,XIREC,10024.0,6
662600,,SUBMISSION,VELVETFRUIT_EXTRACT,XIREC,5250.0,6
663000,,,HYDROGEL_PACK,XIREC,10025.0,2
663700,,SUBMISSION,VELVETFRUIT_EXTRACT,XIREC,5252.0,6
664200,,SUBMISSION,VELVETFRUIT_EXTRACT,XIREC,5251.0,8
665200,SUBMISSION,,VELVETFRUIT_EXTRACT,XIREC,5258.0,7
665500,SUBMISSION,,VELVETFRUIT_EXTRACT,XIREC,5256.0,8
666500,SUBMISSION,,VEV_4000,XIREC,1255.0,2
666500,,,VEV_5200,XIREC,91.0,2
666500,,,VEV_5300,XIREC,42.0,2
666500,,,VEV_5400,XIREC,12.0,2
666500,,,VEV_5500,XIREC,4.0,2
666500,,,VEV_6000,XIREC,0.0,2
666500,,,VEV_6500,XIREC,0.0,2
667800,,SUBMISSION,VELVETFRUIT_EXTRACT,XIREC,5261.0,5
668500,,SUBMISSION,VELVETFRUIT_EXTRACT,XIREC,5259.0,10
669700,,SUBMISSION,VELVETFRUIT_EXTRACT,XIREC,5265.0,1
669900,,SUBMISSION,VEV_4000,XIREC,1274.0,3
672600,,SUBMISSION,VELVETFRUIT_EXTRACT,XIREC,5270.0,3
672800,SUBMISSION,,VELVETFRUIT_EXTRACT,XIREC,5271.0,3
672800,SUBMISSION,,VELVETFRUIT_EXTRACT,XIREC,5271.0,7
672800,SUBMISSION,,VELVETFRUIT_EXTRACT,XIREC,5271.0,3
672800,,,VELVETFRUIT_EXTRACT,XIREC,5271.0,7
673000,SUBMISSION,,VELVETFRUIT_EXTRACT,XIREC,5271.0,5
673200,,SUBMISSION,VELVETFRUIT_EXTRACT,XIREC,5272.0,10
673600,,SUBMISSION,VELVETFRUIT_EXTRACT,XIREC,5274.0,6
674000,,,HYDROGEL_PACK,XIREC,10015.0,2
674400,,,HYDROGEL_PACK,XIREC,10012.0,4
675300,,,HYDROGEL_PACK,XIREC,10017.0,2
675500,SUBMISSION,,VELVETFRUIT_EXTRACT,XIREC,5270.0,2
675500,SUBMISSION,,VELVETFRUIT_EXTRACT,XIREC,5270.0,5
675600,,SUBMISSION,VELVETFRUIT_EXTRACT,XIREC,5271.0,7
675600,,,HYDROGEL_PACK,XIREC,10018.0,3
676600,,SUBMISSION,VEV_4000,XIREC,1278.0,2
677400,SUBMISSION,,VELVETFRUIT_EXTRACT,XIREC,5266.0,2
677400,SUBMISSION,,VELVETFRUIT_EXTRACT,XIREC,5266.0,6
678500,SUBMISSION,,VELVETFRUIT_EXTRACT,XIREC,5271.0,8
678700,,,HYDROGEL_PACK,XIREC,10013.0,6
679000,SUBMISSION,,VELVETFRUIT_EXTRACT,XIREC,5273.0,5
679000,,,VELVETFRUIT_EXTRACT,XIREC,5273.0,5
679300,SUBMISSION,,HYDROGEL_PACK,XIREC,9993.0,6
681000,,SUBMISSION,HYDROGEL_PACK,XIREC,10009.0,5
681500,,SUBMISSION,HYDROGEL_PACK,XIREC,10002.0,1
681900,,SUBMISSION,VELVETFRUIT_EXTRACT,XIREC,5277.0,8
682800,,SUBMISSION,VELVETFRUIT_EXTRACT,XIREC,5282.0,6
683100,,SUBMISSION,VELVETFRUIT_EXTRACT,XIREC,5280.0,4
683900,,SUBMISSION,VELVETFRUIT_EXTRACT,XIREC,5282.0,3
684500,SUBMISSION,,VELVETFRUIT_EXTRACT,XIREC,5274.0,7
686100,SUBMISSION,,HYDROGEL_PACK,XIREC,9997.0,6
686200,,SUBMISSION,HYDROGEL_PACK,XIREC,10001.0,6
686400,SUBMISSION,,VELVETFRUIT_EXTRACT,XIREC,5275.0,8
686700,,,HYDROGEL_PACK,XIREC,10016.0,5
687700,SUBMISSION,,VELVETFRUIT_EXTRACT,XIREC,5271.0,5
687700,SUBMISSION,,VELVETFRUIT_EXTRACT,XIREC,5270.0,7
687700,,,VELVETFRUIT_EXTRACT,XIREC,5271.0,5
688500,SUBMISSION,,VELVETFRUIT_EXTRACT,XIREC,5273.0,3
688600,SUBMISSION,,VEV_4000,XIREC,1274.0,2
688600,,,VEV_5400,XIREC,16.0,2
688600,,,VEV_5500,XIREC,6.0,2
688600,,,VEV_6000,XIREC,0.0,2
688600,,,VEV_6500,XIREC,0.0,2
688700,,SUBMISSION,VELVETFRUIT_EXTRACT,XIREC,5274.0,7
689700,SUBMISSION,,HYDROGEL_PACK,XIREC,9998.0,5
689700,,SUBMISSION,VELVETFRUIT_EXTRACT,XIREC,5274.0,6
690100,,SUBMISSION,VELVETFRUIT_EXTRACT,XIREC,5273.0,13
690500,SUBMISSION,,VEV_4000,XIREC,1264.0,1
690600,,SUBMISSION,VELVETFRUIT_EXTRACT,XIREC,5274.0,5
690800,SUBMISSION,,HYDROGEL_PACK,XIREC,9991.0,5
691100,SUBMISSION,,VEV_4000,XIREC,1271.0,3
691100,,,VEV_5400,XIREC,15.0,5
691100,,,VEV_5500,XIREC,6.0,5
691100,,,VEV_6000,XIREC,0.0,5
691100,,,VEV_6500,XIREC,0.0,5
691200,SUBMISSION,,VELVETFRUIT_EXTRACT,XIREC,5272.0,7
691300,SUBMISSION,,VELVETFRUIT_EXTRACT,XIREC,5272.0,8
691600,SUBMISSION,,HYDROGEL_PACK,XIREC,9991.0,5
691700,SUBMISSION,,VELVETFRUIT_EXTRACT,XIREC,5269.0,10
691800,SUBMISSION,,VELVETFRUIT_EXTRACT,XIREC,5270.0,7
692000,,SUBMISSION,VEV_4000,XIREC,1281.0,1
692100,,SUBMISSION,VELVETFRUIT_EXTRACT,XIREC,5271.0,8
692500,SUBMISSION,,VELVETFRUIT_EXTRACT,XIREC,5269.0,6
693000,,SUBMISSION,VELVETFRUIT_EXTRACT,XIREC,5272.0,10
693800,,SUBMISSION,VELVETFRUIT_EXTRACT,XIREC,5270.0,5
693900,,SUBMISSION,VELVETFRUIT_EXTRACT,XIREC,5270.0,3
694400,,SUBMISSION,VELVETFRUIT_EXTRACT,XIREC,5270.0,3
694500,,SUBMISSION,HYDROGEL_PACK,XIREC,10015.0,4
694600,,SUBMISSION,HYDROGEL_PACK,XIREC,10003.0,10
694600,,SUBMISSION,HYDROGEL_PACK,XIREC,10001.0,1
695200,,SUBMISSION,VELVETFRUIT_EXTRACT,XIREC,5267.0,3
695800,SUBMISSION,,VEV_4000,XIREC,1267.0,1
695800,,,VEV_5500,XIREC,5.0,5
695800,,,VEV_6000,XIREC,0.0,5
695800,,,VEV_6500,XIREC,0.0,5
695900,SUBMISSION,,VELVETFRUIT_EXTRACT,XIREC,5266.0,11
696000,,,HYDROGEL_PACK,XIREC,10016.0,2
696800,,SUBMISSION,VELVETFRUIT_EXTRACT,XIREC,5270.0,9
697000,,,HYDROGEL_PACK,XIREC,10017.0,4
697400,,,HYDROGEL_PACK,XIREC,10018.0,2
697600,SUBMISSION,,VELVETFRUIT_EXTRACT,XIREC,5272.0,9
698100,,SUBMISSION,VELVETFRUIT_EXTRACT,XIREC,5275.0,11
698800,SUBMISSION,,HYDROGEL_PACK,XIREC,9999.0,2
699400,,SUBMISSION,HYDROGEL_PACK,XIREC,10001.0,2
699800,,,VEV_4000,XIREC,1260.0,3
700500,SUBMISSION,,VELVETFRUIT_EXTRACT,XIREC,5264.0,10
700500,,,VELVETFRUIT_EXTRACT,XIREC,5264.0,10
700900,,SUBMISSION,VELVETFRUIT_EXTRACT,XIREC,5265.0,7
701000,SUBMISSION,,VELVETFRUIT_EXTRACT,XIREC,5264.0,4
702100,,SUBMISSION,VELVETFRUIT_EXTRACT,XIREC,5264.0,5
702200,SUBMISSION,,VELVETFRUIT_EXTRACT,XIREC,5261.0,3
704600,,SUBMISSION,VELVETFRUIT_EXTRACT,XIREC,5264.0,8
705100,,SUBMISSION,VELVETFRUIT_EXTRACT,XIREC,5266.0,7
705700,SUBMISSION,,VELVETFRUIT_EXTRACT,XIREC,5262.0,4
705900,,,HYDROGEL_PACK,XIREC,10032.0,6
707400,SUBMISSION,,VELVETFRUIT_EXTRACT,XIREC,5261.0,7
707400,SUBMISSION,,VELVETFRUIT_EXTRACT,XIREC,5261.0,2
707700,SUBMISSION,,VELVETFRUIT_EXTRACT,XIREC,5262.0,3
707900,,,HYDROGEL_PACK,XIREC,10021.0,6
710200,SUBMISSION,,VELVETFRUIT_EXTRACT,XIREC,5258.0,7
710400,,SUBMISSION,VELVETFRUIT_EXTRACT,XIREC,5258.0,10
711200,,,VEV_4000,XIREC,1248.0,3
711500,,SUBMISSION,VELVETFRUIT_EXTRACT,XIREC,5258.0,1
711900,,,VEV_5300,XIREC,43.0,3
711900,,,VEV_5400,XIREC,13.0,3
711900,,,VEV_5500,XIREC,5.0,3
711900,,,VEV_6000,XIREC,0.0,3
711900,,,VEV_6500,XIREC,0.0,3
713000,,SUBMISSION,VELVETFRUIT_EXTRACT,XIREC,5254.0,8
714100,SUBMISSION,,VELVETFRUIT_EXTRACT,XIREC,5248.0,8
715300,SUBMISSION,,VELVETFRUIT_EXTRACT,XIREC,5244.0,8
715300,SUBMISSION,,VELVETFRUIT_EXTRACT,XIREC,5244.0,8
715500,,,HYDROGEL_PACK,XIREC,10036.0,6
716100,SUBMISSION,,VELVETFRUIT_EXTRACT,XIREC,5248.0,14
716300,SUBMISSION,,VELVETFRUIT_EXTRACT,XIREC,5249.0,9
716600,,SUBMISSION,VELVETFRUIT_EXTRACT,XIREC,5249.0,8
716900,,,HYDROGEL_PACK,XIREC,10028.0,3
717300,SUBMISSION,,VELVETFRUIT_EXTRACT,XIREC,5244.0,12
717300,SUBMISSION,,VELVETFRUIT_EXTRACT,XIREC,5244.0,12
719000,,,HYDROGEL_PACK,XIREC,10033.0,5
720500,SUBMISSION,,VELVETFRUIT_EXTRACT,XIREC,5237.0,11
720500,SUBMISSION,,VELVETFRUIT_EXTRACT,XIREC,5237.0,11
720900,,SUBMISSION,VELVETFRUIT_EXTRACT,XIREC,5239.0,13
721200,,SUBMISSION,VELVETFRUIT_EXTRACT,XIREC,5239.0,14
721200,,SUBMISSION,VELVETFRUIT_EXTRACT,XIREC,5239.0,3
722300,,SUBMISSION,VELVETFRUIT_EXTRACT,XIREC,5241.0,4
723600,,SUBMISSION,VELVETFRUIT_EXTRACT,XIREC,5235.0,9
726000,,SUBMISSION,VELVETFRUIT_EXTRACT,XIREC,5233.0,15
726100,SUBMISSION,,VELVETFRUIT_EXTRACT,XIREC,5232.0,5
726600,,,VEV_5400,XIREC,8.0,2
726600,,,VEV_5500,XIREC,3.0,2
726600,,,VEV_6000,XIREC,0.0,2
726600,,,VEV_6500,XIREC,0.0,2
726800,,SUBMISSION,VELVETFRUIT_EXTRACT,XIREC,5230.0,10
727400,,SUBMISSION,VELVETFRUIT_EXTRACT,XIREC,5231.0,11
727700,,,HYDROGEL_PACK,XIREC,10040.0,6
727900,,,VEV_4000,XIREC,1222.0,2
728900,SUBMISSION,,VELVETFRUIT_EXTRACT,XIREC,5229.0,1
730300,SUBMISSION,,VELVETFRUIT_EXTRACT,XIREC,5224.0,5
731900,,SUBMISSION,VELVETFRUIT_EXTRACT,XIREC,5232.0,7
733200,,,VEV_5400,XIREC,8.0,4
733200,,,VEV_5500,XIREC,3.0,4
733200,,,VEV_6000,XIREC,0.0,4
733200,,,VEV_6500,XIREC,0.0,4
734200,,,HYDROGEL_PACK,XIREC,10029.0,5
734400,,SUBMISSION,VELVETFRUIT_EXTRACT,XIREC,5230.0,1
734500,,SUBMISSION,VELVETFRUIT_EXTRACT,XIREC,5231.0,12
735100,SUBMISSION,,VELVETFRUIT_EXTRACT,XIREC,5228.0,3
735400,SUBMISSION,,VELVETFRUIT_EXTRACT,XIREC,5229.0,8
735900,SUBMISSION,,VELVETFRUIT_EXTRACT,XIREC,5229.0,1
735900,SUBMISSION,,VELVETFRUIT_EXTRACT,XIREC,5229.0,7
736100,,SUBMISSION,VEV_4000,XIREC,1238.0,1
736200,,,HYDROGEL_PACK,XIREC,10004.0,6
737200,,SUBMISSION,VELVETFRUIT_EXTRACT,XIREC,5225.0,5
737300,,,HYDROGEL_PACK,XIREC,10014.0,6
737500,,SUBMISSION,VELVETFRUIT_EXTRACT,XIREC,5225.0,3
737600,SUBMISSION,,VELVETFRUIT_EXTRACT,XIREC,5222.0,5
738000,SUBMISSION,,VELVETFRUIT_EXTRACT,XIREC,5221.0,8
738100,,SUBMISSION,VELVETFRUIT_EXTRACT,XIREC,5222.0,10
738500,SUBMISSION,,VELVETFRUIT_EXTRACT,XIREC,5217.0,4
738800,SUBMISSION,,VELVETFRUIT_EXTRACT,XIREC,5216.0,3
739000,SUBMISSION,,HYDROGEL_PACK,XIREC,9997.0,4
739500,,SUBMISSION,HYDROGEL_PACK,XIREC,10001.0,4
739600,,SUBMISSION,VEV_4000,XIREC,1226.0,3
739900,,SUBMISSION,VELVETFRUIT_EXTRACT,XIREC,5216.0,4
740000,,,HYDROGEL_PACK,XIREC,10001.0,4
740300,,SUBMISSION,VELVETFRUIT_EXTRACT,XIREC,5214.0,5
740300,,SUBMISSION,VELVETFRUIT_EXTRACT,XIREC,5215.0,7
742000,SUBMISSION,,VELVETFRUIT_EXTRACT,XIREC,5214.0,8
743500,,,HYDROGEL_PACK,XIREC,10003.0,5
744200,SUBMISSION,,VELVETFRUIT_EXTRACT,XIREC,5208.0,8
744200,,,VELVETFRUIT_EXTRACT,XIREC,5208.0,8
744900,SUBMISSION,,VELVETFRUIT_EXTRACT,XIREC,5210.0,5
746200,,SUBMISSION,VELVETFRUIT_EXTRACT,XIREC,5215.0,13
746200,,SUBMISSION,VELVETFRUIT_EXTRACT,XIREC,5215.0,2
746900,,SUBMISSION,VEV_4000,XIREC,1220.0,1
747700,SUBMISSION,,HYDROGEL_PACK,XIREC,9989.0,3
748100,SUBMISSION,,VELVETFRUIT_EXTRACT,XIREC,5210.0,2
748100,SUBMISSION,,VELVETFRUIT_EXTRACT,XIREC,5210.0,7
748500,SUBMISSION,,VEV_4000,XIREC,1214.0,2
748500,,,VEV_5300,XIREC,28.0,2
748500,,,VEV_5500,XIREC,2.0,2
748500,,,VEV_6000,XIREC,0.0,2
748500,,,VEV_6500,XIREC,0.0,2
749400,,SUBMISSION,HYDROGEL_PACK,XIREC,10015.0,3
749400,,,HYDROGEL_PACK,XIREC,10016.0,2
750200,,SUBMISSION,VELVETFRUIT_EXTRACT,XIREC,5216.0,7
750200,,,HYDROGEL_PACK,XIREC,10006.0,3
751300,SUBMISSION,,VELVETFRUIT_EXTRACT,XIREC,5212.0,5
752100,,,HYDROGEL_PACK,XIREC,10012.0,6
752300,,SUBMISSION,VEV_4000,XIREC,1229.0,2
752500,SUBMISSION,,HYDROGEL_PACK,XIREC,9998.0,5
753100,,SUBMISSION,HYDROGEL_PACK,XIREC,10003.0,5
753400,,,HYDROGEL_PACK,XIREC,10008.0,4
753700,SUBMISSION,,VELVETFRUIT_EXTRACT,XIREC,5218.0,5
754700,,SUBMISSION,VELVETFRUIT_EXTRACT,XIREC,5222.0,10
755000,SUBMISSION,,VELVETFRUIT_EXTRACT,XIREC,5225.0,2
755000,,,HYDROGEL_PACK,XIREC,10002.0,4
756000,,SUBMISSION,VELVETFRUIT_EXTRACT,XIREC,5225.0,2
756000,,,VELVETFRUIT_EXTRACT,XIREC,5225.0,7
757200,,SUBMISSION,VEV_4000,XIREC,1229.0,2
758100,SUBMISSION,,VELVETFRUIT_EXTRACT,XIREC,5214.0,8
759500,,,HYDROGEL_PACK,XIREC,10016.0,2
759800,,SUBMISSION,VELVETFRUIT_EXTRACT,XIREC,5217.0,5
760900,,SUBMISSION,VELVETFRUIT_EXTRACT,XIREC,5221.0,3
761800,SUBMISSION,,VELVETFRUIT_EXTRACT,XIREC,5225.0,7
762200,SUBMISSION,,VELVETFRUIT_EXTRACT,XIREC,5225.0,9
762200,,SUBMISSION,VEV_4000,XIREC,1235.0,2
762600,SUBMISSION,,VELVETFRUIT_EXTRACT,XIREC,5226.0,6
762800,,SUBMISSION,VELVETFRUIT_EXTRACT,XIREC,5230.0,6
763500,SUBMISSION,,VEV_4000,XIREC,1222.0,5
763500,,,VEV_5400,XIREC,7.0,5
763500,,,VEV_5500,XIREC,2.0,5
763500,,,VEV_6000,XIREC,0.0,5
763500,,,VEV_6500,XIREC,0.0,5
764000,SUBMISSION,,VEV_4000,XIREC,1227.0,3
764000,,,VEV_5300,XIREC,32.0,3
764000,,,VEV_5400,XIREC,8.0,3
764000,,,VEV_5500,XIREC,2.0,3
764000,,,VEV_6000,XIREC,0.0,3
764000,,,VEV_6500,XIREC,0.0,3
766000,,SUBMISSION,VELVETFRUIT_EXTRACT,XIREC,5227.0,4
766500,,,HYDROGEL_PACK,XIREC,10039.0,4
767700,,,HYDROGEL_PACK,XIREC,10043.0,6
768300,,SUBMISSION,VELVETFRUIT_EXTRACT,XIREC,5233.0,8
768400,,SUBMISSION,VELVETFRUIT_EXTRACT,XIREC,5233.0,3
769100,,SUBMISSION,VELVETFRUIT_EXTRACT,XIREC,5235.0,10
771300,,,HYDROGEL_PACK,XIREC,10051.0,4
771600,SUBMISSION,,VELVETFRUIT_EXTRACT,XIREC,5230.0,10
771600,SUBMISSION,,VELVETFRUIT_EXTRACT,XIREC,5230.0,2
771600,SUBMISSION,,VELVETFRUIT_EXTRACT,XIREC,5230.0,10
771600,SUBMISSION,,VELVETFRUIT_EXTRACT,XIREC,5230.0,2
771800,,SUBMISSION,VELVETFRUIT_EXTRACT,XIREC,5236.0,6
773800,SUBMISSION,,VELVETFRUIT_EXTRACT,XIREC,5235.0,8
774200,,SUBMISSION,VEV_4000,XIREC,1242.0,2
775300,,,HYDROGEL_PACK,XIREC,10028.0,4
775500,,SUBMISSION,VELVETFRUIT_EXTRACT,XIREC,5241.0,7
776300,,SUBMISSION,VELVETFRUIT_EXTRACT,XIREC,5242.0,9
777200,SUBMISSION,,VELVETFRUIT_EXTRACT,XIREC,5238.0,10
777200,,,VELVETFRUIT_EXTRACT,XIREC,5238.0,10
777400,SUBMISSION,,VELVETFRUIT_EXTRACT,XIREC,5238.0,6
777500,,SUBMISSION,VELVETFRUIT_EXTRACT,XIREC,5239.0,9
778600,SUBMISSION,,VELVETFRUIT_EXTRACT,XIREC,5245.0,8
778800,SUBMISSION,,VELVETFRUIT_EXTRACT,XIREC,5243.0,9
779200,SUBMISSION,,VEV_4000,XIREC,1243.0,3
779200,,,VEV_5300,XIREC,37.0,4
779200,,,VEV_5400,XIREC,10.0,4
779200,,,VEV_5500,XIREC,3.0,4
779200,,,VEV_6000,XIREC,0.0,4
779200,,,VEV_6500,XIREC,0.0,4
779700,SUBMISSION,,VELVETFRUIT_EXTRACT,XIREC,5243.0,5
779700,,,VELVETFRUIT_EXTRACT,XIREC,5243.0,4
780000,,,HYDROGEL_PACK,XIREC,10035.0,3
781100,,SUBMISSION,VELVETFRUIT_EXTRACT,XIREC,5240.0,7
781500,SUBMISSION,,VELVETFRUIT_EXTRACT,XIREC,5236.0,7
781900,,SUBMISSION,VELVETFRUIT_EXTRACT,XIREC,5235.0,8
781900,,SUBMISSION,VELVETFRUIT_EXTRACT,XIREC,5235.0,5
783400,SUBMISSION,,VELVETFRUIT_EXTRACT,XIREC,5239.0,6
784000,,,HYDROGEL_PACK,XIREC,10014.0,6
787000,,SUBMISSION,VELVETFRUIT_EXTRACT,XIREC,5250.0,6
787300,SUBMISSION,,VELVETFRUIT_EXTRACT,XIREC,5248.0,6
787400,,,HYDROGEL_PACK,XIREC,10012.0,5
791700,SUBMISSION,,VELVETFRUIT_EXTRACT,XIREC,5244.0,6
792800,SUBMISSION,,HYDROGEL_PACK,XIREC,10000.0,14
792900,SUBMISSION,,HYDROGEL_PACK,XIREC,9996.0,13
792900,SUBMISSION,,HYDROGEL_PACK,XIREC,9998.0,27
793000,SUBMISSION,,HYDROGEL_PACK,XIREC,9998.0,14
793100,,SUBMISSION,VELVETFRUIT_EXTRACT,XIREC,5243.0,8
793400,SUBMISSION,,VELVETFRUIT_EXTRACT,XIREC,5242.0,7
793900,SUBMISSION,,VELVETFRUIT_EXTRACT,XIREC,5243.0,5
793900,,,VELVETFRUIT_EXTRACT,XIREC,5243.0,5
793900,,,VEV_5400,XIREC,10.0,2
793900,,,VEV_5500,XIREC,3.0,2
793900,,,VEV_6000,XIREC,0.0,2
793900,,,VEV_6500,XIREC,0.0,2
794000,SUBMISSION,,HYDROGEL_PACK,XIREC,9994.0,5
794200,SUBMISSION,,HYDROGEL_PACK,XIREC,10000.0,15
794500,SUBMISSION,,HYDROGEL_PACK,XIREC,10000.0,12
794600,SUBMISSION,,HYDROGEL_PACK,XIREC,9998.0,12
794700,SUBMISSION,,HYDROGEL_PACK,XIREC,9998.0,15
794800,SUBMISSION,,HYDROGEL_PACK,XIREC,9996.0,13
794800,SUBMISSION,,HYDROGEL_PACK,XIREC,9999.0,26
794900,SUBMISSION,,HYDROGEL_PACK,XIREC,9994.0,13
794900,SUBMISSION,,HYDROGEL_PACK,XIREC,9996.0,21
795400,,,HYDROGEL_PACK,XIREC,9978.0,6
796100,,SUBMISSION,VELVETFRUIT_EXTRACT,XIREC,5244.0,5
796600,,SUBMISSION,VELVETFRUIT_EXTRACT,XIREC,5243.0,7
796800,,,VEV_4000,XIREC,1228.0,1
798800,SUBMISSION,,VELVETFRUIT_EXTRACT,XIREC,5241.0,12
798800,SUBMISSION,,VELVETFRUIT_EXTRACT,XIREC,5241.0,12
798900,,SUBMISSION,VELVETFRUIT_EXTRACT,XIREC,5244.0,8
799400,,SUBMISSION,VELVETFRUIT_EXTRACT,XIREC,5242.0,9
800000,,SUBMISSION,VEV_4000,XIREC,1259.0,1
802600,SUBMISSION,,VELVETFRUIT_EXTRACT,XIREC,5253.0,7
802700,,SUBMISSION,HYDROGEL_PACK,XIREC,10013.0,4
802800,,SUBMISSION,HYDROGEL_PACK,XIREC,10001.0,10
803000,,SUBMISSION,HYDROGEL_PACK,XIREC,10000.0,11
803000,,SUBMISSION,VELVETFRUIT_EXTRACT,XIREC,5256.0,3
803100,,SUBMISSION,HYDROGEL_PACK,XIREC,10001.0,12
803400,,SUBMISSION,HYDROGEL_PACK,XIREC,10000.0,13
803500,,SUBMISSION,HYDROGEL_PACK,XIREC,10002.0,15
803600,,SUBMISSION,HYDROGEL_PACK,XIREC,10004.0,10
803600,,SUBMISSION,HYDROGEL_PACK,XIREC,10001.0,20
803700,,SUBMISSION,HYDROGEL_PACK,XIREC,10007.0,14
803700,,SUBMISSION,HYDROGEL_PACK,XIREC,10004.0,23
803800,,SUBMISSION,HYDROGEL_PACK,XIREC,10009.0,15
803800,,SUBMISSION,HYDROGEL_PACK,XIREC,10006.0,26
803900,,SUBMISSION,HYDROGEL_PACK,XIREC,10011.0,13
803900,,SUBMISSION,HYDROGEL_PACK,XIREC,10008.0,14
804000,SUBMISSION,,VELVETFRUIT_EXTRACT,XIREC,5256.0,9
804500,,,HYDROGEL_PACK,XIREC,10020.0,5
805000,,SUBMISSION,VELVETFRUIT_EXTRACT,XIREC,5258.0,3
805600,SUBMISSION,,VEV_4000,XIREC,1247.0,1
805600,,,VEV_4000,XIREC,1246.0,1
807300,,SUBMISSION,VELVETFRUIT_EXTRACT,XIREC,5262.0,6
808200,,,VEV_4000,XIREC,1253.0,2
808300,,SUBMISSION,VELVETFRUIT_EXTRACT,XIREC,5262.0,6
808800,,,VEV_5300,XIREC,44.0,4
808800,,,VEV_5400,XIREC,12.0,4
808800,,,VEV_5500,XIREC,4.0,4
808800,,,VEV_6000,XIREC,0.0,4
808800,,,VEV_6500,XIREC,0.0,4
809100,,,VEV_4000,XIREC,1248.0,3
809500,SUBMISSION,,HYDROGEL_PACK,XIREC,10000.0,6
809600,,SUBMISSION,VELVETFRUIT_EXTRACT,XIREC,5253.0,8
809800,SUBMISSION,,VELVETFRUIT_EXTRACT,XIREC,5253.0,6
810000,,SUBMISSION,VELVETFRUIT_EXTRACT,XIREC,5253.0,7
810000,,SUBMISSION,VELVETFRUIT_EXTRACT,XIREC,5253.0,5
810500,,SUBMISSION,VELVETFRUIT_EXTRACT,XIREC,5256.0,10
810800,SUBMISSION,,VELVETFRUIT_EXTRACT,XIREC,5252.0,10
810800,SUBMISSION,,VELVETFRUIT_EXTRACT,XIREC,5251.0,5
811300,,SUBMISSION,HYDROGEL_PACK,XIREC,10002.0,6
812300,SUBMISSION,,VELVETFRUIT_EXTRACT,XIREC,5246.0,8
812600,,SUBMISSION,VELVETFRUIT_EXTRACT,XIREC,5250.0,5
812700,,,HYDROGEL_PACK,XIREC,10005.0,3
812900,,SUBMISSION,VELVETFRUIT_EXTRACT,XIREC,5245.0,5
813500,SUBMISSION,,VELVETFRUIT_EXTRACT,XIREC,5241.0,4
815900,,SUBMISSION,VELVETFRUIT_EXTRACT,XIREC,5245.0,3
816800,,SUBMISSION,VEV_4000,XIREC,1252.0,3
818600,,,HYDROGEL_PACK,XIREC,10039.0,3
819500,SUBMISSION,,VELVETFRUIT_EXTRACT,XIREC,5249.0,7
819600,SUBMISSION,,VELVETFRUIT_EXTRACT,XIREC,5251.0,5
819600,SUBMISSION,,VEV_4000,XIREC,1242.0,3
821700,,SUBMISSION,VELVETFRUIT_EXTRACT,XIREC,5254.0,13
822100,SUBMISSION,,VELVETFRUIT_EXTRACT,XIREC,5252.0,7
822500,,SUBMISSION,VELVETFRUIT_EXTRACT,XIREC,5254.0,5
822700,,SUBMISSION,VELVETFRUIT_EXTRACT,XIREC,5252.0,7
823500,,SUBMISSION,VELVETFRUIT_EXTRACT,XIREC,5253.0,8
823600,,,VEV_4000,XIREC,1241.0,3
824000,,,HYDROGEL_PACK,XIREC,10027.0,4
825200,,SUBMISSION,VELVETFRUIT_EXTRACT,XIREC,5255.0,4
825500,,SUBMISSION,VEV_4000,XIREC,1265.0,3
825600,,SUBMISSION,VELVETFRUIT_EXTRACT,XIREC,5258.0,6
825700,,SUBMISSION,VELVETFRUIT_EXTRACT,XIREC,5258.0,6
825900,SUBMISSION,,VEV_4000,XIREC,1256.0,2
825900,,,VEV_5400,XIREC,12.0,2
825900,,,VEV_5500,XIREC,4.0,2
825900,,,VEV_6000,XIREC,0.0,2
825900,,,VEV_6500,XIREC,0.0,2
826400,SUBMISSION,,VEV_4000,XIREC,1255.0,1
826400,,,VEV_5300,XIREC,42.0,4
826400,,,VEV_5400,XIREC,12.0,4
826400,,,VEV_5500,XIREC,4.0,4
826400,,,VEV_6000,XIREC,0.0,4
826400,,,VEV_6500,XIREC,0.0,4
827000,,,HYDROGEL_PACK,XIREC,10024.0,5
827300,,SUBMISSION,VEV_4000,XIREC,1263.0,2
827900,,SUBMISSION,VELVETFRUIT_EXTRACT,XIREC,5255.0,3
828400,,SUBMISSION,VELVETFRUIT_EXTRACT,XIREC,5257.0,3
829800,,SUBMISSION,VELVETFRUIT_EXTRACT,XIREC,5253.0,7
830100,SUBMISSION,,VELVETFRUIT_EXTRACT,XIREC,5252.0,6
830500,SUBMISSION,,VELVETFRUIT_EXTRACT,XIREC,5252.0,11
830600,,,HYDROGEL_PACK,XIREC,10024.0,3
831300,,SUBMISSION,VELVETFRUIT_EXTRACT,XIREC,5256.0,3
831700,SUBMISSION,,VELVETFRUIT_EXTRACT,XIREC,5256.0,6
833300,,SUBMISSION,VEV_4000,XIREC,1264.0,2
833700,,SUBMISSION,VELVETFRUIT_EXTRACT,XIREC,5257.0,5
834000,,,HYDROGEL_PACK,XIREC,10017.0,4
834500,SUBMISSION,,VELVETFRUIT_EXTRACT,XIREC,5255.0,8
835900,SUBMISSION,,VELVETFRUIT_EXTRACT,XIREC,5252.0,6
836300,SUBMISSION,,VEV_4000,XIREC,1256.0,4
836300,,,VEV_5300,XIREC,43.0,4
836300,,,VEV_5400,XIREC,12.0,4
836300,,,VEV_5500,XIREC,4.0,4
836300,,,VEV_6000,XIREC,0.0,4
836300,,,VEV_6500,XIREC,0.0,4
836500,SUBMISSION,,VELVETFRUIT_EXTRACT,XIREC,5257.0,4
840200,,SUBMISSION,VELVETFRUIT_EXTRACT,XIREC,5257.0,4
840900,SUBMISSION,,VELVETFRUIT_EXTRACT,XIREC,5256.0,11
840900,SUBMISSION,,VELVETFRUIT_EXTRACT,XIREC,5256.0,8
840900,SUBMISSION,,VELVETFRUIT_EXTRACT,XIREC,5256.0,11
841400,,SUBMISSION,VELVETFRUIT_EXTRACT,XIREC,5258.0,5
841800,,SUBMISSION,VELVETFRUIT_EXTRACT,XIREC,5258.0,2
841800,SUBMISSION,,VELVETFRUIT_EXTRACT,XIREC,5258.0,8
842300,SUBMISSION,,VELVETFRUIT_EXTRACT,XIREC,5259.0,9
842700,,SUBMISSION,VELVETFRUIT_EXTRACT,XIREC,5256.0,8
842800,SUBMISSION,,VELVETFRUIT_EXTRACT,XIREC,5257.0,5
842800,,,HYDROGEL_PACK,XIREC,10008.0,6
843100,,SUBMISSION,VELVETFRUIT_EXTRACT,XIREC,5257.0,8
843300,,,HYDROGEL_PACK,XIREC,10026.0,3
844300,,SUBMISSION,VELVETFRUIT_EXTRACT,XIREC,5261.0,7
844800,SUBMISSION,,VELVETFRUIT_EXTRACT,XIREC,5261.0,5
845400,SUBMISSION,,VELVETFRUIT_EXTRACT,XIREC,5260.0,7
846200,SUBMISSION,,VELVETFRUIT_EXTRACT,XIREC,5260.0,8
846700,,SUBMISSION,VELVETFRUIT_EXTRACT,XIREC,5260.0,10
848300,,SUBMISSION,VELVETFRUIT_EXTRACT,XIREC,5259.0,7
848400,SUBMISSION,,VELVETFRUIT_EXTRACT,XIREC,5256.0,11
848400,,,VELVETFRUIT_EXTRACT,XIREC,5256.0,11
849300,SUBMISSION,,VELVETFRUIT_EXTRACT,XIREC,5255.0,13
849400,SUBMISSION,,HYDROGEL_PACK,XIREC,9997.0,6
849900,,SUBMISSION,VELVETFRUIT_EXTRACT,XIREC,5255.0,8
850200,,,VEV_4000,XIREC,1247.0,1
850900,,SUBMISSION,VELVETFRUIT_EXTRACT,XIREC,5256.0,8
851000,,SUBMISSION,VELVETFRUIT_EXTRACT,XIREC,5257.0,9
851700,,SUBMISSION,HYDROGEL_PACK,XIREC,10002.0,6
855100,,,HYDROGEL_PACK,XIREC,10018.0,4
856600,,,HYDROGEL_PACK,XIREC,10001.0,2
858200,,SUBMISSION,VELVETFRUIT_EXTRACT,XIREC,5259.0,9
858700,,SUBMISSION,VELVETFRUIT_EXTRACT,XIREC,5257.0,5
859600,,SUBMISSION,VELVETFRUIT_EXTRACT,XIREC,5255.0,8
859700,SUBMISSION,,VELVETFRUIT_EXTRACT,XIREC,5252.0,13
860300,SUBMISSION,,VELVETFRUIT_EXTRACT,XIREC,5254.0,3
861000,SUBMISSION,,VELVETFRUIT_EXTRACT,XIREC,5253.0,4
861200,,,HYDROGEL_PACK,XIREC,10021.0,2
861800,SUBMISSION,,HYDROGEL_PACK,XIREC,9997.0,6
861800,,SUBMISSION,VELVETFRUIT_EXTRACT,XIREC,5253.0,10
862900,SUBMISSION,,VELVETFRUIT_EXTRACT,XIREC,5253.0,8
862900,,,VELVETFRUIT_EXTRACT,XIREC,5253.0,8
863200,SUBMISSION,,VELVETFRUIT_EXTRACT,XIREC,5252.0,10
863200,,,VELVETFRUIT_EXTRACT,XIREC,5252.0,3
863300,SUBMISSION,,HYDROGEL_PACK,XIREC,9991.0,5
863600,SUBMISSION,,HYDROGEL_PACK,XIREC,9996.0,9
864200,SUBMISSION,,HYDROGEL_PACK,XIREC,9991.0,3
864300,,SUBMISSION,VELVETFRUIT_EXTRACT,XIREC,5257.0,8
864300,SUBMISSION,,VELVETFRUIT_EXTRACT,XIREC,5257.0,4
864700,SUBMISSION,,HYDROGEL_PACK,XIREC,10000.0,12
865000,SUBMISSION,,HYDROGEL_PACK,XIREC,10000.0,13
865200,SUBMISSION,,HYDROGEL_PACK,XIREC,10000.0,14
865300,SUBMISSION,,HYDROGEL_PACK,XIREC,9999.0,14
865400,SUBMISSION,,VELVETFRUIT_EXTRACT,XIREC,5253.0,12
865600,SUBMISSION,,HYDROGEL_PACK,XIREC,9999.0,15
865700,SUBMISSION,,HYDROGEL_PACK,XIREC,10000.0,9
866200,SUBMISSION,,HYDROGEL_PACK,XIREC,9999.0,11
866200,,,HYDROGEL_PACK,XIREC,9999.0,3
866300,SUBMISSION,,HYDROGEL_PACK,XIREC,9999.0,14
866400,SUBMISSION,,HYDROGEL_PACK,XIREC,9999.0,13
866500,SUBMISSION,,HYDROGEL_PACK,XIREC,9999.0,14
866800,,SUBMISSION,HYDROGEL_PACK,XIREC,10001.0,6
866900,,SUBMISSION,HYDROGEL_PACK,XIREC,10001.0,2
867000,SUBMISSION,,HYDROGEL_PACK,XIREC,9999.0,13
867100,SUBMISSION,,HYDROGEL_PACK,XIREC,9992.0,6
867500,SUBMISSION,,HYDROGEL_PACK,XIREC,9993.0,6
868100,,SUBMISSION,HYDROGEL_PACK,XIREC,10002.0,7
869200,,SUBMISSION,VELVETFRUIT_EXTRACT,XIREC,5246.0,5
869900,SUBMISSION,,HYDROGEL_PACK,XIREC,9988.0,2
870100,,SUBMISSION,HYDROGEL_PACK,XIREC,10001.0,2
870300,SUBMISSION,,HYDROGEL_PACK,XIREC,9998.0,15
870400,SUBMISSION,,HYDROGEL_PACK,XIREC,9999.0,13
870400,,,HYDROGEL_PACK,XIREC,9999.0,4
871200,SUBMISSION,,HYDROGEL_PACK,XIREC,9994.0,8
872000,,SUBMISSION,VELVETFRUIT_EXTRACT,XIREC,5252.0,10
872400,SUBMISSION,,VELVETFRUIT_EXTRACT,XIREC,5248.0,15
872400,SUBMISSION,,VELVETFRUIT_EXTRACT,XIREC,5248.0,15
872600,,,VEV_5300,XIREC,39.0,2
872600,,,VEV_5400,XIREC,10.0,2
872600,,,VEV_5500,XIREC,3.0,2
872600,,,VEV_6000,XIREC,0.0,2
872600,,,VEV_6500,XIREC,0.0,2
873300,SUBMISSION,,HYDROGEL_PACK,XIREC,9996.0,2
873500,SUBMISSION,,VELVETFRUIT_EXTRACT,XIREC,5247.0,21
873600,,SUBMISSION,VELVETFRUIT_EXTRACT,XIREC,5247.0,6
873800,SUBMISSION,,VELVETFRUIT_EXTRACT,XIREC,5245.0,14
874800,SUBMISSION,,VELVETFRUIT_EXTRACT,XIREC,5248.0,8
875900,,SUBMISSION,VEV_4000,XIREC,1258.0,1
876500,SUBMISSION,,VEV_4000,XIREC,1244.0,1
876500,,,VEV_5200,XIREC,84.0,3
876500,,,VEV_5400,XIREC,10.0,3
876500,,,VEV_5500,XIREC,3.0,3
876500,,,VEV_6000,XIREC,0.0,3
876500,,,VEV_6500,XIREC,0.0,3
876900,,,HYDROGEL_PACK,XIREC,9977.0,5
878000,SUBMISSION,,VELVETFRUIT_EXTRACT,XIREC,5244.0,4
878500,,SUBMISSION,VELVETFRUIT_EXTRACT,XIREC,5250.0,9
878800,,SUBMISSION,VELVETFRUIT_EXTRACT,XIREC,5248.0,8
879100,,,VEV_4000,XIREC,1237.0,2
880000,,,VEV_4000,XIREC,1242.0,3
880800,,,HYDROGEL_PACK,XIREC,9993.0,5
881200,,SUBMISSION,VELVETFRUIT_EXTRACT,XIREC,5252.0,4
882300,,SUBMISSION,VELVETFRUIT_EXTRACT,XIREC,5251.0,14
883000,SUBMISSION,,VELVETFRUIT_EXTRACT,XIREC,5252.0,4
884100,,,VEV_4000,XIREC,1246.0,2
884900,SUBMISSION,,VELVETFRUIT_EXTRACT,XIREC,5255.0,10
885500,SUBMISSION,,VELVETFRUIT_EXTRACT,XIREC,5258.0,8
886000,,SUBMISSION,VELVETFRUIT_EXTRACT,XIREC,5264.0,3
887000,,SUBMISSION,VELVETFRUIT_EXTRACT,XIREC,5267.0,4
887300,SUBMISSION,,VELVETFRUIT_EXTRACT,XIREC,5267.0,5
887500,,SUBMISSION,VELVETFRUIT_EXTRACT,XIREC,5267.0,6
887800,,SUBMISSION,VELVETFRUIT_EXTRACT,XIREC,5269.0,9
887900,SUBMISSION,,VELVETFRUIT_EXTRACT,XIREC,5269.0,15
887900,SUBMISSION,,VELVETFRUIT_EXTRACT,XIREC,5269.0,15
889900,SUBMISSION,,VELVETFRUIT_EXTRACT,XIREC,5263.0,3
890200,,,HYDROGEL_PACK,XIREC,9994.0,5
891400,,SUBMISSION,VELVETFRUIT_EXTRACT,XIREC,5267.0,4
891600,,,HYDROGEL_PACK,XIREC,9976.0,6
891800,,SUBMISSION,VELVETFRUIT_EXTRACT,XIREC,5271.0,7
892200,,SUBMISSION,VELVETFRUIT_EXTRACT,XIREC,5270.0,5
892900,,SUBMISSION,VELVETFRUIT_EXTRACT,XIREC,5274.0,5
894800,,SUBMISSION,VEV_4000,XIREC,1281.0,2
894900,,,HYDROGEL_PACK,XIREC,9993.0,2
895200,,SUBMISSION,VELVETFRUIT_EXTRACT,XIREC,5268.0,10
895900,,SUBMISSION,VELVETFRUIT_EXTRACT,XIREC,5272.0,5
897500,,SUBMISSION,VELVETFRUIT_EXTRACT,XIREC,5274.0,5
898100,SUBMISSION,,VELVETFRUIT_EXTRACT,XIREC,5278.0,8
898600,SUBMISSION,,VEV_4000,XIREC,1280.0,2
898600,,,VEV_5300,XIREC,52.0,2
898600,,,VEV_5500,XIREC,5.0,2
898600,,,VEV_6000,XIREC,0.0,2
898600,,,VEV_6500,XIREC,0.0,2
899100,,SUBMISSION,HYDROGEL_PACK,XIREC,10002.0,7
899900,,SUBMISSION,HYDROGEL_PACK,XIREC,10001.0,10
899900,,,HYDROGEL_PACK,XIREC,10001.0,3
900000,,SUBMISSION,HYDROGEL_PACK,XIREC,10001.0,11
900300,,SUBMISSION,HYDROGEL_PACK,XIREC,10002.0,14
900400,,SUBMISSION,HYDROGEL_PACK,XIREC,10001.0,11
900500,,SUBMISSION,HYDROGEL_PACK,XIREC,10005.0,15
900500,,SUBMISSION,HYDROGEL_PACK,XIREC,10002.0,30
900500,SUBMISSION,,VELVETFRUIT_EXTRACT,XIREC,5283.0,3
900600,,SUBMISSION,HYDROGEL_PACK,XIREC,10004.0,13
900600,,SUBMISSION,HYDROGEL_PACK,XIREC,10002.0,28
900700,,SUBMISSION,HYDROGEL_PACK,XIREC,10004.0,15
900700,,SUBMISSION,HYDROGEL_PACK,XIREC,10001.0,27
900800,,SUBMISSION,HYDROGEL_PACK,XIREC,10005.0,14
900800,,SUBMISSION,HYDROGEL_PACK,XIREC,10002.0,5
901000,SUBMISSION,,VELVETFRUIT_EXTRACT,XIREC,5282.0,8
901700,,SUBMISSION,VELVETFRUIT_EXTRACT,XIREC,5283.0,4
901800,SUBMISSION,,VELVETFRUIT_EXTRACT,XIREC,5280.0,8
902500,,,HYDROGEL_PACK,XIREC,10019.0,5
902700,SUBMISSION,,VELVETFRUIT_EXTRACT,XIREC,5282.0,9
902700,SUBMISSION,,VELVETFRUIT_EXTRACT,XIREC,5282.0,9
903600,SUBMISSION,,HYDROGEL_PACK,XIREC,9999.0,4
903700,,SUBMISSION,HYDROGEL_PACK,XIREC,10001.0,4
904000,,SUBMISSION,VELVETFRUIT_EXTRACT,XIREC,5284.0,5
906500,,SUBMISSION,VELVETFRUIT_EXTRACT,XIREC,5279.0,7
910900,,,VEV_5500,XIREC,5.0,4
910900,,,VEV_6000,XIREC,0.0,4
910900,,,VEV_6500,XIREC,0.0,4
911800,SUBMISSION,,HYDROGEL_PACK,XIREC,9999.0,14
911900,SUBMISSION,,HYDROGEL_PACK,XIREC,9998.0,12
911900,SUBMISSION,,HYDROGEL_PACK,XIREC,10000.0,20
912000,SUBMISSION,,HYDROGEL_PACK,XIREC,10000.0,11
912000,SUBMISSION,,VELVETFRUIT_EXTRACT,XIREC,5276.0,9
912000,SUBMISSION,,VELVETFRUIT_EXTRACT,XIREC,5276.0,6
912000,,,VELVETFRUIT_EXTRACT,XIREC,5276.0,3
913200,SUBMISSION,,HYDROGEL_PACK,XIREC,9993.0,2
914100,,SUBMISSION,VEV_4000,XIREC,1291.0,2
914300,,,VELVETFRUIT_EXTRACT,XIREC,5280.0,8
914600,,SUBMISSION,VELVETFRUIT_EXTRACT,XIREC,5284.0,8
915300,SUBMISSION,,HYDROGEL_PACK,XIREC,9999.0,10
915400,SUBMISSION,,VELVETFRUIT_EXTRACT,XIREC,5282.0,7
915700,SUBMISSION,,VELVETFRUIT_EXTRACT,XIREC,5285.0,1
915700,,,VELVETFRUIT_EXTRACT,XIREC,5285.0,6
917500,SUBMISSION,,HYDROGEL_PACK,XIREC,10000.0,8
917600,,SUBMISSION,VELVETFRUIT_EXTRACT,XIREC,5284.0,10
918200,,SUBMISSION,HYDROGEL_PACK,XIREC,10005.0,5
918800,,SUBMISSION,VELVETFRUIT_EXTRACT,XIREC,5285.0,8
919000,,SUBMISSION,HYDROGEL_PACK,XIREC,10001.0,11
919000,,SUBMISSION,VELVETFRUIT_EXTRACT,XIREC,5285.0,9
919100,,SUBMISSION,HYDROGEL_PACK,XIREC,10006.0,13
919100,,SUBMISSION,HYDROGEL_PACK,XIREC,10003.0,27
919200,,SUBMISSION,HYDROGEL_PACK,XIREC,10006.0,14
919200,,SUBMISSION,HYDROGEL_PACK,XIREC,10003.0,7
