timestamp;buyer;seller;symbol;currency;price;quantity
0;;SUBMISSION;VELVETFRUIT_EXTRACT;XIREC;5293.0;17
0;;SUBMISSION;VEV_4000;XIREC;1285.0;9
0;;SUBMISSION;VEV_4000;XIREC;1282.0;8
0;;SUBMISSION;VEV_4500;XIREC;787.0;7
0;;SUBMISSION;VEV_4500;XIREC;785.0;10
0;;SUBMISSION;VEV_5000;XIREC;293.0;17
0;;SUBMISSION;VEV_5100;XIREC;199.0;17
0;;SUBMISSION;VEV_5300;XIREC;57.0;17
0;;SUBMISSION;VEV_5400;XIREC;20.0;17
100;;SUBMISSION;VELVETFRUIT_EXTRACT;XIREC;5294.0;16
100;;SUBMISSION;VELVETFRUIT_EXTRACT;XIREC;5293.0;1
100;;SUBMISSION;VEV_4000;XIREC;1296.0;4
100;;SUBMISSION;VEV_4000;XIREC;1285.0;8
100;;SUBMISSION;VEV_4000;XIREC;1283.0;5
100;;SUBMISSION;VEV_4500;XIREC;796.0;4
100;;SUBMISSION;VEV_4500;XIREC;788.0;7
100;;SUBMISSION;VEV_4500;XIREC;786.0;6
100;;SUBMISSION;VEV_5000;XIREC;297.0;4
100;;SUBMISSION;VEV_5000;XIREC;294.0;7
100;;SUBMISSION;VEV_5000;XIREC;293.0;6
100;;SUBMISSION;VEV_5100;XIREC;202.0;4
100;;SUBMISSION;VEV_5100;XIREC;200.0;7
100;;SUBMISSION;VEV_5100;XIREC;199.0;6
100;;SUBMISSION;VEV_5300;XIREC;58.0;4
100;;SUBMISSION;VEV_5300;XIREC;57.0;13
100;;SUBMISSION;VEV_5400;XIREC;20.0;17
200;;SUBMISSION;VELVETFRUIT_EXTRACT;XIREC;5294.0;17
200;;SUBMISSION;VEV_4000;XIREC;1286.0;14
200;;SUBMISSION;VEV_4000;XIREC;1283.0;3
200;;SUBMISSION;VEV_4500;XIREC;788.0;6
200;;SUBMISSION;VEV_4500;XIREC;786.0;11
200;;SUBMISSION;VEV_5000;XIREC;294.0;17
200;;SUBMISSION;VEV_5100;XIREC;200.0;6
200;;SUBMISSION;VEV_5100;XIREC;199.0;11
200;;SUBMISSION;VEV_5300;XIREC;57.0;17
200;;SUBMISSION;VEV_5400;XIREC;20.0;17
300;;SUBMISSION;VELVETFRUIT_EXTRACT;XIREC;5294.0;17
300;;SUBMISSION;VEV_4000;XIREC;1285.0;13
300;;SUBMISSION;VEV_4000;XIREC;1283.0;4
300;;SUBMISSION;VEV_4500;XIREC;788.0;7
300;;SUBMISSION;VEV_4500;XIREC;786.0;10
300;;SUBMISSION;VEV_5000;XIREC;294.0;7
300;;SUBMISSION;VEV_5000;XIREC;293.0;10
300;;SUBMISSION;VEV_5100;XIREC;200.0;7
300;;SUBMISSION;VEV_5100;XIREC;199.0;10
300;;SUBMISSION;VEV_5300;XIREC;57.0;17
300;;SUBMISSION;VEV_5400;XIREC;20.0;17
400;;SUBMISSION;VELVETFRUIT_EXTRACT;XIREC;5293.0;15
400;;SUBMISSION;VELVETFRUIT_EXTRACT;XIREC;5292.0;2
400;;SUBMISSION;VEV_4000;XIREC;1285.0;12
400;;SUBMISSION;VEV_4000;XIREC;1282.0;5
400;;SUBMISSION;VEV_4500;XIREC;787.0;11
400;;SUBMISSION;VEV_4500;XIREC;785.0;6
400;;SUBMISSION;VEV_5000;XIREC;293.0;11
400;;SUBMISSION;VEV_5000;XIREC;292.0;6
400;;SUBMISSION;VEV_5100;XIREC;199.0;11
400;;SUBMISSION;VEV_5100;XIREC;198.0;6
400;;SUBMISSION;VEV_5300;XIREC;57.0;17
400;;SUBMISSION;VEV_5400;XIREC;19.0;17
500;;SUBMISSION;VELVETFRUIT_EXTRACT;XIREC;5292.0;17
500;;SUBMISSION;VEV_4000;XIREC;1284.0;15
500;;SUBMISSION;VEV_4000;XIREC;1281.0;2
500;;SUBMISSION;VEV_4500;XIREC;786.0;8
500;;SUBMISSION;VEV_4500;XIREC;784.0;9
500;;SUBMISSION;VEV_5000;XIREC;293.0;8
500;;SUBMISSION;VEV_5000;XIREC;292.0;9
500;;SUBMISSION;VEV_5100;XIREC;198.0;17
500;;SUBMISSION;VEV_5300;XIREC;57.0;17
500;;SUBMISSION;VEV_5400;XIREC;19.0;17
600;;SUBMISSION;VELVETFRUIT_EXTRACT;XIREC;5293.0;17
600;;SUBMISSION;VEV_4000;XIREC;1284.0;13
600;;SUBMISSION;VEV_4000;XIREC;1282.0;4
600;;SUBMISSION;VEV_4500;XIREC;787.0;7
600;;SUBMISSION;VEV_4500;XIREC;785.0;10
600;;SUBMISSION;VEV_5000;XIREC;293.0;7
600;;SUBMISSION;VEV_5000;XIREC;292.0;10
600;;SUBMISSION;VEV_5100;XIREC;199.0;7
600;;SUBMISSION;VEV_5100;XIREC;198.0;10
600;;SUBMISSION;VEV_5300;XIREC;57.0;17
600;;SUBMISSION;VEV_5400;XIREC;19.0;17
700;;SUBMISSION;VELVETFRUIT_EXTRACT;XIREC;5293.0;17
700;;SUBMISSION;VEV_4000;XIREC;1285.0;14
700;;SUBMISSION;VEV_4000;XIREC;1282.0;3
700;;SUBMISSION;VEV_4500;XIREC;787.0;8
700;;SUBMISSION;VEV_4500;XIREC;785.0;9
700;;SUBMISSION;VEV_5000;XIREC;294.0;8
700;;SUBMISSION;VEV_5000;XIREC;293.0;9
700;;SUBMISSION;VEV_5100;XIREC;199.0;17
700;;SUBMISSION;VEV_5300;XIREC;57.0;17
700;;SUBMISSION;VEV_5400;XIREC;20.0;17
800;;SUBMISSION;VELVETFRUIT_EXTRACT;XIREC;5295.0;17
800;;SUBMISSION;VEV_4000;XIREC;1286.0;10
800;;SUBMISSION;VEV_4000;XIREC;1284.0;7
800;;SUBMISSION;VEV_4500;XIREC;789.0;6
800;;SUBMISSION;VEV_4500;XIREC;787.0;11
800;;SUBMISSION;VEV_5000;XIREC;295.0;6
800;;SUBMISSION;VEV_5000;XIREC;294.0;11
800;;SUBMISSION;VEV_5100;XIREC;201.0;6
800;;SUBMISSION;VEV_5100;XIREC;200.0;11
800;;SUBMISSION;VEV_5300;XIREC;58.0;15
800;;SUBMISSION;VEV_5400;XIREC;20.0;15
900;;SUBMISSION;VELVETFRUIT_EXTRACT;XIREC;5296.0;10
900;;SUBMISSION;VELVETFRUIT_EXTRACT;XIREC;5294.0;7
900;;SUBMISSION;VEV_4000;XIREC;1286.0;11
900;;SUBMISSION;VEV_4000;XIREC;1283.0;6
900;;SUBMISSION;VEV_4500;XIREC;788.0;9
900;;SUBMISSION;VEV_4500;XIREC;786.0;8
900;;SUBMISSION;VEV_5000;XIREC;294.0;17
900;;SUBMISSION;VEV_5100;XIREC;200.0;17
900;;SUBMISSION;VEV_5300;XIREC;58.0;5
900;;SUBMISSION;VEV_5300;XIREC;57.0;12
900;;SUBMISSION;VEV_5400;XIREC;20.0;17
1000;;SUBMISSION;VELVETFRUIT_EXTRACT;XIREC;5294.0;17
1000;;SUBMISSION;VEV_4000;XIREC;1286.0;13
1000;;SUBMISSION;VEV_4000;XIREC;1283.0;4
1000;;SUBMISSION;VEV_4500;XIREC;788.0;9
1000;;SUBMISSION;VEV_4500;XIREC;786.0;8
1000;;SUBMISSION;VEV_5000;XIREC;295.0;9
1000;;SUBMISSION;VEV_5000;XIREC;294.0;8
1000;;SUBMISSION;VEV_5100;XIREC;200.0;17
1000;;SUBMISSION;VEV_5300;XIREC;58.0;17
1000;;SUBMISSION;VEV_5400;XIREC;20.0;17
1100;;SUBMISSION;VELVETFRUIT_EXTRACT;XIREC;5295.0;13
1100;;SUBMISSION;VEV_4000;XIREC;1287.0;11
1100;;SUBMISSION;VEV_4000;XIREC;1284.0;6
1100;;SUBMISSION;VEV_4500;XIREC;789.0;10
1100;;SUBMISSION;VEV_4500;XIREC;787.0;7
1100;;SUBMISSION;VEV_5000;XIREC;296.0;10
1100;;SUBMISSION;VEV_5000;XIREC;295.0;7
1100;;SUBMISSION;VEV_5100;XIREC;201.0;17
1100;;SUBMISSION;VEV_5300;XIREC;58.0;17
1100;;SUBMISSION;VEV_5400;XIREC;20.0;17
1200;;SUBMISSION;VEV_4000;XIREC;1287.0;11
1200;;SUBMISSION;VEV_4000;XIREC;1285.0;6
1200;;SUBMISSION;VEV_4500;XIREC;790.0;10
1200;;SUBMISSION;VEV_4500;XIREC;788.0;7
1200;;SUBMISSION;VEV_5000;XIREC;296.0;10
1200;;SUBMISSION;VEV_5000;XIREC;295.0;7
1200;;SUBMISSION;VEV_5100;XIREC;201.0;17
1200;;SUBMISSION;VEV_5300;XIREC;58.0;17
1200;;SUBMISSION;VEV_5400;XIREC;20.0;17
1300;;SUBMISSION;VEV_4000;XIREC;1288.0;9
1300;;SUBMISSION;VEV_4000;XIREC;1285.0;8
1300;;SUBMISSION;VEV_4500;XIREC;790.0;8
1300;;SUBMISSION;VEV_4500;XIREC;788.0;9
1300;;SUBMISSION;VEV_5000;XIREC;296.0;8
1300;;SUBMISSION;VEV_5000;XIREC;295.0;9
1300;;SUBMISSION;VEV_5100;XIREC;202.0;8
1300;;SUBMISSION;VEV_5100;XIREC;201.0;9
1300;;SUBMISSION;VEV_5300;XIREC;58.0;17
1300;;SUBMISSION;VEV_5400;XIREC;20.0;17
1400;;SUBMISSION;VEV_4000;XIREC;1287.0;12
1400;;SUBMISSION;VEV_4000;XIREC;1284.0;5
1400;;SUBMISSION;VEV_4500;XIREC;789.0;10
1400;;SUBMISSION;VEV_4500;XIREC;787.0;7
1400;;SUBMISSION;VEV_5000;XIREC;296.0;10
1400;;SUBMISSION;VEV_5000;XIREC;295.0;7
1400;;SUBMISSION;VEV_5100;XIREC;201.0;17
1400;;SUBMISSION;VEV_5300;XIREC;58.0;17
1400;;SUBMISSION;VEV_5400;XIREC;20.0;17
1500;;SUBMISSION;VEV_4000;XIREC;1287.0;13
1500;;SUBMISSION;VEV_4000;XIREC;1284.0;4
1500;;SUBMISSION;VEV_4500;XIREC;789.0;12
1500;;SUBMISSION;VEV_4500;XIREC;787.0;5
1500;;SUBMISSION;VEV_5000;XIREC;295.0;17
1500;;SUBMISSION;VEV_5100;XIREC;201.0;17
1500;;SUBMISSION;VEV_5300;XIREC;58.0;17
1500;;SUBMISSION;VEV_5400;XIREC;20.0;17
1600;;SUBMISSION;VEV_4000;XIREC;1287.0;12
1600;;SUBMISSION;VEV_4000;XIREC;1284.0;5
1600;;SUBMISSION;VEV_4500;XIREC;789.0;12
1600;;SUBMISSION;VEV_4500;XIREC;787.0;5
1600;;SUBMISSION;VEV_5000;XIREC;295.0;12
1600;;SUBMISSION;VEV_5000;XIREC;294.0;5
1600;;SUBMISSION;VEV_5100;XIREC;201.0;12
1600;;SUBMISSION;VEV_5100;XIREC;200.0;5
1600;;SUBMISSION;VEV_5300;XIREC;58.0;17
1600;;SUBMISSION;VEV_5400;XIREC;20.0;17
1700;;SUBMISSION;VEV_4000;XIREC;1287.0;11
1700;;SUBMISSION;VEV_4500;XIREC;790.0;10
1700;;SUBMISSION;VEV_4500;XIREC;788.0;1
1700;;SUBMISSION;VEV_5000;XIREC;296.0;10
1700;;SUBMISSION;VEV_5000;XIREC;295.0;1
1700;;SUBMISSION;VEV_5100;XIREC;202.0;10
1700;;SUBMISSION;VEV_5100;XIREC;201.0;1
1700;;SUBMISSION;VEV_5300;XIREC;58.0;13
1700;;SUBMISSION;VEV_5400;XIREC;20.0;13
1700;Mark 14;Mark 38;VEV_4000;XIREC;1287.0;2
4400;Mark 38;SUBMISSION;HYDROGEL_PACK;XIREC;10027.0;6
4500;Mark 14;Mark 38;HYDROGEL_PACK;XIREC;10010.0;3
5300;;SUBMISSION;HYDROGEL_PACK;XIREC;10016.0;1
5400;;SUBMISSION;HYDROGEL_PACK;XIREC;10017.0;1
8100;Mark 14;Mark 38;HYDROGEL_PACK;XIREC;10008.0;5
8700;Mark 38;Mark 14;VEV_4000;XIREC;1310.0;2
10600;Mark 55;Mark 14;VELVETFRUIT_EXTRACT;XIREC;5296.0;3
14200;Mark 55;Mark 01;VELVETFRUIT_EXTRACT;XIREC;5293.0;5
17100;Mark 01;Mark 55;VELVETFRUIT_EXTRACT;XIREC;5283.0;5
18600;Mark 01;Mark 55;VELVETFRUIT_EXTRACT;XIREC;5275.0;3
18700;Mark 14;Mark 38;HYDROGEL_PACK;XIREC;10004.0;2
19200;Mark 38;SUBMISSION;HYDROGEL_PACK;XIREC;10019.0;4
19500;Mark 38;SUBMISSION;HYDROGEL_PACK;XIREC;10018.0;2
20100;Mark 55;Mark 14;VELVETFRUIT_EXTRACT;XIREC;5279.0;5
20900;;SUBMISSION;HYDROGEL_PACK;XIREC;10010.0;1
21000;;SUBMISSION;HYDROGEL_PACK;XIREC;10010.0;1
21100;;SUBMISSION;HYDROGEL_PACK;XIREC;10011.0;1
21200;;SUBMISSION;HYDROGEL_PACK;XIREC;10011.0;1
21300;;SUBMISSION;HYDROGEL_PACK;XIREC;10010.0;1
21400;;SUBMISSION;HYDROGEL_PACK;XIREC;10010.0;1
21500;;SUBMISSION;HYDROGEL_PACK;XIREC;10013.0;2
21600;;SUBMISSION;HYDROGEL_PACK;XIREC;10014.0;3
21700;;SUBMISSION;HYDROGEL_PACK;XIREC;10014.0;3
21800;;SUBMISSION;HYDROGEL_PACK;XIREC;10017.0;4
21900;;SUBMISSION;HYDROGEL_PACK;XIREC;10018.0;5
22000;;SUBMISSION;HYDROGEL_PACK;XIREC;10018.0;5
22100;;SUBMISSION;HYDROGEL_PACK;XIREC;10018.0;5
22200;;SUBMISSION;HYDROGEL_PACK;XIREC;10018.0;5
22300;;SUBMISSION;HYDROGEL_PACK;XIREC;10021.0;7
22300;Mark 38;SUBMISSION;HYDROGEL_PACK;XIREC;10036.0;4
22400;;SUBMISSION;HYDROGEL_PACK;XIREC;10022.0;7
22500;;SUBMISSION;HYDROGEL_PACK;XIREC;10025.0;9
22500;Mark 38;SUBMISSION;HYDROGEL_PACK;XIREC;10040.0;6
22600;;SUBMISSION;HYDROGEL_PACK;XIREC;10026.0;9
22700;;SUBMISSION;HYDROGEL_PACK;XIREC;10025.0;9
22800;;SUBMISSION;HYDROGEL_PACK;XIREC;10026.0;9
22800;Mark 38;Mark 14;VEV_4000;XIREC;1283.0;3
22900;;SUBMISSION;HYDROGEL_PACK;XIREC;10026.0;9
23000;;SUBMISSION;HYDROGEL_PACK;XIREC;10028.0;10
23100;;SUBMISSION;HYDROGEL_PACK;XIREC;10029.0;11
23200;;SUBMISSION;HYDROGEL_PACK;XIREC;10030.0;3
23900;Mark 14;Mark 38;HYDROGEL_PACK;XIREC;10022.0;2
24500;Mark 14;Mark 38;HYDROGEL_PACK;XIREC;10026.0;5
25600;Mark 14;Mark 38;HYDROGEL_PACK;XIREC;10026.0;3
28000;Mark 55;Mark 01;VELVETFRUIT_EXTRACT;XIREC;5275.0;5
28400;Mark 38;SUBMISSION;HYDROGEL_PACK;XIREC;10036.0;3
28500;Mark 14;Mark 55;VELVETFRUIT_EXTRACT;XIREC;5271.0;7
31300;Mark 14;Mark 38;HYDROGEL_PACK;XIREC;10032.0;3
31400;Mark 67;Mark 22;VELVETFRUIT_EXTRACT;XIREC;5264.0;7
32700;Mark 14;Mark 55;VELVETFRUIT_EXTRACT;XIREC;5265.0;5
32900;Mark 01;Mark 22;VEV_5300;XIREC;45.0;3
32900;Mark 01;Mark 22;VEV_5400;XIREC;14.0;3
32900;Mark 01;Mark 22;VEV_5500;XIREC;4.0;3
32900;Mark 01;Mark 22;VEV_6000;XIREC;0.0;3
32900;Mark 01;Mark 22;VEV_6500;XIREC;0.0;3
33400;Mark 14;Mark 55;VELVETFRUIT_EXTRACT;XIREC;5268.0;3
33600;Mark 01;Mark 22;VEV_5300;XIREC;46.0;2
33600;Mark 14;Mark 22;VEV_5400;XIREC;15.0;2
33600;Mark 01;Mark 22;VEV_5500;XIREC;4.0;2
33600;Mark 01;Mark 22;VEV_6000;XIREC;0.0;2
33600;Mark 01;Mark 22;VEV_6500;XIREC;0.0;2
33900;Mark 14;Mark 38;HYDROGEL_PACK;XIREC;10028.0;3
34200;Mark 38;SUBMISSION;HYDROGEL_PACK;XIREC;10038.0;6
35100;Mark 14;Mark 38;HYDROGEL_PACK;XIREC;10024.0;2
35500;Mark 14;Mark 38;HYDROGEL_PACK;XIREC;10024.0;5
36400;;SUBMISSION;HYDROGEL_PACK;XIREC;10024.0;2
37000;Mark 01;Mark 22;VEV_5400;XIREC;15.0;5
37000;Mark 01;Mark 22;VEV_5500;XIREC;4.0;5
37000;Mark 01;Mark 22;VEV_6000;XIREC;0.0;5
37000;Mark 01;Mark 22;VEV_6500;XIREC;0.0;5
37100;Mark 14;Mark 38;HYDROGEL_PACK;XIREC;10015.0;3
38400;Mark 14;Mark 38;HYDROGEL_PACK;XIREC;10016.0;4
38600;Mark 14;Mark 38;HYDROGEL_PACK;XIREC;10014.0;5
39100;Mark 01;Mark 55;VELVETFRUIT_EXTRACT;XIREC;5258.0;5
39500;Mark 14;Mark 55;VELVETFRUIT_EXTRACT;XIREC;5257.0;4
39800;Mark 55;Mark 14;VELVETFRUIT_EXTRACT;XIREC;5262.0;3
40200;SUBMISSION;;VEV_5500;XIREC;4.0;3
40200;SUBMISSION;;VEV_5500;XIREC;5.0;14
40200;Mark 01;Mark 22;VEV_5300;XIREC;41.0;3
40200;Mark 14;Mark 22;VEV_5400;XIREC;13.0;3
40200;Mark 01;Mark 22;VEV_6000;XIREC;0.0;3
40200;Mark 01;Mark 22;VEV_6500;XIREC;0.0;3
40500;SUBMISSION;;VEV_5500;XIREC;4.0;17
40600;SUBMISSION;;VEV_5500;XIREC;4.0;17
40700;SUBMISSION;;VEV_5500;XIREC;4.0;17
40800;SUBMISSION;;VEV_5500;XIREC;4.0;17
40900;SUBMISSION;;VEV_5500;XIREC;4.0;17
41000;SUBMISSION;;VEV_5500;XIREC;4.0;17
41100;SUBMISSION;;VEV_5500;XIREC;4.0;17
41200;SUBMISSION;;VEV_5500;XIREC;4.0;17
41300;SUBMISSION;;VEV_5500;XIREC;4.0;17
41400;SUBMISSION;;VEV_5500;XIREC;4.0;17
41500;SUBMISSION;;VEV_5500;XIREC;4.0;17
41600;SUBMISSION;;VEV_5500;XIREC;4.0;17
41700;SUBMISSION;;VEV_5500;XIREC;4.0;17
41800;SUBMISSION;;VEV_5500;XIREC;4.0;16
41900;SUBMISSION;;VEV_5500;XIREC;4.0;17
42000;SUBMISSION;;VEV_5500;XIREC;4.0;17
42100;SUBMISSION;;VEV_5500;XIREC;4.0;12
43200;Mark 55;Mark 14;VELVETFRUIT_EXTRACT;XIREC;5249.0;6
43600;Mark 14;Mark 38;VEV_4000;XIREC;1240.0;1
45600;Mark 01;Mark 22;VEV_5400;XIREC;11.0;4
45600;Mark 01;Mark 22;VEV_5500;XIREC;3.0;4
45600;Mark 01;Mark 22;VEV_6000;XIREC;0.0;4
45600;Mark 01;Mark 22;VEV_6500;XIREC;0.0;4
47200;Mark 01;Mark 22;VEV_5400;XIREC;11.0;3
47200;Mark 01;Mark 22;VEV_5500;XIREC;3.0;3
47200;Mark 01;Mark 22;VEV_6000;XIREC;0.0;3
47200;Mark 01;Mark 22;VEV_6500;XIREC;0.0;3
48200;Mark 14;Mark 55;VELVETFRUIT_EXTRACT;XIREC;5248.0;7
49700;Mark 14;Mark 55;VELVETFRUIT_EXTRACT;XIREC;5250.0;7
49900;SUBMISSION;;VEV_5200;XIREC;90.0;12
50000;SUBMISSION;;VEV_5200;XIREC;91.0;12
50000;Mark 55;Mark 01;VELVETFRUIT_EXTRACT;XIREC;5256.0;4
50100;SUBMISSION;;VEV_5200;XIREC;90.0;12
50200;SUBMISSION;;VEV_5200;XIREC;89.0;12
50300;SUBMISSION;;VEV_5200;XIREC;89.0;12
50400;SUBMISSION;;VEV_5200;XIREC;90.0;12
50500;SUBMISSION;;VEV_5200;XIREC;89.0;12
50600;SUBMISSION;;VEV_5200;XIREC;89.0;12
50700;SUBMISSION;;VEV_5200;XIREC;90.0;12
50700;Mark 14;Mark 38;HYDROGEL_PACK;XIREC;10032.0;5
50800;SUBMISSION;;VEV_5200;XIREC;89.0;12
50900;SUBMISSION;;VEV_5200;XIREC;89.0;12
51000;SUBMISSION;;VEV_5200;XIREC;88.0;12
51100;SUBMISSION;;VEV_5200;XIREC;89.0;11
51100;SUBMISSION;;VEV_5200;XIREC;90.0;1
51200;SUBMISSION;;VEV_5200;XIREC;89.0;12
51300;SUBMISSION;;VEV_5200;XIREC;89.0;11
51300;SUBMISSION;;VEV_5200;XIREC;90.0;1
51400;SUBMISSION;;VEV_5200;XIREC;89.0;12
51500;SUBMISSION;;VEV_5200;XIREC;89.0;12
51600;SUBMISSION;;VEV_5200;XIREC;89.0;12
51700;SUBMISSION;;VEV_5200;XIREC;89.0;12
51800;SUBMISSION;;VEV_5200;XIREC;89.0;12
51900;SUBMISSION;;VEV_5200;XIREC;89.0;7
51900;SUBMISSION;;VEV_5200;XIREC;90.0;5
52000;SUBMISSION;;VEV_5200;XIREC;90.0;12
52100;SUBMISSION;;VEV_5200;XIREC;90.0;12
52200;SUBMISSION;;VEV_5200;XIREC;90.0;12
52300;SUBMISSION;;VEV_5200;XIREC;91.0;7
52300;Mark 14;Mark 38;HYDROGEL_PACK;XIREC;10034.0;6
54400;Mark 01;Mark 22;VEV_5400;XIREC;11.0;2
54400;Mark 01;Mark 22;VEV_5500;XIREC;3.0;2
54400;Mark 01;Mark 22;VEV_6000;XIREC;0.0;2
54400;Mark 01;Mark 22;VEV_6500;XIREC;0.0;2
55100;Mark 14;Mark 55;VELVETFRUIT_EXTRACT;XIREC;5247.0;4
56200;Mark 14;Mark 38;HYDROGEL_PACK;XIREC;10037.0;6
56400;Mark 01;Mark 55;VELVETFRUIT_EXTRACT;XIREC;5250.0;5
58300;Mark 67;Mark 22;VELVETFRUIT_EXTRACT;XIREC;5257.0;6
60600;Mark 14;Mark 38;VEV_4000;XIREC;1239.0;2
61300;Mark 38;SUBMISSION;HYDROGEL_PACK;XIREC;10065.0;6
62400;Mark 14;Mark 55;VELVETFRUIT_EXTRACT;XIREC;5246.0;5
64800;Mark 22;Mark 38;HYDROGEL_PACK;XIREC;10055.0;2
67600;Mark 55;Mark 14;VELVETFRUIT_EXTRACT;XIREC;5261.0;7
68000;Mark 55;Mark 14;VELVETFRUIT_EXTRACT;XIREC;5261.0;5
69000;Mark 14;Mark 38;HYDROGEL_PACK;XIREC;10036.0;4
69400;Mark 14;Mark 55;VELVETFRUIT_EXTRACT;XIREC;5255.0;8
69900;Mark 01;Mark 22;VEV_5400;XIREC;12.0;5
69900;Mark 01;Mark 22;VEV_5500;XIREC;3.0;5
69900;Mark 01;Mark 22;VEV_6000;XIREC;0.0;5
69900;Mark 01;Mark 22;VEV_6500;XIREC;0.0;5
70100;Mark 01;Mark 22;VEV_5400;XIREC;12.0;5
70100;Mark 01;Mark 22;VEV_5500;XIREC;3.0;5
70100;Mark 01;Mark 22;VEV_6000;XIREC;0.0;5
70100;Mark 01;Mark 22;VEV_6500;XIREC;0.0;5
70200;Mark 38;Mark 14;VEV_4000;XIREC;1267.0;1
70300;Mark 01;Mark 22;VEV_5400;XIREC;12.0;4
70300;Mark 01;Mark 22;VEV_5500;XIREC;3.0;4
70300;Mark 01;Mark 22;VEV_6000;XIREC;0.0;4
70300;Mark 01;Mark 22;VEV_6500;XIREC;0.0;4
74300;Mark 01;Mark 22;VEV_5300;XIREC;41.0;3
74300;Mark 01;Mark 22;VEV_5400;XIREC;12.0;3
74300;Mark 01;Mark 22;VEV_6000;XIREC;0.0;3
74300;Mark 01;Mark 22;VEV_6500;XIREC;0.0;3
74900;Mark 14;Mark 55;VELVETFRUIT_EXTRACT;XIREC;5257.0;8
76100;Mark 14;Mark 38;VEV_4000;XIREC;1247.0;2
77100;Mark 14;Mark 55;VELVETFRUIT_EXTRACT;XIREC;5255.0;5
77300;Mark 55;Mark 49;VELVETFRUIT_EXTRACT;XIREC;5256.0;8
77300;Mark 67;Mark 49;VELVETFRUIT_EXTRACT;XIREC;5256.0;6
77600;Mark 67;Mark 22;VELVETFRUIT_EXTRACT;XIREC;5255.0;7
78900;Mark 14;Mark 55;VELVETFRUIT_EXTRACT;XIREC;5256.0;6
79900;Mark 38;SUBMISSION;HYDROGEL_PACK;XIREC;10049.0;6
80000;Mark 01;Mark 55;VELVETFRUIT_EXTRACT;XIREC;5257.0;8
83500;Mark 38;SUBMISSION;HYDROGEL_PACK;XIREC;10054.0;5
84100;Mark 01;Mark 55;VELVETFRUIT_EXTRACT;XIREC;5254.0;3
84900;Mark 14;Mark 38;HYDROGEL_PACK;XIREC;10040.0;5
85000;Mark 55;Mark 22;VELVETFRUIT_EXTRACT;XIREC;5248.0;6
86100;Mark 01;Mark 55;VELVETFRUIT_EXTRACT;XIREC;5244.0;6
87100;Mark 14;Mark 38;HYDROGEL_PACK;XIREC;10034.0;4
87300;Mark 01;Mark 22;VEV_5400;XIREC;10.0;3
87300;Mark 01;Mark 22;VEV_5500;XIREC;3.0;3
87300;Mark 01;Mark 22;VEV_6000;XIREC;0.0;3
87300;Mark 01;Mark 22;VEV_6500;XIREC;0.0;3
87400;Mark 01;Mark 55;VELVETFRUIT_EXTRACT;XIREC;5245.0;6
88200;Mark 38;Mark 14;VEV_4000;XIREC;1257.0;3
88300;Mark 14;Mark 55;VELVETFRUIT_EXTRACT;XIREC;5245.0;6
89600;Mark 38;Mark 14;VEV_4000;XIREC;1257.0;2
89800;Mark 38;SUBMISSION;HYDROGEL_PACK;XIREC;10044.0;4
91700;Mark 01;Mark 55;VELVETFRUIT_EXTRACT;XIREC;5250.0;6
92200;Mark 01;Mark 22;VEV_5300;XIREC;40.0;3
92200;Mark 01;Mark 22;VEV_5400;XIREC;12.0;3
92200;Mark 01;Mark 22;VEV_5500;XIREC;3.0;3
92200;Mark 01;Mark 22;VEV_6000;XIREC;0.0;3
92200;Mark 01;Mark 22;VEV_6500;XIREC;0.0;3
92700;Mark 55;Mark 14;VELVETFRUIT_EXTRACT;XIREC;5261.0;5
93700;Mark 55;Mark 14;VELVETFRUIT_EXTRACT;XIREC;5259.0;4
95200;Mark 38;SUBMISSION;HYDROGEL_PACK;XIREC;10042.0;5
95700;Mark 55;Mark 14;VELVETFRUIT_EXTRACT;XIREC;5259.0;8
96600;Mark 01;Mark 55;VELVETFRUIT_EXTRACT;XIREC;5253.0;4
98400;Mark 55;Mark 14;VELVETFRUIT_EXTRACT;XIREC;5258.0;8
98900;SUBMISSION;Mark 22;VEV_5200;XIREC;88.0;3
98900;Mark 01;Mark 22;VEV_5300;XIREC;39.0;3
98900;Mark 01;Mark 22;VEV_5400;XIREC;11.0;3
98900;Mark 01;Mark 22;VEV_5500;XIREC;3.0;3
98900;Mark 01;Mark 22;VEV_6000;XIREC;0.0;3
98900;Mark 01;Mark 22;VEV_6500;XIREC;0.0;3
99400;Mark 67;Mark 49;VELVETFRUIT_EXTRACT;XIREC;5253.0;12
100500;Mark 14;Mark 38;HYDROGEL_PACK;XIREC;10010.0;6
101300;Mark 55;Mark 01;VELVETFRUIT_EXTRACT;XIREC;5258.0;4
101900;Mark 01;Mark 55;VELVETFRUIT_EXTRACT;XIREC;5250.0;3
102200;Mark 01;Mark 55;VELVETFRUIT_EXTRACT;XIREC;5253.0;4
103700;Mark 67;Mark 49;VELVETFRUIT_EXTRACT;XIREC;5251.0;8
103800;Mark 14;Mark 55;VELVETFRUIT_EXTRACT;XIREC;5251.0;8
104600;Mark 38;Mark 14;VEV_4000;XIREC;1261.0;1
106800;Mark 14;Mark 38;VEV_4000;XIREC;1239.0;2
108400;Mark 14;Mark 38;HYDROGEL_PACK;XIREC;10026.0;5
108800;Mark 14;Mark 38;VEV_4000;XIREC;1244.0;3
109400;Mark 14;Mark 55;VELVETFRUIT_EXTRACT;XIREC;5252.0;8
109500;Mark 14;Mark 38;HYDROGEL_PACK;XIREC;10013.0;6
110200;Mark 14;Mark 38;HYDROGEL_PACK;XIREC;10019.0;5
111400;Mark 14;Mark 55;VELVETFRUIT_EXTRACT;XIREC;5245.0;4
111600;Mark 49;Mark 22;VELVETFRUIT_EXTRACT;XIREC;5244.0;6
112400;Mark 38;SUBMISSION;HYDROGEL_PACK;XIREC;10037.0;4
113100;SUBMISSION;;VEV_5300;XIREC;34.0;17
113200;SUBMISSION;;VEV_5300;XIREC;34.0;17
113300;SUBMISSION;;VEV_5300;XIREC;34.0;17
113400;SUBMISSION;;VEV_5300;XIREC;34.0;17
113400;SUBMISSION;;VEV_5400;XIREC;10.0;17
113500;SUBMISSION;;VEV_5300;XIREC;33.0;17
113500;SUBMISSION;;VEV_5400;XIREC;10.0;17
113600;SUBMISSION;;VEV_5300;XIREC;34.0;17
113700;SUBMISSION;;VEV_5300;XIREC;34.0;17
113800;SUBMISSION;;VEV_5300;XIREC;34.0;17
113900;SUBMISSION;;VEV_5300;XIREC;34.0;17
115000;Mark 67;Mark 22;VELVETFRUIT_EXTRACT;XIREC;5239.0;9
115500;SUBMISSION;;VEV_5300;XIREC;34.0;8
115500;SUBMISSION;;VEV_5300;XIREC;35.0;9
115700;SUBMISSION;;VEV_5300;XIREC;34.0;17
115800;SUBMISSION;;VEV_5300;XIREC;34.0;9
115800;SUBMISSION;;VEV_5300;XIREC;35.0;8
117200;SUBMISSION;;VEV_5300;XIREC;34.0;17
117300;SUBMISSION;;VEV_5300;XIREC;34.0;17
117400;SUBMISSION;;VEV_5000;XIREC;238.0;9
117400;SUBMISSION;;VEV_5000;XIREC;239.0;8
117400;SUBMISSION;;VEV_5100;XIREC;148.0;17
117400;SUBMISSION;;VEV_5300;XIREC;33.0;17
117400;SUBMISSION;;VEV_5400;XIREC;9.0;17
117400;Mark 67;Mark 49;VELVETFRUIT_EXTRACT;XIREC;5231.0;9
117500;SUBMISSION;;VEV_5100;XIREC;149.0;17
117500;SUBMISSION;;VEV_5300;XIREC;33.0;16
117500;SUBMISSION;;VEV_5400;XIREC;10.0;16
117600;SUBMISSION;;VEV_5100;XIREC;149.0;17
117600;SUBMISSION;;VEV_5300;XIREC;33.0;17
117600;SUBMISSION;;VEV_5400;XIREC;10.0;17
117700;SUBMISSION;;VEV_5300;XIREC;34.0;17
117800;SUBMISSION;;VEV_5300;XIREC;34.0;17
117800;Mark 38;Mark 14;VEV_4000;XIREC;1247.0;1
117900;SUBMISSION;;VEV_5300;XIREC;34.0;17
118000;SUBMISSION;;VEV_5300;XIREC;34.0;17
118100;SUBMISSION;;VEV_5300;XIREC;34.0;17
118200;SUBMISSION;;VEV_5300;XIREC;34.0;8
118200;SUBMISSION;;VEV_5300;XIREC;35.0;9
118300;SUBMISSION;;VEV_5300;XIREC;34.0;17
118400;SUBMISSION;;VEV_5300;XIREC;34.0;17
118500;Mark 38;SUBMISSION;HYDROGEL_PACK;XIREC;10042.0;4
118500;SUBMISSION;;VEV_5300;XIREC;34.0;17
118500;Mark 38;Mark 14;HYDROGEL_PACK;XIREC;10043.0;1
118600;SUBMISSION;;VEV_5300;XIREC;34.0;17
118700;SUBMISSION;;VEV_5100;XIREC;148.0;4
118700;SUBMISSION;;VEV_5100;XIREC;151.0;13
118700;SUBMISSION;;VEV_5300;XIREC;33.0;4
118700;SUBMISSION;;VEV_5300;XIREC;34.0;13
118700;Mark 01;Mark 22;VEV_5400;XIREC;9.0;4
118700;Mark 01;Mark 22;VEV_5500;XIREC;2.0;4
118700;Mark 01;Mark 22;VEV_6000;XIREC;0.0;4
118700;Mark 01;Mark 22;VEV_6500;XIREC;0.0;4
119000;Mark 14;Mark 38;HYDROGEL_PACK;XIREC;10028.0;6
119300;SUBMISSION;;VEV_5300;XIREC;34.0;17
119400;SUBMISSION;;VEV_5300;XIREC;34.0;17
119500;SUBMISSION;;VEV_5300;XIREC;34.0;17
119600;SUBMISSION;;VEV_5300;XIREC;34.0;17
119700;Mark 55;Mark 01;VELVETFRUIT_EXTRACT;XIREC;5241.0;6
119900;Mark 14;Mark 38;HYDROGEL_PACK;XIREC;10022.0;2
121500;Mark 38;SUBMISSION;HYDROGEL_PACK;XIREC;10029.0;3
121500;Mark 38;Mark 14;HYDROGEL_PACK;XIREC;10030.0;1
121800;Mark 67;Mark 22;VELVETFRUIT_EXTRACT;XIREC;5243.0;8
122400;Mark 14;Mark 55;VELVETFRUIT_EXTRACT;XIREC;5241.0;5
122600;Mark 14;Mark 38;HYDROGEL_PACK;XIREC;10012.0;4
123100;Mark 38;Mark 14;VEV_4000;XIREC;1255.0;3
123700;Mark 14;Mark 38;HYDROGEL_PACK;XIREC;10010.0;2
124700;Mark 55;Mark 14;VELVETFRUIT_EXTRACT;XIREC;5242.0;4
125300;Mark 38;SUBMISSION;HYDROGEL_PACK;XIREC;10028.0;2
125300;Mark 38;Mark 14;HYDROGEL_PACK;XIREC;10029.0;2
125700;Mark 38;Mark 14;VEV_4000;XIREC;1249.0;1
126200;SUBMISSION;;VEV_5300;XIREC;34.0;17
126600;SUBMISSION;;VEV_5300;XIREC;34.0;5
126600;SUBMISSION;;VEV_5300;XIREC;35.0;12
126600;Mark 14;Mark 38;HYDROGEL_PACK;XIREC;10020.0;6
126600;Mark 01;Mark 22;VEV_5400;XIREC;9.0;5
126600;Mark 01;Mark 22;VEV_5500;XIREC;2.0;5
126600;Mark 01;Mark 22;VEV_6000;XIREC;0.0;5
126600;Mark 01;Mark 22;VEV_6500;XIREC;0.0;5
127100;Mark 55;Mark 14;VELVETFRUIT_EXTRACT;XIREC;5242.0;7
127900;SUBMISSION;;VEV_5300;XIREC;34.0;17
128000;SUBMISSION;;VEV_5300;XIREC;34.0;6
128200;Mark 38;SUBMISSION;HYDROGEL_PACK;XIREC;10028.0;1
128200;Mark 38;Mark 14;HYDROGEL_PACK;XIREC;10029.0;1
128700;SUBMISSION;Mark 22;VEV_5200;XIREC;77.0;2
128700;Mark 01;Mark 22;VEV_5200;XIREC;77.0;1
128700;Mark 14;Mark 22;VEV_5300;XIREC;33.0;3
128700;Mark 01;Mark 22;VEV_5400;XIREC;9.0;3
128700;Mark 01;Mark 22;VEV_5500;XIREC;2.0;3
128700;Mark 01;Mark 22;VEV_6000;XIREC;0.0;3
128700;Mark 01;Mark 22;VEV_6500;XIREC;0.0;3
129000;Mark 55;Mark 01;VELVETFRUIT_EXTRACT;XIREC;5240.0;8
129800;Mark 14;Mark 38;VEV_4000;XIREC;1233.0;1
130000;Mark 14;Mark 38;HYDROGEL_PACK;XIREC;10014.0;4
130700;Mark 38;SUBMISSION;HYDROGEL_PACK;XIREC;10025.0;1
130700;Mark 38;Mark 14;HYDROGEL_PACK;XIREC;10026.0;1
130800;Mark 67;Mark 22;VELVETFRUIT_EXTRACT;XIREC;5247.0;9
131500;Mark 38;SUBMISSION;HYDROGEL_PACK;XIREC;10019.0;1
131500;Mark 38;Mark 14;HYDROGEL_PACK;XIREC;10020.0;4
132100;Mark 01;Mark 22;VEV_5400;XIREC;10.0;4
132100;Mark 01;Mark 22;VEV_5500;XIREC;3.0;4
132100;Mark 01;Mark 22;VEV_6000;XIREC;0.0;4
132100;Mark 01;Mark 22;VEV_6500;XIREC;0.0;4
132500;Mark 55;Mark 14;VELVETFRUIT_EXTRACT;XIREC;5253.0;3
135900;Mark 55;Mark 14;VELVETFRUIT_EXTRACT;XIREC;5255.0;6
136100;Mark 14;Mark 38;HYDROGEL_PACK;XIREC;10018.0;6
137700;Mark 01;Mark 22;VEV_5300;XIREC;36.0;4
137700;Mark 01;Mark 22;VEV_5400;XIREC;10.0;4
137700;Mark 01;Mark 22;VEV_5500;XIREC;3.0;4
137700;Mark 01;Mark 22;VEV_6000;XIREC;0.0;4
137700;Mark 01;Mark 22;VEV_6500;XIREC;0.0;4
138200;Mark 38;SUBMISSION;HYDROGEL_PACK;XIREC;10022.0;1
138200;Mark 38;Mark 14;HYDROGEL_PACK;XIREC;10023.0;3
139400;Mark 38;Mark 14;VEV_4000;XIREC;1254.0;1
140700;Mark 38;Mark 14;VEV_4000;XIREC;1251.0;2
141900;Mark 14;Mark 55;VELVETFRUIT_EXTRACT;XIREC;5236.0;6
142700;Mark 38;Mark 14;HYDROGEL_PACK;XIREC;10015.0;6
142700;Mark 01;Mark 22;VEV_5400;XIREC;9.0;5
142700;Mark 01;Mark 22;VEV_5500;XIREC;2.0;5
142700;Mark 01;Mark 22;VEV_6000;XIREC;0.0;5
142700;Mark 01;Mark 22;VEV_6500;XIREC;0.0;5
143600;Mark 14;Mark 55;VELVETFRUIT_EXTRACT;XIREC;5243.0;4
144500;Mark 55;Mark 01;VELVETFRUIT_EXTRACT;XIREC;5247.0;7
144800;Mark 01;Mark 22;VEV_5400;XIREC;10.0;3
144800;Mark 01;Mark 22;VEV_5500;XIREC;2.0;3
144800;Mark 01;Mark 22;VEV_6000;XIREC;0.0;3
144800;Mark 01;Mark 22;VEV_6500;XIREC;0.0;3
145100;Mark 14;Mark 55;VELVETFRUIT_EXTRACT;XIREC;5243.0;5
145500;Mark 14;Mark 38;VEV_4000;XIREC;1235.0;2
148500;SUBMISSION;Mark 38;HYDROGEL_PACK;XIREC;10000.0;3
148800;Mark 14;Mark 38;VEV_4000;XIREC;1234.0;2
150300;SUBMISSION;;HYDROGEL_PACK;XIREC;10004.0;11
150300;SUBMISSION;Mark 38;HYDROGEL_PACK;XIREC;9989.0;3
150700;SUBMISSION;Mark 38;HYDROGEL_PACK;XIREC;9991.0;3
151400;Mark 38;SUBMISSION;HYDROGEL_PACK;XIREC;10014.0;6
151600;Mark 55;Mark 01;VELVETFRUIT_EXTRACT;XIREC;5245.0;7
152300;Mark 38;SUBMISSION;HYDROGEL_PACK;XIREC;10018.0;4
153500;Mark 14;Mark 55;VELVETFRUIT_EXTRACT;XIREC;5240.0;7
153700;Mark 14;Mark 38;HYDROGEL_PACK;XIREC;10012.0;3
155400;Mark 38;Mark 22;VEV_4000;XIREC;1239.0;2
155400;Mark 38;Mark 22;VEV_4500;XIREC;739.0;2
155400;Mark 38;Mark 22;VEV_5000;XIREC;242.0;2
155400;Mark 38;Mark 22;VEV_5100;XIREC;151.0;2
155400;Mark 38;Mark 22;VEV_5200;XIREC;79.0;2
155400;Mark 01;Mark 22;VEV_5300;XIREC;33.0;2
155400;Mark 01;Mark 22;VEV_5400;XIREC;9.0;2
155400;Mark 01;Mark 22;VEV_5500;XIREC;2.0;2
155400;Mark 01;Mark 22;VEV_6000;XIREC;0.0;2
155400;Mark 01;Mark 22;VEV_6500;XIREC;0.0;2
156700;SUBMISSION;;VEV_5100;XIREC;148.0;8
156700;SUBMISSION;;VEV_5100;XIREC;149.0;9
156700;SUBMISSION;;VEV_5400;XIREC;10.0;17
156800;SUBMISSION;;VEV_5100;XIREC;148.0;7
156800;SUBMISSION;;VEV_5100;XIREC;149.0;10
156800;SUBMISSION;;VEV_5400;XIREC;10.0;17
156900;SUBMISSION;;VEV_5100;XIREC;148.0;17
156900;SUBMISSION;;VEV_5400;XIREC;9.0;17
157000;SUBMISSION;;VEV_5100;XIREC;148.0;6
157000;SUBMISSION;;VEV_5100;XIREC;149.0;11
157000;SUBMISSION;;VEV_5400;XIREC;10.0;17
157100;SUBMISSION;;VEV_5100;XIREC;148.0;8
157100;SUBMISSION;;VEV_5100;XIREC;149.0;9
157100;SUBMISSION;;VEV_5400;XIREC;10.0;17
157200;SUBMISSION;;VEV_5100;XIREC;148.0;12
157200;SUBMISSION;;VEV_5100;XIREC;149.0;5
157200;SUBMISSION;;VEV_5400;XIREC;10.0;17
157300;SUBMISSION;;VEV_5100;XIREC;148.0;6
157300;SUBMISSION;;VEV_5100;XIREC;149.0;11
157300;SUBMISSION;;VEV_5400;XIREC;9.0;6
157300;SUBMISSION;;VEV_5400;XIREC;10.0;11
157400;SUBMISSION;;VEV_5100;XIREC;149.0;17
157400;SUBMISSION;;VEV_5400;XIREC;10.0;17
157500;Mark 38;SUBMISSION;HYDROGEL_PACK;XIREC;10032.0;4
157500;SUBMISSION;;VEV_5100;XIREC;149.0;17
157500;SUBMISSION;;VEV_5400;XIREC;10.0;17
157500;Mark 38;Mark 14;HYDROGEL_PACK;XIREC;10033.0;2
157600;SUBMISSION;;VEV_5100;XIREC;148.0;17
157600;SUBMISSION;;VEV_5400;XIREC;9.0;17
157700;SUBMISSION;;VEV_5400;XIREC;10.0;17
157800;SUBMISSION;;VEV_5100;XIREC;149.0;8
157800;SUBMISSION;;VEV_5100;XIREC;150.0;9
157800;SUBMISSION;;VEV_5400;XIREC;10.0;17
157900;SUBMISSION;;VEV_5100;XIREC;149.0;17
157900;SUBMISSION;;VEV_5400;XIREC;10.0;17
158000;SUBMISSION;;VEV_5100;XIREC;149.0;17
158000;SUBMISSION;;VEV_5400;XIREC;10.0;17
158000;Mark 55;Mark 01;VELVETFRUIT_EXTRACT;XIREC;5237.0;8
158100;SUBMISSION;;VEV_5400;XIREC;10.0;17
158200;SUBMISSION;;VEV_5100;XIREC;149.0;6
158200;SUBMISSION;;VEV_5100;XIREC;150.0;11
158200;SUBMISSION;;VEV_5400;XIREC;10.0;17
158300;SUBMISSION;;VEV_5100;XIREC;148.0;11
158300;SUBMISSION;;VEV_5100;XIREC;149.0;6
158300;SUBMISSION;;VEV_5400;XIREC;9.0;6
158300;SUBMISSION;;VEV_5400;XIREC;10.0;11
158400;SUBMISSION;;VEV_5000;XIREC;236.0;6
158400;SUBMISSION;;VEV_5000;XIREC;237.0;11
158400;SUBMISSION;;VEV_5100;XIREC;145.0;6
158400;SUBMISSION;;VEV_5100;XIREC;146.0;11
158400;SUBMISSION;;VEV_5400;XIREC;9.0;17
158500;SUBMISSION;;VEV_5000;XIREC;236.0;6
158500;SUBMISSION;;VEV_5000;XIREC;237.0;11
158500;SUBMISSION;;VEV_5100;XIREC;146.0;17
158500;SUBMISSION;;VEV_5400;XIREC;9.0;17
158600;SUBMISSION;;VEV_5000;XIREC;237.0;10
158600;SUBMISSION;;VEV_5000;XIREC;238.0;7
158600;SUBMISSION;;VEV_5100;XIREC;147.0;17
158600;SUBMISSION;;VEV_5400;XIREC;9.0;17
158700;SUBMISSION;;VEV_5000;XIREC;237.0;9
158700;SUBMISSION;;VEV_5000;XIREC;238.0;8
158700;SUBMISSION;;VEV_5100;XIREC;146.0;9
158700;SUBMISSION;;VEV_5100;XIREC;147.0;8
158700;SUBMISSION;;VEV_5400;XIREC;9.0;17
158800;SUBMISSION;;VEV_5100;XIREC;148.0;17
158800;SUBMISSION;;VEV_5400;XIREC;9.0;15
158900;SUBMISSION;;VEV_5100;XIREC;148.0;8
158900;SUBMISSION;;VEV_5100;XIREC;149.0;9
158900;SUBMISSION;;VEV_5400;XIREC;9.0;10
158900;SUBMISSION;;VEV_5400;XIREC;10.0;7
159000;SUBMISSION;;VEV_5100;XIREC;149.0;17
159000;SUBMISSION;;VEV_5400;XIREC;9.0;9
159000;SUBMISSION;;VEV_5400;XIREC;10.0;8
159100;SUBMISSION;;VEV_5000;XIREC;238.0;17
159100;SUBMISSION;;VEV_5100;XIREC;147.0;17
159100;SUBMISSION;;VEV_5400;XIREC;9.0;17
159200;SUBMISSION;;VEV_5100;XIREC;148.0;11
159200;SUBMISSION;;VEV_5100;XIREC;149.0;6
159200;SUBMISSION;;VEV_5400;XIREC;9.0;17
159300;SUBMISSION;;VEV_5400;XIREC;10.0;17
159500;SUBMISSION;;VEV_5400;XIREC;10.0;17
159600;SUBMISSION;;VEV_5100;XIREC;148.0;10
159600;SUBMISSION;;VEV_5100;XIREC;149.0;7
159600;SUBMISSION;;VEV_5400;XIREC;9.0;8
159600;SUBMISSION;;VEV_5400;XIREC;10.0;9
159700;SUBMISSION;;VEV_5100;XIREC;148.0;17
159700;SUBMISSION;;VEV_5400;XIREC;9.0;17
159800;SUBMISSION;;VEV_5100;XIREC;148.0;7
159800;SUBMISSION;;VEV_5100;XIREC;149.0;10
159800;SUBMISSION;;VEV_5400;XIREC;9.0;6
159800;SUBMISSION;;VEV_5400;XIREC;10.0;2
159900;SUBMISSION;;VEV_5100;XIREC;148.0;8
159900;SUBMISSION;;VEV_5100;XIREC;149.0;9
160000;SUBMISSION;;VEV_5100;XIREC;149.0;17
160000;Mark 55;Mark 14;VELVETFRUIT_EXTRACT;XIREC;5236.0;8
160100;Mark 38;SUBMISSION;HYDROGEL_PACK;XIREC;10043.0;3
160100;Mark 38;Mark 14;HYDROGEL_PACK;XIREC;10044.0;1
165300;Mark 38;Mark 14;VEV_4000;XIREC;1251.0;3
165600;Mark 01;Mark 55;VELVETFRUIT_EXTRACT;XIREC;5237.0;6
166000;Mark 01;Mark 22;VEV_5400;XIREC;9.0;5
166000;Mark 01;Mark 22;VEV_5500;XIREC;2.0;5
166000;Mark 01;Mark 22;VEV_6000;XIREC;0.0;5
166000;Mark 01;Mark 22;VEV_6500;XIREC;0.0;5
167900;Mark 14;Mark 38;VEV_4000;XIREC;1232.0;1
170900;Mark 55;Mark 01;VELVETFRUIT_EXTRACT;XIREC;5249.0;5
172300;Mark 01;Mark 22;VEV_5500;XIREC;3.0;2
172300;Mark 01;Mark 22;VEV_6000;XIREC;0.0;2
172300;Mark 01;Mark 22;VEV_6500;XIREC;0.0;2
173800;Mark 38;SUBMISSION;HYDROGEL_PACK;XIREC;10036.0;2
173800;Mark 38;Mark 14;HYDROGEL_PACK;XIREC;10037.0;3
174100;Mark 38;SUBMISSION;HYDROGEL_PACK;XIREC;10039.0;1
174100;Mark 38;Mark 14;HYDROGEL_PACK;XIREC;10040.0;1
174800;Mark 55;Mark 01;VELVETFRUIT_EXTRACT;XIREC;5253.0;5
175100;Mark 38;Mark 14;VEV_4000;XIREC;1259.0;3
175300;Mark 55;Mark 14;VELVETFRUIT_EXTRACT;XIREC;5250.0;7
176700;Mark 14;Mark 38;VEV_4000;XIREC;1238.0;1
177200;Mark 14;Mark 38;HYDROGEL_PACK;XIREC;10030.0;2
180300;Mark 38;Mark 14;VEV_4000;XIREC;1258.0;3
180800;Mark 14;Mark 38;HYDROGEL_PACK;XIREC;10018.0;5
181200;Mark 14;Mark 38;VEV_4000;XIREC;1235.0;2
182100;Mark 38;Mark 14;HYDROGEL_PACK;XIREC;10019.0;6
182100;Mark 14;Mark 38;VEV_4000;XIREC;1237.0;3
182500;Mark 14;Mark 38;HYDROGEL_PACK;XIREC;10007.0;6
182600;Mark 14;Mark 55;VELVETFRUIT_EXTRACT;XIREC;5245.0;6
183100;Mark 14;Mark 38;VEV_4000;XIREC;1237.0;3
183400;Mark 38;Mark 14;HYDROGEL_PACK;XIREC;10031.0;4
186200;Mark 01;Mark 55;VELVETFRUIT_EXTRACT;XIREC;5242.0;8
189100;SUBMISSION;Mark 38;HYDROGEL_PACK;XIREC;9993.0;4
190700;Mark 01;Mark 55;VELVETFRUIT_EXTRACT;XIREC;5247.0;3
190800;SUBMISSION;;HYDROGEL_PACK;XIREC;9999.0;10
191300;Mark 38;Mark 14;VEV_4000;XIREC;1259.0;1
191900;Mark 14;Mark 38;VEV_4000;XIREC;1236.0;1
192600;Mark 01;Mark 55;VELVETFRUIT_EXTRACT;XIREC;5247.0;6
194700;Mark 14;Mark 38;HYDROGEL_PACK;XIREC;10006.0;3
195800;Mark 55;Mark 01;VELVETFRUIT_EXTRACT;XIREC;5250.0;7
196600;Mark 14;Mark 38;VEV_4000;XIREC;1234.0;1
197500;Mark 55;Mark 14;VELVETFRUIT_EXTRACT;XIREC;5247.0;3
198800;Mark 38;SUBMISSION;HYDROGEL_PACK;XIREC;10028.0;4
198800;Mark 38;Mark 14;HYDROGEL_PACK;XIREC;10029.0;1
199000;Mark 01;Mark 55;VELVETFRUIT_EXTRACT;XIREC;5236.0;3
200100;Mark 38;SUBMISSION;HYDROGEL_PACK;XIREC;10027.0;3
201600;Mark 01;Mark 55;VELVETFRUIT_EXTRACT;XIREC;5239.0;4
202200;SUBMISSION;Mark 38;HYDROGEL_PACK;XIREC;9996.0;5
202500;Mark 38;Mark 14;VEV_4000;XIREC;1247.0;1
203300;SUBMISSION;Mark 38;HYDROGEL_PACK;XIREC;10001.0;4
203300;SUBMISSION;;VEV_5100;XIREC;149.0;12
203300;SUBMISSION;;VEV_5100;XIREC;150.0;5
203400;SUBMISSION;;VEV_5100;XIREC;149.0;17
203500;SUBMISSION;;VEV_5100;XIREC;149.0;5
203500;Mark 14;Mark 38;HYDROGEL_PACK;XIREC;10003.0;3
203800;Mark 38;Mark 14;VEV_4000;XIREC;1245.0;1
204800;SUBMISSION;Mark 38;HYDROGEL_PACK;XIREC;9994.0;4
205100;SUBMISSION;Mark 38;HYDROGEL_PACK;XIREC;9987.0;5
205400;Mark 38;SUBMISSION;HYDROGEL_PACK;XIREC;10004.0;4
206300;SUBMISSION;Mark 38;HYDROGEL_PACK;XIREC;9982.0;6
206400;SUBMISSION;;HYDROGEL_PACK;XIREC;9991.0;1
206800;SUBMISSION;;HYDROGEL_PACK;XIREC;9993.0;2
206900;SUBMISSION;;HYDROGEL_PACK;XIREC;9993.0;2
207200;SUBMISSION;;HYDROGEL_PACK;XIREC;9995.0;1
207300;SUBMISSION;;HYDROGEL_PACK;XIREC;9993.0;2
207400;SUBMISSION;;HYDROGEL_PACK;XIREC;9994.0;2
207500;SUBMISSION;;HYDROGEL_PACK;XIREC;9992.0;3
207500;Mark 55;Mark 14;VELVETFRUIT_EXTRACT;XIREC;5237.0;8
207600;SUBMISSION;;HYDROGEL_PACK;XIREC;9991.0;3
207600;Mark 55;Mark 14;VELVETFRUIT_EXTRACT;XIREC;5237.0;5
207700;SUBMISSION;;HYDROGEL_PACK;XIREC;9992.0;3
207800;SUBMISSION;;HYDROGEL_PACK;XIREC;9991.0;3
207900;SUBMISSION;;HYDROGEL_PACK;XIREC;9991.0;3
208000;SUBMISSION;;HYDROGEL_PACK;XIREC;9983.0;4
208000;SUBMISSION;;HYDROGEL_PACK;XIREC;9991.0;2
208100;SUBMISSION;;HYDROGEL_PACK;XIREC;9991.0;3
208200;SUBMISSION;;HYDROGEL_PACK;XIREC;9987.0;6
208300;SUBMISSION;;HYDROGEL_PACK;XIREC;9987.0;6
208400;SUBMISSION;;HYDROGEL_PACK;XIREC;9988.0;5
208400;Mark 55;Mark 14;VELVETFRUIT_EXTRACT;XIREC;5239.0;5
208500;SUBMISSION;;HYDROGEL_PACK;XIREC;9988.0;5
208600;SUBMISSION;;HYDROGEL_PACK;XIREC;9989.0;5
208700;SUBMISSION;;HYDROGEL_PACK;XIREC;9990.0;4
208800;SUBMISSION;;HYDROGEL_PACK;XIREC;9986.0;6
208900;SUBMISSION;;HYDROGEL_PACK;XIREC;9987.0;6
209000;SUBMISSION;;HYDROGEL_PACK;XIREC;9987.0;6
209100;SUBMISSION;;HYDROGEL_PACK;XIREC;9987.0;6
209200;SUBMISSION;;HYDROGEL_PACK;XIREC;9988.0;5
209200;SUBMISSION;Mark 38;HYDROGEL_PACK;XIREC;9973.0;5
209300;SUBMISSION;;HYDROGEL_PACK;XIREC;9992.0;3
212500;SUBMISSION;;VEV_5000;XIREC;238.0;8
212500;SUBMISSION;;VEV_5000;XIREC;239.0;9
212800;SUBMISSION;;VEV_5000;XIREC;238.0;6
212800;SUBMISSION;;VEV_5000;XIREC;239.0;11
212900;SUBMISSION;;VEV_5000;XIREC;238.0;17
213400;SUBMISSION;Mark 38;HYDROGEL_PACK;XIREC;9995.0;3
214000;Mark 14;Mark 55;VELVETFRUIT_EXTRACT;XIREC;5233.0;5
214300;SUBMISSION;;VEV_5000;XIREC;238.0;7
214300;SUBMISSION;;VEV_5000;XIREC;239.0;10
214600;SUBMISSION;;VEV_5000;XIREC;238.0;7
214600;SUBMISSION;;VEV_5000;XIREC;239.0;10
214700;SUBMISSION;;VEV_5000;XIREC;238.0;7
214700;SUBMISSION;;VEV_5000;XIREC;239.0;10
214800;SUBMISSION;;VEV_5000;XIREC;238.0;9
214800;SUBMISSION;;VEV_5000;XIREC;239.0;8
215000;SUBMISSION;;VEV_5000;XIREC;238.0;11
215000;SUBMISSION;;VEV_5000;XIREC;239.0;6
215100;SUBMISSION;;VEV_5000;XIREC;238.0;9
215100;SUBMISSION;;VEV_5000;XIREC;239.0;8
215100;Mark 67;Mark 49;VELVETFRUIT_EXTRACT;XIREC;5231.0;14
215200;SUBMISSION;;VEV_5000;XIREC;238.0;10
215200;SUBMISSION;;VEV_5000;XIREC;239.0;7
215300;SUBMISSION;;VEV_5000;XIREC;236.0;8
215300;SUBMISSION;;VEV_5000;XIREC;237.0;9
215400;SUBMISSION;;VEV_5000;XIREC;237.0;9
215400;SUBMISSION;;VEV_5000;XIREC;238.0;8
215500;SUBMISSION;;VEV_5000;XIREC;237.0;17
215600;SUBMISSION;;VEV_5000;XIREC;238.0;11
215600;SUBMISSION;;VEV_5000;XIREC;239.0;6
215700;SUBMISSION;;VEV_5000;XIREC;237.0;12
215700;SUBMISSION;;VEV_5000;XIREC;238.0;5
215700;Mark 55;Mark 14;VELVETFRUIT_EXTRACT;XIREC;5234.0;3
215800;SUBMISSION;;VEV_5000;XIREC;238.0;7
215800;SUBMISSION;;VEV_5000;XIREC;239.0;10
215900;SUBMISSION;;VEV_5000;XIREC;238.0;17
216000;SUBMISSION;;VEV_5000;XIREC;238.0;11
216000;SUBMISSION;;VEV_5000;XIREC;239.0;6
216100;SUBMISSION;;VEV_5000;XIREC;238.0;6
216100;SUBMISSION;;VEV_5000;XIREC;239.0;11
216300;SUBMISSION;;VEV_5000;XIREC;236.0;12
216300;SUBMISSION;;VEV_5000;XIREC;237.0;5
216400;SUBMISSION;;VELVETFRUIT_EXTRACT;XIREC;5232.0;16
216400;SUBMISSION;;VELVETFRUIT_EXTRACT;XIREC;5233.0;1
216400;SUBMISSION;;VEV_4000;XIREC;1240.0;13
216400;SUBMISSION;;VEV_4000;XIREC;1242.0;4
216400;SUBMISSION;;VEV_4500;XIREC;737.0;9
216400;SUBMISSION;;VEV_4500;XIREC;739.0;8
216400;SUBMISSION;;VEV_5000;XIREC;236.0;17
216500;SUBMISSION;;VELVETFRUIT_EXTRACT;XIREC;5232.0;17
216500;SUBMISSION;;VEV_4000;XIREC;1240.0;9
216500;SUBMISSION;;VEV_4000;XIREC;1243.0;8
216500;SUBMISSION;;VEV_5000;XIREC;236.0;17
216600;SUBMISSION;;VELVETFRUIT_EXTRACT;XIREC;5231.0;17
216600;SUBMISSION;;VEV_4000;XIREC;1239.0;8
216600;SUBMISSION;;VEV_4000;XIREC;1242.0;9
216600;SUBMISSION;;VEV_4500;XIREC;737.0;11
216600;SUBMISSION;;VEV_4500;XIREC;738.0;6
216600;SUBMISSION;;VEV_5000;XIREC;235.0;17
216700;SUBMISSION;;VELVETFRUIT_EXTRACT;XIREC;5230.0;17
216700;SUBMISSION;;VEV_4000;XIREC;1238.0;15
216700;SUBMISSION;;VEV_4000;XIREC;1240.0;2
216700;SUBMISSION;;VEV_4500;XIREC;735.0;10
216700;SUBMISSION;;VEV_4500;XIREC;737.0;7
216700;SUBMISSION;;VEV_5000;XIREC;233.0;10
216700;SUBMISSION;;VEV_5000;XIREC;234.0;7
216800;SUBMISSION;;VELVETFRUIT_EXTRACT;XIREC;5231.0;17
216800;SUBMISSION;;VEV_4000;XIREC;1239.0;14
216800;SUBMISSION;;VEV_4000;XIREC;1241.0;3
216800;SUBMISSION;;VEV_4500;XIREC;736.0;6
216800;SUBMISSION;;VEV_4500;XIREC;738.0;11
216800;SUBMISSION;;VEV_5000;XIREC;235.0;17
216900;SUBMISSION;;VELVETFRUIT_EXTRACT;XIREC;5232.0;17
216900;SUBMISSION;;VEV_4000;XIREC;1239.0;7
216900;SUBMISSION;;VEV_4000;XIREC;1242.0;10
216900;SUBMISSION;;VEV_4500;XIREC;737.0;10
216900;SUBMISSION;;VEV_4500;XIREC;739.0;7
216900;SUBMISSION;;VEV_5000;XIREC;235.0;17
217000;;SUBMISSION;HYDROGEL_PACK;XIREC;10010.0;3
217000;SUBMISSION;;VELVETFRUIT_EXTRACT;XIREC;5229.0;17
217000;SUBMISSION;;VEV_4000;XIREC;1237.0;13
217000;SUBMISSION;;VEV_4000;XIREC;1239.0;4
217000;SUBMISSION;;VEV_4500;XIREC;734.0;7
217000;SUBMISSION;;VEV_4500;XIREC;736.0;10
217000;SUBMISSION;;VEV_5000;XIREC;233.0;17
217100;;SUBMISSION;HYDROGEL_PACK;XIREC;10013.0;2
217100;Mark 38;SUBMISSION;HYDROGEL_PACK;XIREC;10019.0;3
217100;SUBMISSION;;VELVETFRUIT_EXTRACT;XIREC;5230.0;17
217100;SUBMISSION;;VEV_4000;XIREC;1238.0;14
217100;SUBMISSION;;VEV_4000;XIREC;1240.0;3
217100;SUBMISSION;;VEV_4500;XIREC;735.0;8
217100;SUBMISSION;;VEV_4500;XIREC;737.0;9
217100;SUBMISSION;;VEV_5000;XIREC;233.0;8
217100;SUBMISSION;;VEV_5000;XIREC;234.0;9
217200;;SUBMISSION;HYDROGEL_PACK;XIREC;10011.0;4
217200;SUBMISSION;;VELVETFRUIT_EXTRACT;XIREC;5231.0;17
217200;SUBMISSION;;VEV_4000;XIREC;1238.0;7
217200;SUBMISSION;;VEV_4000;XIREC;1241.0;10
217200;SUBMISSION;;VEV_4500;XIREC;736.0;9
217200;SUBMISSION;;VEV_4500;XIREC;738.0;8
217200;SUBMISSION;;VEV_5000;XIREC;234.0;9
217200;SUBMISSION;;VEV_5000;XIREC;235.0;8
217300;;SUBMISSION;HYDROGEL_PACK;XIREC;10012.0;5
217300;SUBMISSION;;VELVETFRUIT_EXTRACT;XIREC;5226.0;13
217300;SUBMISSION;;VELVETFRUIT_EXTRACT;XIREC;5230.0;4
217300;SUBMISSION;;VEV_4000;XIREC;1238.0;7
217300;SUBMISSION;;VEV_4000;XIREC;1240.0;10
217300;SUBMISSION;;VEV_4500;XIREC;735.0;11
217300;SUBMISSION;;VEV_4500;XIREC;737.0;6
217300;SUBMISSION;;VEV_5000;XIREC;233.0;5
217400;;SUBMISSION;HYDROGEL_PACK;XIREC;10014.0;6
217400;SUBMISSION;;VELVETFRUIT_EXTRACT;XIREC;5230.0;17
217400;SUBMISSION;;VEV_4000;XIREC;1238.0;14
217400;SUBMISSION;;VEV_4000;XIREC;1241.0;3
217400;SUBMISSION;;VEV_4500;XIREC;736.0;11
217400;SUBMISSION;;VEV_4500;XIREC;737.0;6
217500;;SUBMISSION;HYDROGEL_PACK;XIREC;10015.0;7
217500;SUBMISSION;;VELVETFRUIT_EXTRACT;XIREC;5231.0;17
217500;SUBMISSION;;VEV_4000;XIREC;1239.0;13
217500;SUBMISSION;;VEV_4000;XIREC;1241.0;4
217500;SUBMISSION;;VEV_4500;XIREC;736.0;6
217500;SUBMISSION;;VEV_4500;XIREC;738.0;11
217600;;SUBMISSION;HYDROGEL_PACK;XIREC;10016.0;8
217600;SUBMISSION;;VELVETFRUIT_EXTRACT;XIREC;5231.0;17
217600;SUBMISSION;;VEV_4000;XIREC;1238.0;7
217600;SUBMISSION;;VEV_4000;XIREC;1241.0;10
217600;SUBMISSION;;VEV_4500;XIREC;736.0;11
217600;SUBMISSION;;VEV_4500;XIREC;738.0;6
217700;;SUBMISSION;HYDROGEL_PACK;XIREC;10019.0;10
217700;SUBMISSION;;VELVETFRUIT_EXTRACT;XIREC;5229.0;17
217700;SUBMISSION;;VEV_4000;XIREC;1237.0;13
217700;SUBMISSION;;VEV_4000;XIREC;1239.0;4
217700;SUBMISSION;;VEV_4500;XIREC;734.0;11
217700;SUBMISSION;;VEV_4500;XIREC;736.0;6
217800;;SUBMISSION;HYDROGEL_PACK;XIREC;10020.0;10
217800;SUBMISSION;;VELVETFRUIT_EXTRACT;XIREC;5230.0;17
217800;SUBMISSION;;VEV_4000;XIREC;1238.0;9
217800;SUBMISSION;;VEV_4000;XIREC;1240.0;8
217800;SUBMISSION;;VEV_4500;XIREC;735.0;7
217800;SUBMISSION;;VEV_4500;XIREC;737.0;10
217900;;SUBMISSION;HYDROGEL_PACK;XIREC;10019.0;10
217900;SUBMISSION;;VELVETFRUIT_EXTRACT;XIREC;5230.0;17
217900;SUBMISSION;;VEV_4000;XIREC;1238.0;12
217900;SUBMISSION;;VEV_4000;XIREC;1240.0;5
217900;SUBMISSION;;VEV_4500;XIREC;735.0;6
217900;SUBMISSION;;VEV_4500;XIREC;737.0;11
218000;SUBMISSION;;VELVETFRUIT_EXTRACT;XIREC;5230.0;17
218000;SUBMISSION;;VEV_4000;XIREC;1238.0;14
218000;SUBMISSION;;VEV_4000;XIREC;1240.0;3
218000;SUBMISSION;;VEV_4500;XIREC;735.0;7
218000;SUBMISSION;;VEV_4500;XIREC;737.0;10
218100;SUBMISSION;;VELVETFRUIT_EXTRACT;XIREC;5232.0;17
218100;SUBMISSION;;VEV_4000;XIREC;1240.0;7
218100;SUBMISSION;;VEV_4000;XIREC;1242.0;10
218100;SUBMISSION;;VEV_4500;XIREC;737.0;8
218100;SUBMISSION;;VEV_4500;XIREC;739.0;9
218200;Mark 55;Mark 01;VELVETFRUIT_EXTRACT;XIREC;5233.0;8
218300;SUBMISSION;;VELVETFRUIT_EXTRACT;XIREC;5231.0;17
218300;SUBMISSION;;VEV_4000;XIREC;1228.0;5
218300;SUBMISSION;;VEV_4000;XIREC;1239.0;8
218300;SUBMISSION;;VEV_4000;XIREC;1241.0;4
218300;SUBMISSION;;VEV_4500;XIREC;728.0;5
218300;SUBMISSION;;VEV_4500;XIREC;736.0;7
218300;SUBMISSION;;VEV_4500;XIREC;738.0;5
218300;Mark 01;Mark 22;VEV_5300;XIREC;29.0;5
218300;Mark 01;Mark 22;VEV_5400;XIREC;8.0;5
218300;Mark 01;Mark 22;VEV_5500;XIREC;2.0;5
218300;Mark 01;Mark 22;VEV_6000;XIREC;0.0;5
218300;Mark 01;Mark 22;VEV_6500;XIREC;0.0;5
218400;SUBMISSION;;VELVETFRUIT_EXTRACT;XIREC;5230.0;17
218400;SUBMISSION;;VEV_4000;XIREC;1238.0;11
218400;SUBMISSION;;VEV_4000;XIREC;1240.0;6
218400;SUBMISSION;;VEV_4500;XIREC;735.0;7
218400;SUBMISSION;;VEV_4500;XIREC;737.0;10
218500;SUBMISSION;;VELVETFRUIT_EXTRACT;XIREC;5232.0;17
218500;SUBMISSION;;VEV_4000;XIREC;1240.0;12
218500;SUBMISSION;;VEV_4000;XIREC;1242.0;5
218500;SUBMISSION;;VEV_4500;XIREC;737.0;9
218500;SUBMISSION;;VEV_4500;XIREC;739.0;8
218800;SUBMISSION;;VELVETFRUIT_EXTRACT;XIREC;5232.0;17
218800;SUBMISSION;;VEV_4000;XIREC;1240.0;10
218800;SUBMISSION;;VEV_4000;XIREC;1242.0;7
218800;SUBMISSION;;VEV_4500;XIREC;737.0;12
218800;SUBMISSION;;VEV_4500;XIREC;739.0;5
219000;SUBMISSION;;VELVETFRUIT_EXTRACT;XIREC;5232.0;17
219100;SUBMISSION;;VELVETFRUIT_EXTRACT;XIREC;5232.0;9
219100;SUBMISSION;;VEV_4000;XIREC;1240.0;7
219100;SUBMISSION;;VEV_4000;XIREC;1242.0;10
219100;SUBMISSION;;VEV_4500;XIREC;737.0;7
219100;SUBMISSION;;VEV_4500;XIREC;739.0;10
219200;SUBMISSION;;VEV_4000;XIREC;1239.0;14
219200;SUBMISSION;;VEV_4000;XIREC;1242.0;3
219200;SUBMISSION;;VEV_4500;XIREC;737.0;6
219200;SUBMISSION;;VEV_4500;XIREC;739.0;11
219300;SUBMISSION;;VEV_4000;XIREC;1240.0;15
219300;SUBMISSION;;VEV_4000;XIREC;1242.0;2
219300;SUBMISSION;;VEV_4500;XIREC;737.0;12
219300;SUBMISSION;;VEV_4500;XIREC;739.0;5
220600;Mark 14;Mark 38;HYDROGEL_PACK;XIREC;10013.0;5
220800;SUBMISSION;;VEV_4000;XIREC;1233.0;4
220800;SUBMISSION;;VEV_4000;XIREC;1244.0;7
220800;SUBMISSION;;VEV_4000;XIREC;1246.0;6
220800;SUBMISSION;;VEV_4500;XIREC;733.0;4
220800;SUBMISSION;;VEV_4500;XIREC;741.0;9
220800;SUBMISSION;;VEV_4500;XIREC;743.0;4
220800;Mark 01;Mark 22;VEV_5300;XIREC;31.0;4
220800;Mark 01;Mark 22;VEV_5400;XIREC;8.0;4
220800;Mark 01;Mark 22;VEV_5500;XIREC;2.0;4
220800;Mark 01;Mark 22;VEV_6000;XIREC;0.0;4
220800;Mark 01;Mark 22;VEV_6500;XIREC;0.0;4
221500;;SUBMISSION;HYDROGEL_PACK;XIREC;10020.0;4
221900;Mark 38;SUBMISSION;HYDROGEL_PACK;XIREC;10035.0;5
221900;SUBMISSION;;VEV_4000;XIREC;1240.0;12
221900;SUBMISSION;;VEV_4000;XIREC;1243.0;5
222100;SUBMISSION;;VEV_4000;XIREC;1240.0;15
222100;SUBMISSION;;VEV_4000;XIREC;1243.0;2
222200;SUBMISSION;;VEV_4000;XIREC;1239.0;8
222200;SUBMISSION;;VEV_4000;XIREC;1242.0;9
222200;SUBMISSION;;VEV_4500;XIREC;737.0;9
222200;SUBMISSION;;VEV_4500;XIREC;739.0;8
222300;Mark 38;SUBMISSION;HYDROGEL_PACK;XIREC;10034.0;2
222300;SUBMISSION;;VEV_4000;XIREC;1239.0;7
222300;SUBMISSION;;VEV_4000;XIREC;1242.0;10
222300;SUBMISSION;;VEV_4500;XIREC;737.0;7
222300;SUBMISSION;;VEV_4500;XIREC;739.0;10
222400;SUBMISSION;;VEV_4000;XIREC;1227.0;2
222400;SUBMISSION;;VEV_4000;XIREC;1238.0;12
222400;SUBMISSION;;VEV_4000;XIREC;1241.0;3
222400;SUBMISSION;;VEV_4500;XIREC;727.0;2
222400;SUBMISSION;;VEV_4500;XIREC;736.0;7
222400;SUBMISSION;;VEV_4500;XIREC;737.0;8
222400;Mark 01;Mark 22;VEV_5200;XIREC;71.0;2
222400;Mark 01;Mark 22;VEV_5300;XIREC;29.0;2
222400;Mark 01;Mark 22;VEV_5400;XIREC;8.0;2
222400;Mark 01;Mark 22;VEV_5500;XIREC;2.0;2
222400;Mark 01;Mark 22;VEV_6000;XIREC;0.0;2
222400;Mark 01;Mark 22;VEV_6500;XIREC;0.0;2
222500;SUBMISSION;;VEV_4000;XIREC;1238.0;12
222500;SUBMISSION;;VEV_4000;XIREC;1240.0;5
222500;SUBMISSION;;VEV_4500;XIREC;735.0;11
222500;SUBMISSION;;VEV_4500;XIREC;737.0;6
222600;SUBMISSION;;VEV_4000;XIREC;1237.0;11
222600;SUBMISSION;;VEV_4000;XIREC;1239.0;6
222600;SUBMISSION;;VEV_4500;XIREC;734.0;10
222600;SUBMISSION;;VEV_4500;XIREC;736.0;7
222700;SUBMISSION;;VEV_4000;XIREC;1238.0;13
222700;SUBMISSION;;VEV_4000;XIREC;1240.0;4
222700;SUBMISSION;;VEV_4500;XIREC;735.0;9
222700;SUBMISSION;;VEV_4500;XIREC;737.0;8
222800;SUBMISSION;;VEV_4000;XIREC;1238.0;13
222800;SUBMISSION;;VEV_4000;XIREC;1240.0;4
222800;SUBMISSION;;VEV_4500;XIREC;735.0;9
222800;SUBMISSION;;VEV_4500;XIREC;737.0;8
222900;SUBMISSION;;VEV_4000;XIREC;1237.0;5
222900;SUBMISSION;;VEV_4500;XIREC;735.0;12
222900;SUBMISSION;;VEV_4500;XIREC;737.0;5
223000;SUBMISSION;;VEV_4500;XIREC;737.0;10
223000;SUBMISSION;;VEV_4500;XIREC;738.0;7
224400;SUBMISSION;;VEV_4500;XIREC;737.0;7
224400;SUBMISSION;;VEV_4500;XIREC;738.0;10
224400;Mark 55;Mark 14;VELVETFRUIT_EXTRACT;XIREC;5231.0;4
224500;SUBMISSION;;VEV_4500;XIREC;737.0;5
225000;Mark 55;Mark 14;VELVETFRUIT_EXTRACT;XIREC;5232.0;7
226700;SUBMISSION;;HYDROGEL_PACK;XIREC;9997.0;1
226800;SUBMISSION;;HYDROGEL_PACK;XIREC;9996.0;2
226900;SUBMISSION;;HYDROGEL_PACK;XIREC;9997.0;1
227000;SUBMISSION;;HYDROGEL_PACK;XIREC;9997.0;1
227100;SUBMISSION;;HYDROGEL_PACK;XIREC;9995.0;2
227200;SUBMISSION;;HYDROGEL_PACK;XIREC;9994.0;3
227300;SUBMISSION;;HYDROGEL_PACK;XIREC;9993.0;4
227400;SUBMISSION;;HYDROGEL_PACK;XIREC;9997.0;1
227500;SUBMISSION;;HYDROGEL_PACK;XIREC;9997.0;1
227600;SUBMISSION;;HYDROGEL_PACK;XIREC;9995.0;3
227700;SUBMISSION;;HYDROGEL_PACK;XIREC;9993.0;4
227900;SUBMISSION;;HYDROGEL_PACK;XIREC;9994.0;3
228000;SUBMISSION;;HYDROGEL_PACK;XIREC;9993.0;4
228100;SUBMISSION;;HYDROGEL_PACK;XIREC;9987.0;8
228200;SUBMISSION;;HYDROGEL_PACK;XIREC;9988.0;8
228300;SUBMISSION;;HYDROGEL_PACK;XIREC;9988.0;8
228400;SUBMISSION;;HYDROGEL_PACK;XIREC;9993.0;4
228500;SUBMISSION;;HYDROGEL_PACK;XIREC;9994.0;3
228600;SUBMISSION;;HYDROGEL_PACK;XIREC;9997.0;1
228700;SUBMISSION;;HYDROGEL_PACK;XIREC;9995.0;2
228800;SUBMISSION;;HYDROGEL_PACK;XIREC;9994.0;3
228900;SUBMISSION;;HYDROGEL_PACK;XIREC;9994.0;3
229000;SUBMISSION;;HYDROGEL_PACK;XIREC;9995.0;2
229100;SUBMISSION;;HYDROGEL_PACK;XIREC;9996.0;2
229200;SUBMISSION;;HYDROGEL_PACK;XIREC;9995.0;3
229300;SUBMISSION;;HYDROGEL_PACK;XIREC;9995.0;3
229400;SUBMISSION;;HYDROGEL_PACK;XIREC;9994.0;3
229500;SUBMISSION;;HYDROGEL_PACK;XIREC;9994.0;1
229500;Mark 14;Mark 55;VELVETFRUIT_EXTRACT;XIREC;5239.0;4
229500;Mark 38;Mark 14;VEV_4000;XIREC;1252.0;2
229600;SUBMISSION;;HYDROGEL_PACK;XIREC;9992.0;5
229700;SUBMISSION;;HYDROGEL_PACK;XIREC;9989.0;7
229800;SUBMISSION;;HYDROGEL_PACK;XIREC;9985.0;10
229900;SUBMISSION;;HYDROGEL_PACK;XIREC;9985.0;10
230000;SUBMISSION;;HYDROGEL_PACK;XIREC;9985.0;9
230100;SUBMISSION;;HYDROGEL_PACK;XIREC;9983.0;10
230100;SUBMISSION;;HYDROGEL_PACK;XIREC;9986.0;1
230200;SUBMISSION;;HYDROGEL_PACK;XIREC;9986.0;9
230300;SUBMISSION;;HYDROGEL_PACK;XIREC;9988.0;7
230300;SUBMISSION;Mark 38;HYDROGEL_PACK;XIREC;9973.0;5
230400;SUBMISSION;;HYDROGEL_PACK;XIREC;9979.0;7
230400;SUBMISSION;;HYDROGEL_PACK;XIREC;9988.0;3
230500;SUBMISSION;;HYDROGEL_PACK;XIREC;9988.0;7
230600;SUBMISSION;;HYDROGEL_PACK;XIREC;9989.0;6
230700;SUBMISSION;;HYDROGEL_PACK;XIREC;9986.0;9
230800;SUBMISSION;;HYDROGEL_PACK;XIREC;9977.0;8
230800;SUBMISSION;;HYDROGEL_PACK;XIREC;9986.0;4
230900;SUBMISSION;;HYDROGEL_PACK;XIREC;9984.0;10
230900;Mark 38;Mark 14;HYDROGEL_PACK;XIREC;9984.0;6
231000;SUBMISSION;;HYDROGEL_PACK;XIREC;9981.0;12
231100;SUBMISSION;;HYDROGEL_PACK;XIREC;9982.0;11
231200;SUBMISSION;;HYDROGEL_PACK;XIREC;9982.0;11
231300;SUBMISSION;;HYDROGEL_PACK;XIREC;9984.0;10
231300;SUBMISSION;Mark 38;HYDROGEL_PACK;XIREC;9969.0;3
231300;Mark 01;Mark 55;VELVETFRUIT_EXTRACT;XIREC;5238.0;7
231400;SUBMISSION;;HYDROGEL_PACK;XIREC;9984.0;10
231500;SUBMISSION;;HYDROGEL_PACK;XIREC;9986.0;8
231600;SUBMISSION;;HYDROGEL_PACK;XIREC;9985.0;4
231700;SUBMISSION;;HYDROGEL_PACK;XIREC;9983.0;6
231800;SUBMISSION;;HYDROGEL_PACK;XIREC;9981.0;5
233100;Mark 14;Mark 38;VEV_4000;XIREC;1222.0;3
233900;Mark 14;Mark 55;VELVETFRUIT_EXTRACT;XIREC;5233.0;8
234500;Mark 55;Mark 14;VELVETFRUIT_EXTRACT;XIREC;5238.0;4
234700;Mark 38;Mark 14;VEV_4000;XIREC;1244.0;2
235900;SUBMISSION;Mark 38;HYDROGEL_PACK;XIREC;9993.0;3
236100;Mark 01;Mark 55;VELVETFRUIT_EXTRACT;XIREC;5228.0;8
236300;SUBMISSION;Mark 38;HYDROGEL_PACK;XIREC;9995.0;4
237100;;SUBMISSION;HYDROGEL_PACK;XIREC;10007.0;1
237500;;SUBMISSION;HYDROGEL_PACK;XIREC;10007.0;1
237600;;SUBMISSION;HYDROGEL_PACK;XIREC;10010.0;3
237700;;SUBMISSION;HYDROGEL_PACK;XIREC;10012.0;4
237800;;SUBMISSION;HYDROGEL_PACK;XIREC;10014.0;6
237900;;SUBMISSION;HYDROGEL_PACK;XIREC;10011.0;4
238000;;SUBMISSION;HYDROGEL_PACK;XIREC;10008.0;2
238100;;SUBMISSION;HYDROGEL_PACK;XIREC;10009.0;2
238200;;SUBMISSION;HYDROGEL_PACK;XIREC;10008.0;2
239600;;SUBMISSION;HYDROGEL_PACK;XIREC;10007.0;1
239700;;SUBMISSION;HYDROGEL_PACK;XIREC;10011.0;4
239800;;SUBMISSION;HYDROGEL_PACK;XIREC;10011.0;4
239900;;SUBMISSION;HYDROGEL_PACK;XIREC;10012.0;5
240000;;SUBMISSION;HYDROGEL_PACK;XIREC;10013.0;5
240100;;SUBMISSION;HYDROGEL_PACK;XIREC;10013.0;5
240100;Mark 14;Mark 38;HYDROGEL_PACK;XIREC;10013.0;2
240200;;SUBMISSION;HYDROGEL_PACK;XIREC;10013.0;5
240300;;SUBMISSION;HYDROGEL_PACK;XIREC;10009.0;3
240400;;SUBMISSION;HYDROGEL_PACK;XIREC;10010.0;3
240500;;SUBMISSION;HYDROGEL_PACK;XIREC;10012.0;5
240600;;SUBMISSION;HYDROGEL_PACK;XIREC;10012.0;5
240700;;SUBMISSION;HYDROGEL_PACK;XIREC;10010.0;3
240700;Mark 14;Mark 38;VEV_4000;XIREC;1225.0;3
240800;;SUBMISSION;HYDROGEL_PACK;XIREC;10010.0;3
240900;;SUBMISSION;HYDROGEL_PACK;XIREC;10013.0;5
241000;;SUBMISSION;HYDROGEL_PACK;XIREC;10011.0;4
241100;;SUBMISSION;HYDROGEL_PACK;XIREC;10010.0;3
241200;;SUBMISSION;HYDROGEL_PACK;XIREC;10012.0;5
241200;Mark 14;Mark 38;VEV_4000;XIREC;1222.0;1
241300;;SUBMISSION;HYDROGEL_PACK;XIREC;10010.0;3
241400;;SUBMISSION;HYDROGEL_PACK;XIREC;10009.0;3
241500;;SUBMISSION;HYDROGEL_PACK;XIREC;10011.0;4
241600;;SUBMISSION;HYDROGEL_PACK;XIREC;10013.0;5
241700;;SUBMISSION;HYDROGEL_PACK;XIREC;10016.0;8
241800;;SUBMISSION;HYDROGEL_PACK;XIREC;10014.0;6
241900;;SUBMISSION;HYDROGEL_PACK;XIREC;10011.0;4
242000;;SUBMISSION;HYDROGEL_PACK;XIREC;10012.0;5
242100;;SUBMISSION;HYDROGEL_PACK;XIREC;10011.0;4
242200;;SUBMISSION;HYDROGEL_PACK;XIREC;10011.0;4
242300;;SUBMISSION;HYDROGEL_PACK;XIREC;10012.0;5
242400;;SUBMISSION;HYDROGEL_PACK;XIREC;10013.0;5
242500;;SUBMISSION;HYDROGEL_PACK;XIREC;10010.0;3
242600;;SUBMISSION;HYDROGEL_PACK;XIREC;10011.0;4
242700;;SUBMISSION;HYDROGEL_PACK;XIREC;10012.0;5
242800;;SUBMISSION;HYDROGEL_PACK;XIREC;10010.0;3
242900;;SUBMISSION;HYDROGEL_PACK;XIREC;10009.0;2
243000;;SUBMISSION;HYDROGEL_PACK;XIREC;10010.0;3
243200;;SUBMISSION;HYDROGEL_PACK;XIREC;10008.0;2
243300;;SUBMISSION;HYDROGEL_PACK;XIREC;10011.0;4
243400;;SUBMISSION;HYDROGEL_PACK;XIREC;10013.0;5
243500;;SUBMISSION;HYDROGEL_PACK;XIREC;10012.0;5
243600;;SUBMISSION;HYDROGEL_PACK;XIREC;10009.0;2
243700;Mark 01;Mark 22;VEV_5300;XIREC;31.0;2
243700;Mark 01;Mark 22;VEV_5400;XIREC;9.0;2
243700;Mark 01;Mark 22;VEV_5500;XIREC;2.0;2
243700;Mark 01;Mark 22;VEV_6000;XIREC;0.0;2
243700;Mark 01;Mark 22;VEV_6500;XIREC;0.0;2
243800;;SUBMISSION;HYDROGEL_PACK;XIREC;10007.0;1
243900;;SUBMISSION;HYDROGEL_PACK;XIREC;10007.0;1
243900;Mark 55;Mark 14;VELVETFRUIT_EXTRACT;XIREC;5239.0;3
244000;;SUBMISSION;HYDROGEL_PACK;XIREC;10009.0;2
244100;;SUBMISSION;HYDROGEL_PACK;XIREC;10011.0;4
244200;;SUBMISSION;HYDROGEL_PACK;XIREC;10019.0;7
244300;;SUBMISSION;HYDROGEL_PACK;XIREC;10015.0;7
244400;;SUBMISSION;HYDROGEL_PACK;XIREC;10012.0;5
244500;;SUBMISSION;HYDROGEL_PACK;XIREC;10010.0;3
244600;;SUBMISSION;HYDROGEL_PACK;XIREC;10012.0;5
244700;;SUBMISSION;HYDROGEL_PACK;XIREC;10010.0;3
244800;;SUBMISSION;HYDROGEL_PACK;XIREC;10010.0;3
244900;;SUBMISSION;HYDROGEL_PACK;XIREC;10011.0;4
245000;;SUBMISSION;HYDROGEL_PACK;XIREC;10014.0;6
245100;;SUBMISSION;HYDROGEL_PACK;XIREC;10015.0;7
245100;Mark 14;Mark 55;VELVETFRUIT_EXTRACT;XIREC;5229.0;8
245200;;SUBMISSION;HYDROGEL_PACK;XIREC;10015.0;7
245300;;SUBMISSION;HYDROGEL_PACK;XIREC;10018.0;9
245400;;SUBMISSION;HYDROGEL_PACK;XIREC;10018.0;9
245500;;SUBMISSION;HYDROGEL_PACK;XIREC;10019.0;9
245600;;SUBMISSION;HYDROGEL_PACK;XIREC;10019.0;9
245700;;SUBMISSION;HYDROGEL_PACK;XIREC;10019.0;1
245700;Mark 14;Mark 55;VELVETFRUIT_EXTRACT;XIREC;5232.0;3
245900;;SUBMISSION;HYDROGEL_PACK;XIREC;10023.0;11
247000;Mark 38;SUBMISSION;HYDROGEL_PACK;XIREC;10037.0;6
247900;;SUBMISSION;HYDROGEL_PACK;XIREC;10035.0;6
247900;;SUBMISSION;HYDROGEL_PACK;XIREC;10027.0;2
248100;Mark 55;Mark 14;VELVETFRUIT_EXTRACT;XIREC;5239.0;8
250200;Mark 01;Mark 22;VEV_5400;XIREC;9.0;5
250200;Mark 01;Mark 22;VEV_5500;XIREC;2.0;5
250200;Mark 01;Mark 22;VEV_6000;XIREC;0.0;5
250200;Mark 01;Mark 22;VEV_6500;XIREC;0.0;5
251400;Mark 01;Mark 55;VELVETFRUIT_EXTRACT;XIREC;5235.0;4
252100;Mark 55;Mark 01;VELVETFRUIT_EXTRACT;XIREC;5241.0;3
252700;Mark 38;Mark 14;VEV_4000;XIREC;1250.0;1
253400;Mark 14;Mark 22;VEV_5200;XIREC;80.0;5
253400;Mark 01;Mark 22;VEV_5500;XIREC;2.0;5
253400;Mark 01;Mark 22;VEV_6000;XIREC;0.0;5
253400;Mark 01;Mark 22;VEV_6500;XIREC;0.0;5
254000;Mark 67;Mark 22;VELVETFRUIT_EXTRACT;XIREC;5242.0;7
254300;Mark 67;Mark 49;VELVETFRUIT_EXTRACT;XIREC;5239.0;15
254800;Mark 14;Mark 38;HYDROGEL_PACK;XIREC;10031.0;4
254900;Mark 22;Mark 38;HYDROGEL_PACK;XIREC;10036.0;3
256400;Mark 14;Mark 38;HYDROGEL_PACK;XIREC;10032.0;4
258200;Mark 14;Mark 38;HYDROGEL_PACK;XIREC;10010.0;3
259200;Mark 38;SUBMISSION;HYDROGEL_PACK;XIREC;10022.0;4
259900;SUBMISSION;Mark 38;HYDROGEL_PACK;XIREC;10001.0;2
260600;Mark 14;Mark 55;VELVETFRUIT_EXTRACT;XIREC;5228.0;6
261600;SUBMISSION;Mark 38;HYDROGEL_PACK;XIREC;9996.0;6
261700;Mark 55;Mark 01;VELVETFRUIT_EXTRACT;XIREC;5231.0;4
262100;Mark 38;SUBMISSION;HYDROGEL_PACK;XIREC;10010.0;6
262500;Mark 55;Mark 14;VELVETFRUIT_EXTRACT;XIREC;5231.0;5
263200;Mark 14;Mark 38;VEV_4000;XIREC;1216.0;3
263400;Mark 55;Mark 01;VELVETFRUIT_EXTRACT;XIREC;5231.0;3
263500;Mark 55;Mark 14;VELVETFRUIT_EXTRACT;XIREC;5230.0;5
264000;Mark 67;Mark 49;VELVETFRUIT_EXTRACT;XIREC;5230.0;9
265900;SUBMISSION;Mark 38;HYDROGEL_PACK;XIREC;9983.0;6
266300;Mark 38;Mark 14;HYDROGEL_PACK;XIREC;10001.0;6
268100;Mark 38;Mark 14;VEV_4000;XIREC;1247.0;3
268500;Mark 14;Mark 55;VELVETFRUIT_EXTRACT;XIREC;5236.0;3
268800;Mark 38;SUBMISSION;HYDROGEL_PACK;XIREC;10004.0;2
269000;Mark 14;Mark 22;VEV_5200;XIREC;76.0;2
269000;Mark 14;Mark 22;VEV_5300;XIREC;32.0;2
269000;Mark 01;Mark 22;VEV_5400;XIREC;9.0;2
269000;Mark 01;Mark 22;VEV_5500;XIREC;2.0;2
269000;Mark 01;Mark 22;VEV_6000;XIREC;0.0;2
269000;Mark 01;Mark 22;VEV_6500;XIREC;0.0;2
270900;SUBMISSION;Mark 38;HYDROGEL_PACK;XIREC;9995.0;6
272300;Mark 01;Mark 55;VELVETFRUIT_EXTRACT;XIREC;5233.0;6
273400;Mark 01;Mark 22;VEV_5500;XIREC;2.0;5
273400;Mark 01;Mark 22;VEV_6000;XIREC;0.0;5
273400;Mark 01;Mark 22;VEV_6500;XIREC;0.0;5
276600;SUBMISSION;Mark 38;HYDROGEL_PACK;XIREC;10001.0;6
277600;Mark 22;Mark 55;VELVETFRUIT_EXTRACT;XIREC;5241.0;5
277800;SUBMISSION;Mark 38;HYDROGEL_PACK;XIREC;9991.0;6
281100;Mark 14;Mark 55;VELVETFRUIT_EXTRACT;XIREC;5237.0;8
281800;Mark 14;Mark 55;VELVETFRUIT_EXTRACT;XIREC;5237.0;4
281900;Mark 38;SUBMISSION;HYDROGEL_PACK;XIREC;10019.0;2
282100;Mark 01;Mark 55;VELVETFRUIT_EXTRACT;XIREC;5235.0;7
283900;Mark 01;Mark 55;VELVETFRUIT_EXTRACT;XIREC;5237.0;6
284300;;SUBMISSION;HYDROGEL_PACK;XIREC;10021.0;9
284600;Mark 14;Mark 55;VELVETFRUIT_EXTRACT;XIREC;5241.0;7
285600;;SUBMISSION;HYDROGEL_PACK;XIREC;10023.0;2
285600;Mark 67;Mark 22;VELVETFRUIT_EXTRACT;XIREC;5245.0;7
285700;;SUBMISSION;HYDROGEL_PACK;XIREC;10024.0;3
285700;Mark 14;Mark 55;VELVETFRUIT_EXTRACT;XIREC;5243.0;5
285800;;SUBMISSION;HYDROGEL_PACK;XIREC;10025.0;2
285900;;SUBMISSION;HYDROGEL_PACK;XIREC;10026.0;2
285900;Mark 55;Mark 14;VELVETFRUIT_EXTRACT;XIREC;5247.0;8
287000;Mark 01;Mark 55;VELVETFRUIT_EXTRACT;XIREC;5241.0;7
289400;Mark 01;Mark 22;VEV_5300;XIREC;31.0;2
289400;Mark 01;Mark 22;VEV_5400;XIREC;8.0;2
289400;Mark 01;Mark 22;VEV_5500;XIREC;2.0;2
289400;Mark 01;Mark 22;VEV_6000;XIREC;0.0;2
289400;Mark 01;Mark 22;VEV_6500;XIREC;0.0;2
289600;Mark 49;Mark 22;VELVETFRUIT_EXTRACT;XIREC;5234.0;6
290900;Mark 01;Mark 22;VEV_5300;XIREC;29.0;4
290900;Mark 01;Mark 22;VEV_5400;XIREC;8.0;4
290900;Mark 01;Mark 22;VEV_5500;XIREC;1.0;4
290900;Mark 01;Mark 22;VEV_6000;XIREC;0.0;4
290900;Mark 01;Mark 22;VEV_6500;XIREC;0.0;4
292600;Mark 55;Mark 01;VELVETFRUIT_EXTRACT;XIREC;5230.0;7
293300;Mark 14;Mark 55;VELVETFRUIT_EXTRACT;XIREC;5225.0;3
293400;Mark 01;Mark 55;VELVETFRUIT_EXTRACT;XIREC;5223.0;6
294300;Mark 67;Mark 22;VELVETFRUIT_EXTRACT;XIREC;5226.0;10
295400;Mark 01;Mark 55;VELVETFRUIT_EXTRACT;XIREC;5218.0;3
295600;Mark 55;Mark 01;VELVETFRUIT_EXTRACT;XIREC;5221.0;8
296200;Mark 38;SUBMISSION;HYDROGEL_PACK;XIREC;10032.0;6
296500;Mark 38;Mark 14;VEV_4000;XIREC;1232.0;3
298100;Mark 55;Mark 14;VELVETFRUIT_EXTRACT;XIREC;5225.0;5
298800;Mark 01;Mark 55;VELVETFRUIT_EXTRACT;XIREC;5217.0;7
302800;Mark 55;Mark 49;VELVETFRUIT_EXTRACT;XIREC;5224.0;3
303900;Mark 14;Mark 38;VEV_4000;XIREC;1210.0;3
305500;Mark 55;Mark 14;VELVETFRUIT_EXTRACT;XIREC;5226.0;8
306100;SUBMISSION;Mark 38;HYDROGEL_PACK;XIREC;10000.0;4
306300;Mark 55;Mark 01;VELVETFRUIT_EXTRACT;XIREC;5226.0;6
307500;SUBMISSION;;HYDROGEL_PACK;XIREC;9999.0;1
307700;SUBMISSION;;HYDROGEL_PACK;XIREC;10000.0;1
307800;SUBMISSION;;HYDROGEL_PACK;XIREC;9998.0;2
307900;SUBMISSION;;HYDROGEL_PACK;XIREC;10000.0;1
308000;SUBMISSION;;HYDROGEL_PACK;XIREC;9993.0;3
308700;SUBMISSION;;HYDROGEL_PACK;XIREC;10000.0;1
308900;SUBMISSION;;HYDROGEL_PACK;XIREC;9997.0;3
309000;SUBMISSION;;HYDROGEL_PACK;XIREC;9998.0;3
309000;Mark 14;Mark 55;VELVETFRUIT_EXTRACT;XIREC;5220.0;6
309100;SUBMISSION;;HYDROGEL_PACK;XIREC;9996.0;4
309200;SUBMISSION;;HYDROGEL_PACK;XIREC;9999.0;2
309400;SUBMISSION;;HYDROGEL_PACK;XIREC;9999.0;2
309500;SUBMISSION;;HYDROGEL_PACK;XIREC;9999.0;2
310200;SUBMISSION;;HYDROGEL_PACK;XIREC;9998.0;3
310300;SUBMISSION;;HYDROGEL_PACK;XIREC;9997.0;4
310300;Mark 55;Mark 14;VELVETFRUIT_EXTRACT;XIREC;5226.0;3
310400;SUBMISSION;;HYDROGEL_PACK;XIREC;9999.0;2
310500;SUBMISSION;;HYDROGEL_PACK;XIREC;9997.0;4
310600;SUBMISSION;;HYDROGEL_PACK;XIREC;9997.0;4
310600;Mark 38;Mark 14;HYDROGEL_PACK;XIREC;9997.0;5
310700;SUBMISSION;;HYDROGEL_PACK;XIREC;9992.0;8
310800;SUBMISSION;;HYDROGEL_PACK;XIREC;9991.0;9
310900;SUBMISSION;;HYDROGEL_PACK;XIREC;9995.0;5
310900;Mark 55;Mark 49;VELVETFRUIT_EXTRACT;XIREC;5226.0;3
311000;SUBMISSION;;HYDROGEL_PACK;XIREC;9995.0;5
311100;SUBMISSION;;HYDROGEL_PACK;XIREC;9994.0;6
311200;SUBMISSION;;HYDROGEL_PACK;XIREC;9994.0;6
311300;SUBMISSION;;HYDROGEL_PACK;XIREC;9994.0;6
311400;SUBMISSION;;HYDROGEL_PACK;XIREC;9994.0;6
311500;SUBMISSION;;HYDROGEL_PACK;XIREC;9993.0;7
311600;SUBMISSION;;HYDROGEL_PACK;XIREC;9991.0;9
311700;SUBMISSION;;HYDROGEL_PACK;XIREC;9989.0;11
311800;SUBMISSION;;HYDROGEL_PACK;XIREC;9989.0;11
311900;SUBMISSION;;HYDROGEL_PACK;XIREC;9991.0;9
312000;SUBMISSION;;HYDROGEL_PACK;XIREC;9994.0;6
312000;SUBMISSION;Mark 38;HYDROGEL_PACK;XIREC;9979.0;3
312100;SUBMISSION;;HYDROGEL_PACK;XIREC;9996.0;4
312200;SUBMISSION;;HYDROGEL_PACK;XIREC;9995.0;5
312300;SUBMISSION;;HYDROGEL_PACK;XIREC;9993.0;7
312400;SUBMISSION;;HYDROGEL_PACK;XIREC;9990.0;9
312500;SUBMISSION;;HYDROGEL_PACK;XIREC;9988.0;11
312600;SUBMISSION;;HYDROGEL_PACK;XIREC;9991.0;8
312700;SUBMISSION;;HYDROGEL_PACK;XIREC;9989.0;10
312800;SUBMISSION;;HYDROGEL_PACK;XIREC;9990.0;9
312800;SUBMISSION;Mark 38;HYDROGEL_PACK;XIREC;9975.0;5
312900;SUBMISSION;;HYDROGEL_PACK;XIREC;9991.0;8
313000;SUBMISSION;;HYDROGEL_PACK;XIREC;9992.0;7
313100;SUBMISSION;;HYDROGEL_PACK;XIREC;9992.0;7
313200;SUBMISSION;;HYDROGEL_PACK;XIREC;9991.0;8
313300;SUBMISSION;;HYDROGEL_PACK;XIREC;9991.0;5
313400;SUBMISSION;;HYDROGEL_PACK;XIREC;9991.0;8
313500;SUBMISSION;;HYDROGEL_PACK;XIREC;9993.0;6
313600;SUBMISSION;;HYDROGEL_PACK;XIREC;9995.0;5
313700;SUBMISSION;;HYDROGEL_PACK;XIREC;9994.0;6
313800;SUBMISSION;;HYDROGEL_PACK;XIREC;9994.0;6
313900;SUBMISSION;;HYDROGEL_PACK;XIREC;9993.0;6
314100;SUBMISSION;;HYDROGEL_PACK;XIREC;9992.0;3
314800;Mark 38;Mark 14;HYDROGEL_PACK;XIREC;9995.0;2
314900;SUBMISSION;;HYDROGEL_PACK;XIREC;9986.0;5
315800;Mark 01;Mark 22;VEV_5300;XIREC;28.0;3
315800;Mark 01;Mark 22;VEV_5400;XIREC;7.0;3
315800;Mark 01;Mark 22;VEV_5500;XIREC;1.0;3
315800;Mark 01;Mark 22;VEV_6000;XIREC;0.0;3
315800;Mark 01;Mark 22;VEV_6500;XIREC;0.0;3
317100;Mark 14;Mark 55;VELVETFRUIT_EXTRACT;XIREC;5224.0;6
317200;Mark 01;Mark 22;VEV_5300;XIREC;28.0;4
317200;Mark 01;Mark 22;VEV_5400;XIREC;7.0;4
317200;Mark 01;Mark 22;VEV_5500;XIREC;1.0;4
317200;Mark 01;Mark 22;VEV_6000;XIREC;0.0;4
317200;Mark 01;Mark 22;VEV_6500;XIREC;0.0;4
318600;Mark 55;Mark 01;VELVETFRUIT_EXTRACT;XIREC;5228.0;4
318700;SUBMISSION;;HYDROGEL_PACK;XIREC;9990.0;3
319100;Mark 14;Mark 38;VEV_4000;XIREC;1213.0;3
319300;SUBMISSION;;HYDROGEL_PACK;XIREC;9989.0;3
319400;SUBMISSION;;HYDROGEL_PACK;XIREC;9986.0;10
319400;Mark 14;Mark 55;VELVETFRUIT_EXTRACT;XIREC;5222.0;5
319500;SUBMISSION;;HYDROGEL_PACK;XIREC;9983.0;9
319700;Mark 01;Mark 22;VEV_5300;XIREC;27.0;2
319700;Mark 01;Mark 22;VEV_5400;XIREC;7.0;2
319700;Mark 01;Mark 22;VEV_5500;XIREC;1.0;2
319700;Mark 01;Mark 22;VEV_6000;XIREC;0.0;2
319700;Mark 01;Mark 22;VEV_6500;XIREC;0.0;2
319800;SUBMISSION;Mark 38;HYDROGEL_PACK;XIREC;9969.0;2
320200;Mark 55;Mark 01;VELVETFRUIT_EXTRACT;XIREC;5226.0;7
320200;Mark 01;Mark 22;VEV_5300;XIREC;27.0;4
320200;Mark 14;Mark 22;VEV_5400;XIREC;7.0;4
320200;Mark 01;Mark 22;VEV_5500;XIREC;1.0;4
320200;Mark 01;Mark 22;VEV_6000;XIREC;0.0;4
320200;Mark 01;Mark 22;VEV_6500;XIREC;0.0;4
321600;SUBMISSION;;HYDROGEL_PACK;XIREC;9978.0;2
321900;Mark 38;Mark 14;HYDROGEL_PACK;XIREC;9979.0;2
323300;Mark 55;Mark 01;VELVETFRUIT_EXTRACT;XIREC;5229.0;7
323600;SUBMISSION;Mark 38;HYDROGEL_PACK;XIREC;9966.0;2
323600;Mark 14;Mark 38;VEV_4000;XIREC;1218.0;1
326700;Mark 55;Mark 14;VELVETFRUIT_EXTRACT;XIREC;5235.0;3
326800;Mark 01;Mark 55;VELVETFRUIT_EXTRACT;XIREC;5229.0;8
328200;Mark 14;Mark 55;VELVETFRUIT_EXTRACT;XIREC;5227.0;3
328700;Mark 14;Mark 22;VEV_5200;XIREC;72.0;3
328700;Mark 01;Mark 22;VEV_5300;XIREC;29.0;3
328700;Mark 01;Mark 22;VEV_5400;XIREC;7.0;3
328700;Mark 01;Mark 22;VEV_5500;XIREC;1.0;3
328700;Mark 01;Mark 22;VEV_6000;XIREC;0.0;3
328700;Mark 01;Mark 22;VEV_6500;XIREC;0.0;3
329200;Mark 14;Mark 22;VEV_5200;XIREC;73.0;5
329200;Mark 14;Mark 22;VEV_5300;XIREC;30.0;5
329200;Mark 01;Mark 22;VEV_5500;XIREC;1.0;5
329200;Mark 01;Mark 22;VEV_6000;XIREC;0.0;5
329200;Mark 01;Mark 22;VEV_6500;XIREC;0.0;5
329600;Mark 38;Mark 14;HYDROGEL_PACK;XIREC;10000.0;2
330100;Mark 55;Mark 14;VELVETFRUIT_EXTRACT;XIREC;5241.0;3
330700;SUBMISSION;Mark 38;HYDROGEL_PACK;XIREC;9979.0;3
332000;Mark 14;Mark 55;VELVETFRUIT_EXTRACT;XIREC;5238.0;8
332600;Mark 01;Mark 22;VEV_5300;XIREC;32.0;2
332600;Mark 01;Mark 22;VEV_5400;XIREC;8.0;2
332600;Mark 01;Mark 22;VEV_5500;XIREC;2.0;2
332600;Mark 01;Mark 22;VEV_6000;XIREC;0.0;2
332600;Mark 01;Mark 22;VEV_6500;XIREC;0.0;2
332700;SUBMISSION;Mark 38;HYDROGEL_PACK;XIREC;9987.0;5
332800;Mark 14;Mark 55;VELVETFRUIT_EXTRACT;XIREC;5235.0;6
332900;Mark 38;Mark 14;VEV_4000;XIREC;1247.0;3
333600;Mark 14;Mark 55;VELVETFRUIT_EXTRACT;XIREC;5232.0;6
334800;Mark 38;Mark 14;HYDROGEL_PACK;XIREC;10000.0;6
334800;Mark 38;Mark 14;VEV_4000;XIREC;1247.0;2
336500;;SUBMISSION;HYDROGEL_PACK;XIREC;10007.0;2
336600;;SUBMISSION;HYDROGEL_PACK;XIREC;10006.0;1
336700;;SUBMISSION;HYDROGEL_PACK;XIREC;10006.0;1
336800;;SUBMISSION;HYDROGEL_PACK;XIREC;10007.0;2
336900;;SUBMISSION;HYDROGEL_PACK;XIREC;10007.0;2
337000;;SUBMISSION;HYDROGEL_PACK;XIREC;10009.0;3
337100;;SUBMISSION;HYDROGEL_PACK;XIREC;10010.0;4
337200;;SUBMISSION;HYDROGEL_PACK;XIREC;10010.0;4
337300;;SUBMISSION;HYDROGEL_PACK;XIREC;10010.0;4
337400;;SUBMISSION;HYDROGEL_PACK;XIREC;10012.0;6
337500;;SUBMISSION;HYDROGEL_PACK;XIREC;10015.0;8
337600;;SUBMISSION;HYDROGEL_PACK;XIREC;10016.0;9
337700;;SUBMISSION;HYDROGEL_PACK;XIREC;10020.0;11
337700;;SUBMISSION;HYDROGEL_PACK;XIREC;10017.0;1
337800;;SUBMISSION;HYDROGEL_PACK;XIREC;10019.0;11
337900;;SUBMISSION;HYDROGEL_PACK;XIREC;10018.0;10
338000;;SUBMISSION;HYDROGEL_PACK;XIREC;10020.0;11
338100;;SUBMISSION;HYDROGEL_PACK;XIREC;10019.0;11
338200;;SUBMISSION;HYDROGEL_PACK;XIREC;10017.0;9
338300;;SUBMISSION;HYDROGEL_PACK;XIREC;10017.0;9
338400;;SUBMISSION;HYDROGEL_PACK;XIREC;10018.0;10
338500;;SUBMISSION;HYDROGEL_PACK;XIREC;10015.0;7
338600;;SUBMISSION;HYDROGEL_PACK;XIREC;10014.0;7
338700;;SUBMISSION;HYDROGEL_PACK;XIREC;10014.0;7
338800;;SUBMISSION;HYDROGEL_PACK;XIREC;10014.0;7
338900;;SUBMISSION;HYDROGEL_PACK;XIREC;10016.0;8
339000;;SUBMISSION;HYDROGEL_PACK;XIREC;10017.0;9
339000;Mark 14;Mark 38;HYDROGEL_PACK;XIREC;10017.0;3
339100;;SUBMISSION;HYDROGEL_PACK;XIREC;10020.0;11
339200;;SUBMISSION;HYDROGEL_PACK;XIREC;10019.0;10
339300;;SUBMISSION;HYDROGEL_PACK;XIREC;10017.0;9
339400;;SUBMISSION;HYDROGEL_PACK;XIREC;10016.0;8
339500;;SUBMISSION;HYDROGEL_PACK;XIREC;10014.0;6
339600;;SUBMISSION;HYDROGEL_PACK;XIREC;10014.0;6
339700;;SUBMISSION;HYDROGEL_PACK;XIREC;10012.0;5
339800;;SUBMISSION;HYDROGEL_PACK;XIREC;10010.0;3
339800;Mark 38;Mark 14;VEV_4000;XIREC;1240.0;1
339900;;SUBMISSION;HYDROGEL_PACK;XIREC;10011.0;4
339900;Mark 01;Mark 55;VELVETFRUIT_EXTRACT;XIREC;5228.0;3
340000;;SUBMISSION;HYDROGEL_PACK;XIREC;10008.0;2
340100;;SUBMISSION;HYDROGEL_PACK;XIREC;10009.0;3
340200;;SUBMISSION;HYDROGEL_PACK;XIREC;10011.0;4
340300;;SUBMISSION;HYDROGEL_PACK;XIREC;10014.0;6
340400;;SUBMISSION;HYDROGEL_PACK;XIREC;10011.0;4
340500;;SUBMISSION;HYDROGEL_PACK;XIREC;10009.0;3
340600;;SUBMISSION;HYDROGEL_PACK;XIREC;10008.0;2
340700;;SUBMISSION;HYDROGEL_PACK;XIREC;10009.0;3
340800;;SUBMISSION;HYDROGEL_PACK;XIREC;10009.0;3
340900;;SUBMISSION;HYDROGEL_PACK;XIREC;10008.0;2
341300;;SUBMISSION;HYDROGEL_PACK;XIREC;10008.0;2
341400;;SUBMISSION;HYDROGEL_PACK;XIREC;10010.0;3
341500;;SUBMISSION;HYDROGEL_PACK;XIREC;10013.0;6
341600;;SUBMISSION;HYDROGEL_PACK;XIREC;10012.0;5
341700;;SUBMISSION;HYDROGEL_PACK;XIREC;10013.0;6
341800;;SUBMISSION;HYDROGEL_PACK;XIREC;10015.0;7
341900;;SUBMISSION;HYDROGEL_PACK;XIREC;10022.0;12
342000;;SUBMISSION;HYDROGEL_PACK;XIREC;10023.0;11
342000;;SUBMISSION;HYDROGEL_PACK;XIREC;10020.0;2
342100;;SUBMISSION;HYDROGEL_PACK;XIREC;10024.0;3
342700;;SUBMISSION;HYDROGEL_PACK;XIREC;10028.0;8
342900;;SUBMISSION;HYDROGEL_PACK;XIREC;10030.0;1
344400;Mark 38;Mark 14;VEV_4000;XIREC;1239.0;1
344800;Mark 38;SUBMISSION;HYDROGEL_PACK;XIREC;10040.0;6
345900;Mark 38;Mark 14;VEV_4000;XIREC;1240.0;2
346200;Mark 14;Mark 38;HYDROGEL_PACK;XIREC;10021.0;2
346200;Mark 01;Mark 22;VEV_5400;XIREC;7.0;3
346200;Mark 01;Mark 22;VEV_5500;XIREC;1.0;3
346200;Mark 01;Mark 22;VEV_6000;XIREC;0.0;3
346200;Mark 01;Mark 22;VEV_6500;XIREC;0.0;3
346900;Mark 01;Mark 55;VELVETFRUIT_EXTRACT;XIREC;5221.0;3
347100;Mark 38;SUBMISSION;HYDROGEL_PACK;XIREC;10044.0;5
349100;Mark 67;Mark 22;VELVETFRUIT_EXTRACT;XIREC;5220.0;6
349700;Mark 38;SUBMISSION;HYDROGEL_PACK;XIREC;10039.0;2
350300;Mark 14;Mark 22;VEV_5200;XIREC;68.0;4
350300;Mark 01;Mark 22;VEV_5300;XIREC;27.0;4
350300;Mark 01;Mark 22;VEV_5500;XIREC;1.0;4
350300;Mark 01;Mark 22;VEV_6000;XIREC;0.0;4
350300;Mark 01;Mark 22;VEV_6500;XIREC;0.0;4
352000;Mark 67;Mark 49;VELVETFRUIT_EXTRACT;XIREC;5221.0;9
357500;Mark 67;Mark 49;VELVETFRUIT_EXTRACT;XIREC;5216.0;11
358100;Mark 38;SUBMISSION;HYDROGEL_PACK;XIREC;10042.0;3
358100;Mark 14;Mark 38;VEV_4000;XIREC;1206.0;1
360100;Mark 14;Mark 38;HYDROGEL_PACK;XIREC;10022.0;3
360300;Mark 55;Mark 01;VELVETFRUIT_EXTRACT;XIREC;5219.0;5
361700;Mark 38;SUBMISSION;HYDROGEL_PACK;XIREC;10035.0;3
362400;Mark 38;Mark 14;VEV_4000;XIREC;1229.0;3
363100;Mark 01;Mark 22;VEV_5200;XIREC;68.0;2
363100;Mark 01;Mark 22;VEV_5300;XIREC;27.0;2
363100;Mark 01;Mark 22;VEV_5400;XIREC;6.0;2
363100;Mark 01;Mark 22;VEV_5500;XIREC;1.0;2
363100;Mark 01;Mark 22;VEV_6000;XIREC;0.0;2
363100;Mark 01;Mark 22;VEV_6500;XIREC;0.0;2
363400;Mark 55;Mark 14;VELVETFRUIT_EXTRACT;XIREC;5228.0;8
363700;Mark 38;SUBMISSION;HYDROGEL_PACK;XIREC;10033.0;3
364600;Mark 14;Mark 55;VELVETFRUIT_EXTRACT;XIREC;5221.0;6
364700;Mark 01;Mark 22;VEV_5300;XIREC;27.0;3
364700;Mark 01;Mark 22;VEV_5400;XIREC;6.0;3
364700;Mark 01;Mark 22;VEV_5500;XIREC;1.0;3
364700;Mark 01;Mark 22;VEV_6000;XIREC;0.0;3
364700;Mark 01;Mark 22;VEV_6500;XIREC;0.0;3
366200;Mark 38;SUBMISSION;HYDROGEL_PACK;XIREC;10045.0;4
366700;Mark 38;SUBMISSION;HYDROGEL_PACK;XIREC;10045.0;3
367300;Mark 55;Mark 14;VELVETFRUIT_EXTRACT;XIREC;5228.0;5
367700;Mark 55;Mark 14;VELVETFRUIT_EXTRACT;XIREC;5230.0;4
368400;Mark 14;Mark 38;HYDROGEL_PACK;XIREC;10031.0;3
368900;Mark 14;Mark 38;HYDROGEL_PACK;XIREC;10026.0;5
369300;Mark 55;Mark 14;VELVETFRUIT_EXTRACT;XIREC;5231.0;5
369800;Mark 14;Mark 22;VEV_5200;XIREC;70.0;5
369800;Mark 01;Mark 22;VEV_5300;XIREC;28.0;5
369800;Mark 01;Mark 22;VEV_5400;XIREC;7.0;5
369800;Mark 01;Mark 22;VEV_5500;XIREC;1.0;5
369800;Mark 01;Mark 22;VEV_6000;XIREC;0.0;5
369800;Mark 01;Mark 22;VEV_6500;XIREC;0.0;5
370100;Mark 22;Mark 38;VEV_4000;XIREC;1226.0;3
370100;Mark 22;Mark 38;VEV_4500;XIREC;726.0;3
370100;Mark 22;Mark 38;VEV_5000;XIREC;229.0;3
370100;Mark 22;Mark 38;VEV_5100;XIREC;139.0;3
370100;Mark 22;Mark 38;VEV_5200;XIREC;69.0;3
370100;Mark 22;Mark 38;VEV_5300;XIREC;28.0;3
370200;Mark 14;Mark 38;HYDROGEL_PACK;XIREC;10028.0;4
370900;Mark 14;Mark 38;HYDROGEL_PACK;XIREC;10030.0;3
371300;Mark 55;Mark 14;VELVETFRUIT_EXTRACT;XIREC;5233.0;6
371900;Mark 01;Mark 55;VELVETFRUIT_EXTRACT;XIREC;5229.0;4
372800;Mark 55;Mark 14;VELVETFRUIT_EXTRACT;XIREC;5235.0;4
373000;Mark 01;Mark 55;VELVETFRUIT_EXTRACT;XIREC;5229.0;6
373200;Mark 14;Mark 38;VEV_4000;XIREC;1224.0;3
376000;Mark 01;Mark 55;VELVETFRUIT_EXTRACT;XIREC;5235.0;8
376200;Mark 14;Mark 55;VELVETFRUIT_EXTRACT;XIREC;5233.0;4
377800;Mark 14;Mark 38;HYDROGEL_PACK;XIREC;10034.0;5
378400;Mark 14;Mark 55;VELVETFRUIT_EXTRACT;XIREC;5239.0;7
379400;Mark 14;Mark 38;VEV_4000;XIREC;1234.0;1
380200;Mark 38;SUBMISSION;HYDROGEL_PACK;XIREC;10033.0;2
380200;Mark 38;Mark 14;HYDROGEL_PACK;XIREC;10034.0;4
380200;Mark 55;Mark 01;VELVETFRUIT_EXTRACT;XIREC;5247.0;5
380700;Mark 55;Mark 14;VELVETFRUIT_EXTRACT;XIREC;5249.0;3
381000;Mark 14;Mark 38;HYDROGEL_PACK;XIREC;10020.0;3
382600;Mark 55;Mark 01;VELVETFRUIT_EXTRACT;XIREC;5254.0;5
385400;Mark 01;Mark 22;VEV_5300;XIREC;32.0;4
385400;Mark 01;Mark 22;VEV_5400;XIREC;8.0;4
385400;Mark 01;Mark 22;VEV_5500;XIREC;2.0;4
385400;Mark 01;Mark 22;VEV_6000;XIREC;0.0;4
385400;Mark 01;Mark 22;VEV_6500;XIREC;0.0;4
386400;Mark 14;Mark 38;HYDROGEL_PACK;XIREC;10006.0;5
387000;Mark 55;Mark 14;VELVETFRUIT_EXTRACT;XIREC;5246.0;4
389100;Mark 01;Mark 22;VEV_5300;XIREC;32.0;2
389100;Mark 01;Mark 22;VEV_5400;XIREC;8.0;2
389100;Mark 01;Mark 22;VEV_5500;XIREC;2.0;2
389100;Mark 01;Mark 22;VEV_6000;XIREC;0.0;2
389100;Mark 01;Mark 22;VEV_6500;XIREC;0.0;2
389200;Mark 14;Mark 38;HYDROGEL_PACK;XIREC;10006.0;2
389300;Mark 38;Mark 14;VEV_4000;XIREC;1250.0;3
389800;Mark 01;Mark 55;VELVETFRUIT_EXTRACT;XIREC;5242.0;5
390200;SUBMISSION;Mark 38;HYDROGEL_PACK;XIREC;9997.0;2
390600;SUBMISSION;Mark 38;HYDROGEL_PACK;XIREC;10001.0;6
391200;Mark 14;Mark 38;HYDROGEL_PACK;XIREC;10003.0;2
391400;Mark 01;Mark 22;VEV_5300;XIREC;34.0;4
391400;Mark 01;Mark 22;VEV_5400;XIREC;9.0;4
391400;Mark 01;Mark 22;VEV_5500;XIREC;2.0;4
391400;Mark 01;Mark 22;VEV_6000;XIREC;0.0;4
391400;Mark 01;Mark 22;VEV_6500;XIREC;0.0;4
391700;Mark 38;SUBMISSION;HYDROGEL_PACK;XIREC;10025.0;4
391900;Mark 14;Mark 38;HYDROGEL_PACK;XIREC;10010.0;4
392500;Mark 38;Mark 14;VEV_4000;XIREC;1258.0;1
394800;Mark 14;Mark 38;HYDROGEL_PACK;XIREC;10007.0;6
395400;Mark 38;Mark 14;VEV_4000;XIREC;1259.0;3
395500;Mark 38;SUBMISSION;HYDROGEL_PACK;XIREC;10030.0;3
396000;Mark 14;Mark 22;VEV_5200;XIREC;85.0;4
396000;Mark 01;Mark 22;VEV_5400;XIREC;10.0;4
396000;Mark 01;Mark 22;VEV_5500;XIREC;2.0;4
396000;Mark 01;Mark 22;VEV_6000;XIREC;0.0;4
396000;Mark 01;Mark 22;VEV_6500;XIREC;0.0;4
396500;Mark 38;SUBMISSION;HYDROGEL_PACK;XIREC;10017.0;2
396500;Mark 38;Mark 22;HYDROGEL_PACK;XIREC;10018.0;3
396700;Mark 38;Mark 14;VEV_4000;XIREC;1263.0;3
397000;Mark 38;SUBMISSION;HYDROGEL_PACK;XIREC;10026.0;2
397100;Mark 38;SUBMISSION;HYDROGEL_PACK;XIREC;10027.0;1
397100;Mark 38;Mark 14;HYDROGEL_PACK;XIREC;10028.0;4
397200;Mark 55;Mark 01;VELVETFRUIT_EXTRACT;XIREC;5255.0;5
397300;Mark 38;Mark 14;VEV_4000;XIREC;1262.0;1
397900;Mark 38;Mark 14;VEV_4000;XIREC;1262.0;2
398500;Mark 14;Mark 38;HYDROGEL_PACK;XIREC;10015.0;6
398900;Mark 55;Mark 14;VELVETFRUIT_EXTRACT;XIREC;5253.0;6
399000;Mark 14;Mark 55;VELVETFRUIT_EXTRACT;XIREC;5248.0;5
399000;Mark 14;Mark 38;VEV_4000;XIREC;1240.0;1
399600;Mark 01;Mark 55;VELVETFRUIT_EXTRACT;XIREC;5252.0;6
399800;Mark 14;Mark 55;VELVETFRUIT_EXTRACT;XIREC;5251.0;6
400200;Mark 38;SUBMISSION;HYDROGEL_PACK;XIREC;10022.0;1
400200;Mark 38;Mark 14;HYDROGEL_PACK;XIREC;10023.0;2
402000;Mark 14;Mark 38;VEV_4000;XIREC;1241.0;3
404000;Mark 14;Mark 55;VELVETFRUIT_EXTRACT;XIREC;5248.0;6
404300;SUBMISSION;Mark 38;HYDROGEL_PACK;XIREC;9994.0;6
404400;SUBMISSION;;HYDROGEL_PACK;XIREC;9999.0;4
405400;Mark 67;Mark 22;VELVETFRUIT_EXTRACT;XIREC;5241.0;8
406500;Mark 67;Mark 49;VELVETFRUIT_EXTRACT;XIREC;5236.0;14
406800;Mark 38;Mark 14;HYDROGEL_PACK;XIREC;10002.0;6
406900;Mark 14;Mark 38;VEV_4000;XIREC;1225.0;1
409100;SUBMISSION;Mark 38;HYDROGEL_PACK;XIREC;9980.0;3
409700;Mark 14;Mark 55;VELVETFRUIT_EXTRACT;XIREC;5232.0;4
409800;SUBMISSION;;HYDROGEL_PACK;XIREC;9993.0;2
409900;SUBMISSION;;HYDROGEL_PACK;XIREC;9994.0;1
410000;SUBMISSION;;HYDROGEL_PACK;XIREC;9992.0;2
410100;SUBMISSION;;HYDROGEL_PACK;XIREC;9987.0;5
410200;SUBMISSION;;HYDROGEL_PACK;XIREC;9985.0;6
410300;SUBMISSION;;HYDROGEL_PACK;XIREC;9984.0;7
410400;SUBMISSION;;HYDROGEL_PACK;XIREC;9984.0;7
410500;SUBMISSION;;HYDROGEL_PACK;XIREC;9981.0;8
410600;SUBMISSION;;HYDROGEL_PACK;XIREC;9982.0;8
410700;SUBMISSION;;HYDROGEL_PACK;XIREC;9981.0;8
410800;SUBMISSION;;HYDROGEL_PACK;XIREC;9980.0;9
410800;Mark 14;Mark 38;VEV_4000;XIREC;1223.0;1
410900;SUBMISSION;;HYDROGEL_PACK;XIREC;9981.0;8
411000;SUBMISSION;;HYDROGEL_PACK;XIREC;9982.0;8
411100;SUBMISSION;;HYDROGEL_PACK;XIREC;9984.0;7
411200;SUBMISSION;;HYDROGEL_PACK;XIREC;9986.0;5
411300;SUBMISSION;;HYDROGEL_PACK;XIREC;9987.0;5
411400;SUBMISSION;;HYDROGEL_PACK;XIREC;9987.0;5
411500;SUBMISSION;;HYDROGEL_PACK;XIREC;9990.0;3
411600;SUBMISSION;;HYDROGEL_PACK;XIREC;9993.0;1
411800;Mark 14;Mark 55;VELVETFRUIT_EXTRACT;XIREC;5229.0;3
412200;SUBMISSION;;HYDROGEL_PACK;XIREC;9994.0;1
412300;SUBMISSION;;HYDROGEL_PACK;XIREC;9991.0;3
412400;SUBMISSION;;HYDROGEL_PACK;XIREC;9983.0;5
412500;SUBMISSION;;HYDROGEL_PACK;XIREC;9993.0;1
412600;SUBMISSION;;HYDROGEL_PACK;XIREC;9993.0;1
412700;SUBMISSION;;HYDROGEL_PACK;XIREC;9992.0;2
412800;SUBMISSION;;HYDROGEL_PACK;XIREC;9993.0;1
415000;SUBMISSION;;HYDROGEL_PACK;XIREC;9994.0;1
415400;SUBMISSION;;HYDROGEL_PACK;XIREC;9995.0;1
417100;Mark 38;SUBMISSION;HYDROGEL_PACK;XIREC;10012.0;4
418200;Mark 55;Mark 01;VELVETFRUIT_EXTRACT;XIREC;5229.0;6
418800;;SUBMISSION;HYDROGEL_PACK;XIREC;10008.0;1
418900;;SUBMISSION;HYDROGEL_PACK;XIREC;10008.0;1
419000;;SUBMISSION;HYDROGEL_PACK;XIREC;10011.0;3
419100;;SUBMISSION;HYDROGEL_PACK;XIREC;10013.0;4
419200;;SUBMISSION;HYDROGEL_PACK;XIREC;10013.0;4
419200;Mark 14;Mark 38;HYDROGEL_PACK;XIREC;10013.0;2
419300;;SUBMISSION;HYDROGEL_PACK;XIREC;10014.0;5
419400;;SUBMISSION;HYDROGEL_PACK;XIREC;10014.0;5
419500;;SUBMISSION;HYDROGEL_PACK;XIREC;10016.0;6
419600;;SUBMISSION;HYDROGEL_PACK;XIREC;10016.0;6
419700;;SUBMISSION;HYDROGEL_PACK;XIREC;10016.0;6
419800;;SUBMISSION;HYDROGEL_PACK;XIREC;10015.0;5
420300;Mark 38;Mark 14;VEV_4000;XIREC;1241.0;1
420600;;SUBMISSION;HYDROGEL_PACK;XIREC;10017.0;2
422800;Mark 14;Mark 38;VEV_4000;XIREC;1219.0;1
423300;;SUBMISSION;HYDROGEL_PACK;XIREC;10015.0;6
423400;;SUBMISSION;HYDROGEL_PACK;XIREC;10016.0;2
423700;;SUBMISSION;HYDROGEL_PACK;XIREC;10018.0;5
423800;;SUBMISSION;HYDROGEL_PACK;XIREC;10021.0;8
423900;;SUBMISSION;HYDROGEL_PACK;XIREC;10021.0;1
424000;;SUBMISSION;HYDROGEL_PACK;XIREC;10023.0;4
424000;Mark 38;SUBMISSION;HYDROGEL_PACK;XIREC;10038.0;4
424300;;SUBMISSION;HYDROGEL_PACK;XIREC;10027.0;5
425700;;SUBMISSION;HYDROGEL_PACK;XIREC;10032.0;8
425800;;SUBMISSION;HYDROGEL_PACK;XIREC;10033.0;2
425900;;SUBMISSION;HYDROGEL_PACK;XIREC;10034.0;1
426600;Mark 55;Mark 14;VELVETFRUIT_EXTRACT;XIREC;5220.0;6
427800;Mark 38;Mark 14;VEV_4000;XIREC;1228.0;1
428600;Mark 14;Mark 38;VEV_4000;XIREC;1208.0;1
428900;Mark 14;Mark 22;VEV_5200;XIREC;65.0;5
428900;Mark 01;Mark 22;VEV_5300;XIREC;25.0;5
428900;Mark 01;Mark 22;VEV_5400;XIREC;6.0;5
428900;Mark 01;Mark 22;VEV_5500;XIREC;1.0;5
428900;Mark 01;Mark 22;VEV_6000;XIREC;0.0;5
428900;Mark 01;Mark 22;VEV_6500;XIREC;0.0;5
429300;Mark 55;Mark 14;VELVETFRUIT_EXTRACT;XIREC;5219.0;7
429500;Mark 55;Mark 14;VELVETFRUIT_EXTRACT;XIREC;5221.0;4
430100;Mark 55;Mark 01;VELVETFRUIT_EXTRACT;XIREC;5217.0;6
431900;Mark 01;Mark 22;VEV_5200;XIREC;63.0;5
431900;Mark 01;Mark 22;VEV_5300;XIREC;24.0;5
431900;Mark 01;Mark 22;VEV_5400;XIREC;5.0;5
431900;Mark 01;Mark 22;VEV_5500;XIREC;1.0;5
431900;Mark 01;Mark 22;VEV_6000;XIREC;0.0;5
431900;Mark 01;Mark 22;VEV_6500;XIREC;0.0;5
432800;Mark 55;Mark 01;VELVETFRUIT_EXTRACT;XIREC;5221.0;7
434200;Mark 14;Mark 38;VEV_4000;XIREC;1203.0;2
434400;Mark 38;SUBMISSION;HYDROGEL_PACK;XIREC;10032.0;4
436000;Mark 38;SUBMISSION;HYDROGEL_PACK;XIREC;10050.0;2
437400;Mark 55;Mark 14;VELVETFRUIT_EXTRACT;XIREC;5220.0;5
437500;Mark 55;Mark 14;VELVETFRUIT_EXTRACT;XIREC;5220.0;6
438800;Mark 38;SUBMISSION;HYDROGEL_PACK;XIREC;10050.0;6
439100;Mark 38;SUBMISSION;HYDROGEL_PACK;XIREC;10050.0;3
439700;Mark 14;Mark 55;VELVETFRUIT_EXTRACT;XIREC;5215.0;3
441900;Mark 55;Mark 14;VELVETFRUIT_EXTRACT;XIREC;5219.0;5
442200;Mark 01;Mark 22;VEV_5300;XIREC;23.0;2
442200;Mark 01;Mark 22;VEV_5400;XIREC;5.0;2
442200;Mark 01;Mark 22;VEV_5500;XIREC;1.0;2
442200;Mark 01;Mark 22;VEV_6000;XIREC;0.0;2
442200;Mark 01;Mark 22;VEV_6500;XIREC;0.0;2
442400;Mark 01;Mark 55;VELVETFRUIT_EXTRACT;XIREC;5213.0;6
442900;Mark 38;SUBMISSION;HYDROGEL_PACK;XIREC;10051.0;2
443100;Mark 67;Mark 49;VELVETFRUIT_EXTRACT;XIREC;5217.0;11
444100;Mark 01;Mark 55;VELVETFRUIT_EXTRACT;XIREC;5215.0;8
444500;Mark 55;Mark 01;VELVETFRUIT_EXTRACT;XIREC;5218.0;8
445000;Mark 14;Mark 55;VELVETFRUIT_EXTRACT;XIREC;5212.0;6
446100;Mark 38;SUBMISSION;HYDROGEL_PACK;XIREC;10053.0;2
446200;Mark 01;Mark 55;VELVETFRUIT_EXTRACT;XIREC;5209.0;7
448000;Mark 55;Mark 14;VELVETFRUIT_EXTRACT;XIREC;5210.0;4
450300;Mark 49;Mark 22;VELVETFRUIT_EXTRACT;XIREC;5214.0;10
450700;Mark 01;Mark 55;VELVETFRUIT_EXTRACT;XIREC;5210.0;6
451000;Mark 14;Mark 38;HYDROGEL_PACK;XIREC;10043.0;4
451300;Mark 38;SUBMISSION;HYDROGEL_PACK;XIREC;10052.0;6
451300;Mark 14;Mark 22;VEV_5300;XIREC;23.0;3
451300;Mark 01;Mark 22;VEV_5400;XIREC;5.0;3
451300;Mark 01;Mark 22;VEV_5500;XIREC;1.0;3
451300;Mark 01;Mark 22;VEV_6000;XIREC;0.0;3
451300;Mark 01;Mark 22;VEV_6500;XIREC;0.0;3
451600;Mark 14;Mark 38;HYDROGEL_PACK;XIREC;10040.0;2
452100;Mark 38;Mark 14;VEV_4000;XIREC;1218.0;1
452800;Mark 14;Mark 38;VEV_4000;XIREC;1201.0;1
453000;Mark 14;Mark 38;HYDROGEL_PACK;XIREC;10046.0;4
454000;Mark 55;Mark 01;VELVETFRUIT_EXTRACT;XIREC;5212.0;4
454100;Mark 14;Mark 55;VELVETFRUIT_EXTRACT;XIREC;5207.0;6
454500;Mark 14;Mark 55;VELVETFRUIT_EXTRACT;XIREC;5211.0;3
454900;Mark 38;SUBMISSION;HYDROGEL_PACK;XIREC;10067.0;2
456100;Mark 14;Mark 55;VELVETFRUIT_EXTRACT;XIREC;5210.0;3
456400;Mark 55;Mark 01;VELVETFRUIT_EXTRACT;XIREC;5217.0;6
456600;Mark 01;Mark 22;VEV_5300;XIREC;23.0;2
456600;Mark 01;Mark 22;VEV_5400;XIREC;5.0;2
456600;Mark 01;Mark 22;VEV_5500;XIREC;1.0;2
456600;Mark 01;Mark 22;VEV_6000;XIREC;0.0;2
456600;Mark 01;Mark 22;VEV_6500;XIREC;0.0;2
457800;Mark 55;Mark 14;VELVETFRUIT_EXTRACT;XIREC;5214.0;3
459700;Mark 14;Mark 38;HYDROGEL_PACK;XIREC;10073.0;4
459800;Mark 01;Mark 22;VEV_5300;XIREC;23.0;2
459800;Mark 01;Mark 22;VEV_5400;XIREC;5.0;2
459800;Mark 01;Mark 22;VEV_5500;XIREC;1.0;2
459800;Mark 01;Mark 22;VEV_6000;XIREC;0.0;2
459800;Mark 01;Mark 22;VEV_6500;XIREC;0.0;2
461400;Mark 38;SUBMISSION;HYDROGEL_PACK;XIREC;10079.0;4
462100;Mark 67;Mark 22;VELVETFRUIT_EXTRACT;XIREC;5212.0;9
465000;Mark 14;Mark 38;HYDROGEL_PACK;XIREC;10051.0;6
465500;Mark 14;Mark 38;VEV_4000;XIREC;1207.0;1
465600;Mark 38;SUBMISSION;HYDROGEL_PACK;XIREC;10065.0;3
465600;Mark 38;Mark 14;HYDROGEL_PACK;XIREC;10066.0;3
466400;Mark 14;Mark 38;HYDROGEL_PACK;XIREC;10050.0;3
466900;Mark 14;Mark 38;HYDROGEL_PACK;XIREC;10049.0;5
467300;Mark 14;Mark 55;VELVETFRUIT_EXTRACT;XIREC;5213.0;7
469100;Mark 01;Mark 55;VELVETFRUIT_EXTRACT;XIREC;5208.0;3
471200;Mark 38;Mark 14;VEV_4000;XIREC;1222.0;1
471700;Mark 14;Mark 55;VELVETFRUIT_EXTRACT;XIREC;5209.0;5
473400;Mark 38;SUBMISSION;HYDROGEL_PACK;XIREC;10060.0;2
473400;Mark 38;Mark 14;HYDROGEL_PACK;XIREC;10061.0;4
474600;Mark 14;Mark 38;HYDROGEL_PACK;XIREC;10041.0;4
476800;Mark 14;Mark 38;HYDROGEL_PACK;XIREC;10029.0;2
476900;Mark 14;Mark 38;HYDROGEL_PACK;XIREC;10028.0;4
477000;Mark 14;Mark 55;VELVETFRUIT_EXTRACT;XIREC;5210.0;5
478700;Mark 55;Mark 14;VELVETFRUIT_EXTRACT;XIREC;5220.0;4
480000;Mark 14;Mark 38;VEV_4000;XIREC;1207.0;1
480200;Mark 38;SUBMISSION;HYDROGEL_PACK;XIREC;10039.0;1
480200;Mark 38;Mark 14;HYDROGEL_PACK;XIREC;10040.0;4
481200;Mark 14;Mark 38;HYDROGEL_PACK;XIREC;10020.0;4
481700;Mark 38;Mark 14;VEV_4000;XIREC;1225.0;2
483900;Mark 01;Mark 22;VEV_5300;XIREC;22.0;3
483900;Mark 01;Mark 22;VEV_5500;XIREC;1.0;3
483900;Mark 01;Mark 22;VEV_6000;XIREC;0.0;3
483900;Mark 01;Mark 22;VEV_6500;XIREC;0.0;3
485400;Mark 55;Mark 01;VELVETFRUIT_EXTRACT;XIREC;5218.0;3
485500;Mark 01;Mark 22;VEV_5400;XIREC;5.0;2
485500;Mark 01;Mark 22;VEV_5500;XIREC;1.0;2
485500;Mark 01;Mark 22;VEV_6000;XIREC;0.0;2
485500;Mark 01;Mark 22;VEV_6500;XIREC;0.0;2
486800;Mark 38;Mark 14;HYDROGEL_PACK;XIREC;10059.0;4
489800;Mark 14;Mark 55;VELVETFRUIT_EXTRACT;XIREC;5210.0;8
489900;Mark 38;Mark 14;VEV_4000;XIREC;1222.0;3
490700;Mark 38;Mark 14;HYDROGEL_PACK;XIREC;10057.0;4
491400;Mark 38;Mark 14;VEV_4000;XIREC;1218.0;1
491500;Mark 14;Mark 38;VEV_4000;XIREC;1199.0;2
492500;Mark 38;Mark 14;VEV_4000;XIREC;1223.0;2
493200;Mark 01;Mark 55;VELVETFRUIT_EXTRACT;XIREC;5208.0;8
493700;Mark 55;Mark 14;VELVETFRUIT_EXTRACT;XIREC;5212.0;8
494100;Mark 55;Mark 14;VELVETFRUIT_EXTRACT;XIREC;5212.0;4
495400;Mark 38;Mark 14;HYDROGEL_PACK;XIREC;10052.0;4
496900;Mark 14;Mark 38;VEV_4000;XIREC;1197.0;2
497300;Mark 14;Mark 55;VELVETFRUIT_EXTRACT;XIREC;5203.0;7
497600;Mark 14;Mark 38;HYDROGEL_PACK;XIREC;10034.0;5
497700;Mark 55;Mark 14;VELVETFRUIT_EXTRACT;XIREC;5209.0;4
498100;Mark 14;Mark 38;HYDROGEL_PACK;XIREC;10037.0;5
498100;Mark 01;Mark 22;VEV_5300;XIREC;21.0;5
498100;Mark 01;Mark 22;VEV_5400;XIREC;4.0;5
498100;Mark 14;Mark 22;VEV_5500;XIREC;1.0;5
498100;Mark 01;Mark 22;VEV_6000;XIREC;0.0;5
498100;Mark 01;Mark 22;VEV_6500;XIREC;0.0;5
498800;Mark 14;Mark 55;VELVETFRUIT_EXTRACT;XIREC;5196.0;5
499000;Mark 01;Mark 55;VELVETFRUIT_EXTRACT;XIREC;5198.0;6
499800;Mark 14;Mark 38;HYDROGEL_PACK;XIREC;10032.0;2
503300;Mark 14;Mark 38;HYDROGEL_PACK;XIREC;10033.0;2
504500;Mark 38;Mark 14;HYDROGEL_PACK;XIREC;10054.0;6
505300;Mark 14;Mark 38;HYDROGEL_PACK;XIREC;10044.0;3
506200;Mark 14;Mark 55;VELVETFRUIT_EXTRACT;XIREC;5198.0;4
508300;Mark 55;Mark 14;VELVETFRUIT_EXTRACT;XIREC;5207.0;5
508400;Mark 55;Mark 14;VELVETFRUIT_EXTRACT;XIREC;5207.0;7
510600;Mark 38;Mark 14;VEV_4000;XIREC;1217.0;1
511000;Mark 38;Mark 14;VEV_4000;XIREC;1213.0;2
511400;Mark 14;Mark 38;HYDROGEL_PACK;XIREC;10038.0;6
511800;Mark 01;Mark 22;VEV_5200;XIREC;55.0;2
511800;Mark 01;Mark 22;VEV_5300;XIREC;20.0;2
511800;Mark 01;Mark 22;VEV_5400;XIREC;4.0;2
511800;Mark 01;Mark 22;VEV_5500;XIREC;0.0;2
511800;Mark 01;Mark 22;VEV_6000;XIREC;0.0;2
511800;Mark 01;Mark 22;VEV_6500;XIREC;0.0;2
512800;Mark 67;Mark 22;VELVETFRUIT_EXTRACT;XIREC;5203.0;9
516400;Mark 38;Mark 14;HYDROGEL_PACK;XIREC;10051.0;3
516400;Mark 01;Mark 22;VEV_5200;XIREC;60.0;4
516400;Mark 01;Mark 22;VEV_5400;XIREC;4.0;4
516400;Mark 01;Mark 22;VEV_5500;XIREC;1.0;4
516400;Mark 01;Mark 22;VEV_6000;XIREC;0.0;4
516400;Mark 01;Mark 22;VEV_6500;XIREC;0.0;4
517800;Mark 38;Mark 14;HYDROGEL_PACK;XIREC;10062.0;6
518200;Mark 14;Mark 55;VELVETFRUIT_EXTRACT;XIREC;5208.0;3
519500;Mark 14;Mark 38;HYDROGEL_PACK;XIREC;10052.0;6
519700;Mark 14;Mark 38;HYDROGEL_PACK;XIREC;10053.0;6
519700;Mark 55;Mark 14;VELVETFRUIT_EXTRACT;XIREC;5206.0;8
521700;Mark 55;Mark 01;VELVETFRUIT_EXTRACT;XIREC;5207.0;5
522900;Mark 55;Mark 14;VELVETFRUIT_EXTRACT;XIREC;5211.0;8
523200;Mark 55;Mark 01;VELVETFRUIT_EXTRACT;XIREC;5209.0;5
524000;Mark 01;Mark 22;VEV_5200;XIREC;57.0;2
524000;Mark 01;Mark 22;VEV_5300;XIREC;21.0;2
524000;Mark 01;Mark 22;VEV_5400;XIREC;4.0;2
524000;Mark 01;Mark 22;VEV_5500;XIREC;1.0;2
524000;Mark 01;Mark 22;VEV_6000;XIREC;0.0;2
524000;Mark 01;Mark 22;VEV_6500;XIREC;0.0;2
524900;Mark 01;Mark 55;VELVETFRUIT_EXTRACT;XIREC;5201.0;8
527400;Mark 38;Mark 14;HYDROGEL_PACK;XIREC;10045.0;3
528200;Mark 55;Mark 01;VELVETFRUIT_EXTRACT;XIREC;5205.0;4
529600;Mark 14;Mark 22;VEV_5300;XIREC;20.0;2
529600;Mark 01;Mark 22;VEV_5400;XIREC;4.0;2
529600;Mark 01;Mark 22;VEV_5500;XIREC;0.0;2
529600;Mark 01;Mark 22;VEV_6000;XIREC;0.0;2
529600;Mark 01;Mark 22;VEV_6500;XIREC;0.0;2
530300;Mark 01;Mark 55;VELVETFRUIT_EXTRACT;XIREC;5197.0;4
531500;Mark 01;Mark 22;VEV_5300;XIREC;20.0;2
531500;Mark 01;Mark 22;VEV_5400;XIREC;4.0;2
531500;Mark 01;Mark 22;VEV_5500;XIREC;0.0;2
531500;Mark 01;Mark 22;VEV_6000;XIREC;0.0;2
531500;Mark 01;Mark 22;VEV_6500;XIREC;0.0;2
531800;Mark 38;Mark 14;HYDROGEL_PACK;XIREC;10052.0;3
532400;Mark 01;Mark 55;VELVETFRUIT_EXTRACT;XIREC;5197.0;4
532800;Mark 55;Mark 14;VELVETFRUIT_EXTRACT;XIREC;5201.0;7
533800;Mark 38;Mark 14;HYDROGEL_PACK;XIREC;10029.0;5
534000;Mark 55;Mark 01;VELVETFRUIT_EXTRACT;XIREC;5196.0;4
534000;Mark 38;Mark 14;VEV_4000;XIREC;1203.0;2
534700;Mark 14;Mark 55;VELVETFRUIT_EXTRACT;XIREC;5190.0;5
534900;Mark 14;Mark 38;VEV_4000;XIREC;1182.0;3
535400;Mark 01;Mark 22;VEV_5300;XIREC;18.0;3
535400;Mark 01;Mark 22;VEV_5400;XIREC;3.0;3
535400;Mark 01;Mark 22;VEV_5500;XIREC;0.0;3
535400;Mark 01;Mark 22;VEV_6000;XIREC;0.0;3
535400;Mark 01;Mark 22;VEV_6500;XIREC;0.0;3
535600;Mark 14;Mark 38;VEV_4000;XIREC;1184.0;2
535900;Mark 01;Mark 22;VEV_5200;XIREC;52.0;3
535900;Mark 01;Mark 22;VEV_5300;XIREC;18.0;3
535900;Mark 01;Mark 22;VEV_5400;XIREC;3.0;3
535900;Mark 01;Mark 22;VEV_5500;XIREC;0.0;3
535900;Mark 01;Mark 22;VEV_6000;XIREC;0.0;3
535900;Mark 01;Mark 22;VEV_6500;XIREC;0.0;3
536400;Mark 14;Mark 38;HYDROGEL_PACK;XIREC;10019.0;6
539800;Mark 55;Mark 01;VELVETFRUIT_EXTRACT;XIREC;5204.0;3
540200;Mark 22;Mark 55;VELVETFRUIT_EXTRACT;XIREC;5200.0;3
540300;Mark 38;Mark 14;HYDROGEL_PACK;XIREC;10009.0;4
541100;Mark 22;Mark 38;HYDROGEL_PACK;XIREC;10002.0;6
541300;SUBMISSION;;HYDROGEL_PACK;XIREC;10004.0;7
541500;SUBMISSION;;HYDROGEL_PACK;XIREC;10001.0;5
542500;SUBMISSION;Mark 38;HYDROGEL_PACK;XIREC;9996.0;3
544900;SUBMISSION;Mark 38;HYDROGEL_PACK;XIREC;10001.0;6
545400;Mark 14;Mark 55;VELVETFRUIT_EXTRACT;XIREC;5200.0;5
547000;Mark 14;Mark 38;VEV_4000;XIREC;1195.0;1
547600;Mark 55;Mark 01;VELVETFRUIT_EXTRACT;XIREC;5210.0;4
547600;Mark 01;Mark 22;VEV_5400;XIREC;4.0;4
547600;Mark 01;Mark 22;VEV_5500;XIREC;1.0;4
547600;Mark 01;Mark 22;VEV_6000;XIREC;0.0;4
547600;Mark 01;Mark 22;VEV_6500;XIREC;0.0;4
551600;Mark 01;Mark 22;VEV_5300;XIREC;23.0;4
551600;Mark 01;Mark 22;VEV_5500;XIREC;1.0;4
551600;Mark 01;Mark 22;VEV_6000;XIREC;0.0;4
551600;Mark 01;Mark 22;VEV_6500;XIREC;0.0;4
551800;SUBMISSION;Mark 38;HYDROGEL_PACK;XIREC;9996.0;2
552500;Mark 14;Mark 55;VELVETFRUIT_EXTRACT;XIREC;5214.0;8
552700;Mark 14;Mark 38;VEV_4000;XIREC;1206.0;3
553500;Mark 14;Mark 38;VEV_4000;XIREC;1207.0;1
554500;Mark 55;Mark 14;VELVETFRUIT_EXTRACT;XIREC;5223.0;3
555100;Mark 14;Mark 22;VEV_5200;XIREC;67.0;5
555100;Mark 01;Mark 22;VEV_5300;XIREC;26.0;5
555100;Mark 01;Mark 22;VEV_5400;XIREC;5.0;5
555100;Mark 01;Mark 22;VEV_5500;XIREC;1.0;5
555100;Mark 01;Mark 22;VEV_6000;XIREC;0.0;5
555100;Mark 01;Mark 22;VEV_6500;XIREC;0.0;5
555200;Mark 14;Mark 55;VELVETFRUIT_EXTRACT;XIREC;5222.0;6
555500;Mark 38;SUBMISSION;HYDROGEL_PACK;XIREC;10005.0;4
555500;Mark 38;Mark 14;HYDROGEL_PACK;XIREC;10006.0;1
556400;Mark 01;Mark 22;VEV_5400;XIREC;5.0;5
556400;Mark 01;Mark 22;VEV_5500;XIREC;1.0;5
556400;Mark 01;Mark 22;VEV_6000;XIREC;0.0;5
556400;Mark 01;Mark 22;VEV_6500;XIREC;0.0;5
558600;Mark 38;Mark 14;VEV_4000;XIREC;1229.0;2
559400;Mark 01;Mark 55;VELVETFRUIT_EXTRACT;XIREC;5214.0;3
560300;Mark 55;Mark 14;VELVETFRUIT_EXTRACT;XIREC;5220.0;4
560900;Mark 67;Mark 22;VELVETFRUIT_EXTRACT;XIREC;5214.0;9
561000;Mark 01;Mark 55;VELVETFRUIT_EXTRACT;XIREC;5212.0;6
562200;Mark 55;Mark 14;VELVETFRUIT_EXTRACT;XIREC;5220.0;8
562500;Mark 55;Mark 01;VELVETFRUIT_EXTRACT;XIREC;5222.0;7
562900;Mark 55;Mark 01;VELVETFRUIT_EXTRACT;XIREC;5224.0;3
565100;Mark 55;Mark 14;VELVETFRUIT_EXTRACT;XIREC;5229.0;6
565600;Mark 01;Mark 22;VEV_5400;XIREC;6.0;4
565600;Mark 01;Mark 22;VEV_5500;XIREC;1.0;4
565600;Mark 01;Mark 22;VEV_6000;XIREC;0.0;4
565600;Mark 01;Mark 22;VEV_6500;XIREC;0.0;4
565700;Mark 38;Mark 14;HYDROGEL_PACK;XIREC;10001.0;4
566100;Mark 01;Mark 55;VELVETFRUIT_EXTRACT;XIREC;5223.0;4
566500;Mark 38;Mark 14;VEV_4000;XIREC;1237.0;2
567800;Mark 14;Mark 55;VELVETFRUIT_EXTRACT;XIREC;5222.0;5
568300;Mark 14;Mark 38;VEV_4000;XIREC;1218.0;1
569900;Mark 55;Mark 01;VELVETFRUIT_EXTRACT;XIREC;5228.0;4
570100;Mark 14;Mark 55;VELVETFRUIT_EXTRACT;XIREC;5224.0;3
570300;SUBMISSION;;HYDROGEL_PACK;XIREC;9996.0;1
570400;SUBMISSION;;HYDROGEL_PACK;XIREC;9995.0;2
570500;SUBMISSION;;HYDROGEL_PACK;XIREC;9992.0;3
570600;SUBMISSION;;HYDROGEL_PACK;XIREC;9992.0;3
570700;SUBMISSION;;HYDROGEL_PACK;XIREC;9992.0;3
570800;SUBMISSION;;HYDROGEL_PACK;XIREC;9995.0;2
570900;SUBMISSION;;HYDROGEL_PACK;XIREC;9994.0;2
571000;SUBMISSION;;HYDROGEL_PACK;XIREC;9993.0;3
571100;SUBMISSION;;HYDROGEL_PACK;XIREC;9993.0;3
571200;SUBMISSION;;HYDROGEL_PACK;XIREC;9995.0;2
572400;Mark 14;Mark 38;VEV_4000;XIREC;1211.0;3
572800;Mark 22;Mark 55;VELVETFRUIT_EXTRACT;XIREC;5217.0;6
573400;SUBMISSION;;HYDROGEL_PACK;XIREC;9997.0;1
574100;SUBMISSION;;HYDROGEL_PACK;XIREC;9996.0;1
574200;SUBMISSION;;HYDROGEL_PACK;XIREC;9994.0;3
574300;SUBMISSION;;HYDROGEL_PACK;XIREC;9993.0;3
574400;SUBMISSION;;HYDROGEL_PACK;XIREC;9992.0;4
574500;SUBMISSION;;HYDROGEL_PACK;XIREC;9989.0;6
574600;SUBMISSION;;HYDROGEL_PACK;XIREC;9989.0;6
574700;SUBMISSION;;HYDROGEL_PACK;XIREC;9990.0;6
574800;SUBMISSION;;HYDROGEL_PACK;XIREC;9988.0;7
574900;SUBMISSION;;HYDROGEL_PACK;XIREC;9988.0;7
575000;SUBMISSION;;HYDROGEL_PACK;XIREC;9989.0;6
575100;SUBMISSION;;HYDROGEL_PACK;XIREC;9988.0;7
575200;SUBMISSION;;HYDROGEL_PACK;XIREC;9990.0;5
575300;SUBMISSION;;HYDROGEL_PACK;XIREC;9990.0;5
575300;Mark 49;Mark 22;VELVETFRUIT_EXTRACT;XIREC;5221.0;7
575400;SUBMISSION;;HYDROGEL_PACK;XIREC;9992.0;4
575500;SUBMISSION;;HYDROGEL_PACK;XIREC;9992.0;4
575600;SUBMISSION;;HYDROGEL_PACK;XIREC;9993.0;3
575700;SUBMISSION;;HYDROGEL_PACK;XIREC;9990.0;5
575800;SUBMISSION;;HYDROGEL_PACK;XIREC;9990.0;5
575900;SUBMISSION;;HYDROGEL_PACK;XIREC;9989.0;6
576000;SUBMISSION;;HYDROGEL_PACK;XIREC;9991.0;5
576100;SUBMISSION;;HYDROGEL_PACK;XIREC;9989.0;6
576200;SUBMISSION;;HYDROGEL_PACK;XIREC;9991.0;5
576300;SUBMISSION;;HYDROGEL_PACK;XIREC;9991.0;5
576400;SUBMISSION;;HYDROGEL_PACK;XIREC;9994.0;3
576500;SUBMISSION;;HYDROGEL_PACK;XIREC;9993.0;3
576600;SUBMISSION;;HYDROGEL_PACK;XIREC;9993.0;3
576700;SUBMISSION;;HYDROGEL_PACK;XIREC;9993.0;3
576800;SUBMISSION;;HYDROGEL_PACK;XIREC;9993.0;3
576900;SUBMISSION;;HYDROGEL_PACK;XIREC;9995.0;2
577000;SUBMISSION;;HYDROGEL_PACK;XIREC;9995.0;2
577100;SUBMISSION;;HYDROGEL_PACK;XIREC;9995.0;2
577200;SUBMISSION;;HYDROGEL_PACK;XIREC;9994.0;3
577200;Mark 14;Mark 38;VEV_4000;XIREC;1206.0;2
577300;SUBMISSION;;HYDROGEL_PACK;XIREC;9996.0;1
577400;SUBMISSION;;HYDROGEL_PACK;XIREC;9993.0;3
577500;SUBMISSION;;HYDROGEL_PACK;XIREC;9993.0;3
577600;SUBMISSION;;HYDROGEL_PACK;XIREC;9992.0;4
577700;SUBMISSION;;HYDROGEL_PACK;XIREC;9992.0;4
577800;SUBMISSION;;HYDROGEL_PACK;XIREC;9992.0;4
577900;SUBMISSION;;HYDROGEL_PACK;XIREC;9992.0;4
578000;SUBMISSION;;HYDROGEL_PACK;XIREC;9991.0;5
578100;SUBMISSION;;HYDROGEL_PACK;XIREC;9990.0;5
578200;SUBMISSION;;HYDROGEL_PACK;XIREC;9995.0;2
578300;SUBMISSION;;HYDROGEL_PACK;XIREC;9993.0;3
578300;Mark 38;Mark 14;HYDROGEL_PACK;XIREC;9993.0;5
578300;Mark 55;Mark 01;VELVETFRUIT_EXTRACT;XIREC;5223.0;8
578400;SUBMISSION;;HYDROGEL_PACK;XIREC;9993.0;3
578400;Mark 01;Mark 55;VELVETFRUIT_EXTRACT;XIREC;5218.0;3
578500;SUBMISSION;;HYDROGEL_PACK;XIREC;9994.0;3
578500;SUBMISSION;Mark 38;HYDROGEL_PACK;XIREC;9979.0;2
578600;SUBMISSION;;HYDROGEL_PACK;XIREC;9993.0;3
578700;SUBMISSION;;HYDROGEL_PACK;XIREC;9994.0;3
578800;SUBMISSION;;HYDROGEL_PACK;XIREC;9994.0;3
578900;SUBMISSION;;HYDROGEL_PACK;XIREC;9994.0;3
579000;SUBMISSION;;HYDROGEL_PACK;XIREC;9993.0;3
579000;Mark 38;Mark 14;VEV_4000;XIREC;1234.0;3
579100;SUBMISSION;;HYDROGEL_PACK;XIREC;9993.0;3
579200;SUBMISSION;;HYDROGEL_PACK;XIREC;9989.0;6
579300;SUBMISSION;;HYDROGEL_PACK;XIREC;9988.0;7
579400;SUBMISSION;;HYDROGEL_PACK;XIREC;9986.0;8
579500;SUBMISSION;;HYDROGEL_PACK;XIREC;9984.0;9
579600;SUBMISSION;;HYDROGEL_PACK;XIREC;9983.0;10
579700;SUBMISSION;;HYDROGEL_PACK;XIREC;9985.0;9
579800;SUBMISSION;;HYDROGEL_PACK;XIREC;9984.0;9
579900;SUBMISSION;;HYDROGEL_PACK;XIREC;9982.0;11
580000;SUBMISSION;;HYDROGEL_PACK;XIREC;9986.0;8
580100;SUBMISSION;;HYDROGEL_PACK;XIREC;9988.0;1
580600;Mark 01;Mark 22;VEV_5300;XIREC;25.0;5
580600;Mark 01;Mark 22;VEV_5400;XIREC;5.0;5
580600;Mark 01;Mark 22;VEV_5500;XIREC;1.0;5
580600;Mark 01;Mark 22;VEV_6000;XIREC;0.0;5
580600;Mark 01;Mark 22;VEV_6500;XIREC;0.0;5
583100;Mark 01;Mark 22;VEV_5400;XIREC;5.0;2
583100;Mark 01;Mark 22;VEV_5500;XIREC;1.0;2
583100;Mark 01;Mark 22;VEV_6000;XIREC;0.0;2
583100;Mark 01;Mark 22;VEV_6500;XIREC;0.0;2
583200;SUBMISSION;;HYDROGEL_PACK;XIREC;9998.0;9
583700;SUBMISSION;;HYDROGEL_PACK;XIREC;9998.0;3
584300;Mark 01;Mark 22;VEV_5300;XIREC;24.0;2
584300;Mark 01;Mark 22;VEV_5400;XIREC;5.0;2
584300;Mark 01;Mark 22;VEV_5500;XIREC;1.0;2
584300;Mark 01;Mark 22;VEV_6000;XIREC;0.0;2
584300;Mark 01;Mark 22;VEV_6500;XIREC;0.0;2
584400;Mark 55;Mark 14;VELVETFRUIT_EXTRACT;XIREC;5220.0;6
587400;Mark 01;Mark 55;VELVETFRUIT_EXTRACT;XIREC;5213.0;6
587700;Mark 55;Mark 14;VELVETFRUIT_EXTRACT;XIREC;5218.0;8
588300;Mark 67;Mark 22;VELVETFRUIT_EXTRACT;XIREC;5216.0;5
589800;Mark 14;Mark 55;VELVETFRUIT_EXTRACT;XIREC;5223.0;4
590000;Mark 38;SUBMISSION;HYDROGEL_PACK;XIREC;10017.0;4
590500;SUBMISSION;Mark 38;HYDROGEL_PACK;XIREC;9994.0;3
591200;Mark 38;SUBMISSION;HYDROGEL_PACK;XIREC;10015.0;5
591700;Mark 01;Mark 55;VELVETFRUIT_EXTRACT;XIREC;5218.0;4
592700;;SUBMISSION;HYDROGEL_PACK;XIREC;10005.0;1
592800;;SUBMISSION;HYDROGEL_PACK;XIREC;10006.0;2
592900;;SUBMISSION;HYDROGEL_PACK;XIREC;10007.0;3
593000;;SUBMISSION;HYDROGEL_PACK;XIREC;10007.0;3
593100;;SUBMISSION;HYDROGEL_PACK;XIREC;10006.0;2
593300;;SUBMISSION;HYDROGEL_PACK;XIREC;10005.0;1
594300;Mark 14;Mark 55;VELVETFRUIT_EXTRACT;XIREC;5219.0;4
595300;;SUBMISSION;HYDROGEL_PACK;XIREC;10004.0;1
595400;;SUBMISSION;HYDROGEL_PACK;XIREC;10004.0;1
595400;Mark 22;Mark 55;VELVETFRUIT_EXTRACT;XIREC;5219.0;5
595500;;SUBMISSION;HYDROGEL_PACK;XIREC;10005.0;2
595600;;SUBMISSION;HYDROGEL_PACK;XIREC;10005.0;2
595700;;SUBMISSION;HYDROGEL_PACK;XIREC;10006.0;2
595800;;SUBMISSION;HYDROGEL_PACK;XIREC;10004.0;1
596000;;SUBMISSION;HYDROGEL_PACK;XIREC;10006.0;2
596100;;SUBMISSION;HYDROGEL_PACK;XIREC;10007.0;3
596200;;SUBMISSION;HYDROGEL_PACK;XIREC;10009.0;5
596300;;SUBMISSION;HYDROGEL_PACK;XIREC;10011.0;7
596400;;SUBMISSION;HYDROGEL_PACK;XIREC;10010.0;6
596500;;SUBMISSION;HYDROGEL_PACK;XIREC;10010.0;6
596600;;SUBMISSION;HYDROGEL_PACK;XIREC;10011.0;7
596700;;SUBMISSION;HYDROGEL_PACK;XIREC;10010.0;6
596800;;SUBMISSION;HYDROGEL_PACK;XIREC;10012.0;8
596900;;SUBMISSION;HYDROGEL_PACK;XIREC;10012.0;8
597000;;SUBMISSION;HYDROGEL_PACK;XIREC;10015.0;10
597100;;SUBMISSION;HYDROGEL_PACK;XIREC;10014.0;9
597200;;SUBMISSION;HYDROGEL_PACK;XIREC;10013.0;8
597300;;SUBMISSION;HYDROGEL_PACK;XIREC;10012.0;8
597400;;SUBMISSION;HYDROGEL_PACK;XIREC;10011.0;7
597500;;SUBMISSION;HYDROGEL_PACK;XIREC;10014.0;9
597600;;SUBMISSION;HYDROGEL_PACK;XIREC;10014.0;9
597700;;SUBMISSION;HYDROGEL_PACK;XIREC;10012.0;7
597800;;SUBMISSION;HYDROGEL_PACK;XIREC;10010.0;6
597900;;SUBMISSION;HYDROGEL_PACK;XIREC;10009.0;5
598000;;SUBMISSION;HYDROGEL_PACK;XIREC;10011.0;6
598100;;SUBMISSION;HYDROGEL_PACK;XIREC;10009.0;5
598200;;SUBMISSION;HYDROGEL_PACK;XIREC;10010.0;6
598300;;SUBMISSION;HYDROGEL_PACK;XIREC;10011.0;6
598400;;SUBMISSION;HYDROGEL_PACK;XIREC;10012.0;7
598500;;SUBMISSION;HYDROGEL_PACK;XIREC;10011.0;6
598600;;SUBMISSION;HYDROGEL_PACK;XIREC;10015.0;10
598700;;SUBMISSION;HYDROGEL_PACK;XIREC;10014.0;9
598800;;SUBMISSION;HYDROGEL_PACK;XIREC;10019.0;10
598800;;SUBMISSION;HYDROGEL_PACK;XIREC;10016.0;3
598900;;SUBMISSION;HYDROGEL_PACK;XIREC;10018.0;12
598900;;SUBMISSION;HYDROGEL_PACK;XIREC;10016.0;1
599000;;SUBMISSION;HYDROGEL_PACK;XIREC;10018.0;12
599100;;SUBMISSION;HYDROGEL_PACK;XIREC;10017.0;11
599200;;SUBMISSION;HYDROGEL_PACK;XIREC;10015.0;7
599500;;SUBMISSION;HYDROGEL_PACK;XIREC;10017.0;6
601600;Mark 14;Mark 55;VELVETFRUIT_EXTRACT;XIREC;5223.0;4
