timestamp;buyer;seller;symbol;currency;price;quantity
0;;SUBMISSION;VELVETFRUIT_EXTRACT;SEASHELLS;5293;21
0;;SUBMISSION;VEV_5000;SEASHELLS;293;14
100;;SUBMISSION;VELVETFRUIT_EXTRACT;SEASHELLS;5294;16
100;;SUBMISSION;VELVETFRUIT_EXTRACT;SEASHELLS;5293;5
100;;SUBMISSION;VEV_4000;SEASHELLS;1296;4
100;;SUBMISSION;VEV_4500;SEASHELLS;796;4
100;;SUBMISSION;VEV_5000;SEASHELLS;297;4
100;;SUBMISSION;VEV_5000;SEASHELLS;294;2
200;;SUBMISSION;VELVETFRUIT_EXTRACT;SEASHELLS;5294;20
200;;SUBMISSION;VELVETFRUIT_EXTRACT;SEASHELLS;5293;1
200;;SUBMISSION;VEV_5000;SEASHELLS;294;14
300;;SUBMISSION;VEV_5000;SEASHELLS;294;7
300;;SUBMISSION;VEV_5000;SEASHELLS;293;7
400;;SUBMISSION;VEV_5000;SEASHELLS;293;11
400;;SUBMISSION;VEV_5000;SEASHELLS;292;3
500;;SUBMISSION;VEV_5000;SEASHELLS;293;8
500;;SUBMISSION;VEV_5000;SEASHELLS;292;6
600;;SUBMISSION;VEV_5000;SEASHELLS;293;7
600;;SUBMISSION;VEV_5000;SEASHELLS;292;7
1700;SUBMISSION;Mark 38;VEV_4000;SEASHELLS;1288;2
3700;;SUBMISSION;VEV_5100;SEASHELLS;196;2
3900;;SUBMISSION;VEV_5100;SEASHELLS;198;1
4100;;SUBMISSION;VEV_4000;SEASHELLS;1294;5
4100;;SUBMISSION;VEV_4500;SEASHELLS;794;5
4100;;SUBMISSION;VEV_5000;SEASHELLS;296;5
4100;;SUBMISSION;VEV_5000;SEASHELLS;293;5
4400;Mark 38;SUBMISSION;HYDROGEL_PACK;SEASHELLS;10027;6
4700;;SUBMISSION;VEV_4000;SEASHELLS;1296;4
4700;;SUBMISSION;VEV_4500;SEASHELLS;796;4
5300;;SUBMISSION;HYDROGEL_PACK;SEASHELLS;10016;2
5400;;SUBMISSION;HYDROGEL_PACK;SEASHELLS;10017;3
5800;;SUBMISSION;VEV_4000;SEASHELLS;1296;5
5800;;SUBMISSION;VEV_4500;SEASHELLS;796;5
7600;;SUBMISSION;VEV_4000;SEASHELLS;1296;5
7600;;SUBMISSION;VEV_4500;SEASHELLS;796;5
17600;;SUBMISSION;VEV_4000;SEASHELLS;1283;2
17600;;SUBMISSION;VEV_4500;SEASHELLS;783;2
19200;Mark 38;SUBMISSION;HYDROGEL_PACK;SEASHELLS;10019;4
19500;Mark 38;SUBMISSION;HYDROGEL_PACK;SEASHELLS;10018;2
20900;;SUBMISSION;HYDROGEL_PACK;SEASHELLS;10010;1
21000;;SUBMISSION;HYDROGEL_PACK;SEASHELLS;10010;1
21100;;SUBMISSION;HYDROGEL_PACK;SEASHELLS;10011;3
21200;;SUBMISSION;HYDROGEL_PACK;SEASHELLS;10011;3
21300;;SUBMISSION;HYDROGEL_PACK;SEASHELLS;10010;1
21400;;SUBMISSION;HYDROGEL_PACK;SEASHELLS;10010;1
21500;;SUBMISSION;HYDROGEL_PACK;SEASHELLS;10013;6
21600;;SUBMISSION;HYDROGEL_PACK;SEASHELLS;10014;7
21700;;SUBMISSION;HYDROGEL_PACK;SEASHELLS;10014;7
21800;;SUBMISSION;HYDROGEL_PACK;SEASHELLS;10017;12
22000;;SUBMISSION;VELVETFRUIT_EXTRACT;SEASHELLS;5277;3
22100;;SUBMISSION;VELVETFRUIT_EXTRACT;SEASHELLS;5275;2
22200;;SUBMISSION;VELVETFRUIT_EXTRACT;SEASHELLS;5274;2
26500;;SUBMISSION;HYDROGEL_PACK;SEASHELLS;10014;5
27400;;SUBMISSION;HYDROGEL_PACK;SEASHELLS;10011;1
28000;;SUBMISSION;VELVETFRUIT_EXTRACT;SEASHELLS;5269;1
28000;Mark 55;SUBMISSION;VELVETFRUIT_EXTRACT;SEASHELLS;5274;5
43600;SUBMISSION;Mark 38;VEV_4000;SEASHELLS;1241;1
55100;SUBMISSION;Mark 55;VELVETFRUIT_EXTRACT;SEASHELLS;5248;4
60600;SUBMISSION;Mark 38;VEV_4000;SEASHELLS;1240;2
61400;SUBMISSION;;VELVETFRUIT_EXTRACT;SEASHELLS;5247;8
62400;SUBMISSION;Mark 55;VELVETFRUIT_EXTRACT;SEASHELLS;5247;5
66300;;SUBMISSION;VELVETFRUIT_EXTRACT;SEASHELLS;5258;2
66400;;SUBMISSION;VELVETFRUIT_EXTRACT;SEASHELLS;5258;2
66500;;SUBMISSION;VELVETFRUIT_EXTRACT;SEASHELLS;5258;2
66600;;SUBMISSION;VELVETFRUIT_EXTRACT;SEASHELLS;5258;2
66700;;SUBMISSION;VELVETFRUIT_EXTRACT;SEASHELLS;5258;2
66800;;SUBMISSION;VELVETFRUIT_EXTRACT;SEASHELLS;5259;2
67600;Mark 55;SUBMISSION;VELVETFRUIT_EXTRACT;SEASHELLS;5260;7
76100;SUBMISSION;Mark 38;VEV_4000;SEASHELLS;1248;2
79300;;SUBMISSION;VEV_4000;SEASHELLS;1260;2
86100;SUBMISSION;Mark 55;VELVETFRUIT_EXTRACT;SEASHELLS;5245;6
87400;SUBMISSION;Mark 55;VELVETFRUIT_EXTRACT;SEASHELLS;5246;6
88300;SUBMISSION;Mark 55;VELVETFRUIT_EXTRACT;SEASHELLS;5246;6
92100;;SUBMISSION;VELVETFRUIT_EXTRACT;SEASHELLS;5254;1
92200;;SUBMISSION;VELVETFRUIT_EXTRACT;SEASHELLS;5254;1
92300;;SUBMISSION;VELVETFRUIT_EXTRACT;SEASHELLS;5255;2
92400;;SUBMISSION;VELVETFRUIT_EXTRACT;SEASHELLS;5257;5
93400;;SUBMISSION;VELVETFRUIT_EXTRACT;SEASHELLS;5255;2
98400;Mark 55;SUBMISSION;VELVETFRUIT_EXTRACT;SEASHELLS;5257;8
103700;Mark 67;SUBMISSION;VELVETFRUIT_EXTRACT;SEASHELLS;5250;8
106800;SUBMISSION;Mark 38;VEV_4000;SEASHELLS;1240;2
108800;SUBMISSION;Mark 38;VEV_4000;SEASHELLS;1245;3
112200;SUBMISSION;;VEV_5000;SEASHELLS;248;2
112300;SUBMISSION;;VEV_5000;SEASHELLS;248;2
112400;SUBMISSION;;VEV_5000;SEASHELLS;247;3
112500;SUBMISSION;;VEV_5000;SEASHELLS;246;5
112600;SUBMISSION;;VEV_5000;SEASHELLS;246;6
112700;SUBMISSION;;VEV_5000;SEASHELLS;245;6
112800;SUBMISSION;;VEV_5000;SEASHELLS;246;5
112900;SUBMISSION;;VEV_5000;SEASHELLS;244;8
113000;SUBMISSION;;VEV_5000;SEASHELLS;245;8
113100;SUBMISSION;;VEV_5000;SEASHELLS;243;10
113100;SUBMISSION;;VEV_5000;SEASHELLS;244;1
113200;SUBMISSION;;VEV_5000;SEASHELLS;243;10
113300;SUBMISSION;;VEV_5000;SEASHELLS;242;9
113300;SUBMISSION;;VEV_5000;SEASHELLS;243;1
113400;SUBMISSION;;VEV_5000;SEASHELLS;241;9
113400;SUBMISSION;;VEV_5000;SEASHELLS;242;3
113500;SUBMISSION;;VEV_5000;SEASHELLS;241;13
113600;SUBMISSION;;VEV_5000;SEASHELLS;242;11
113700;SUBMISSION;;VEV_5000;SEASHELLS;242;6
113700;SUBMISSION;;VEV_5000;SEASHELLS;243;4
113800;SUBMISSION;;VEV_5000;SEASHELLS;243;6
113800;SUBMISSION;;VEV_5000;SEASHELLS;244;2
113900;SUBMISSION;;VEV_5000;SEASHELLS;243;8
114000;SUBMISSION;;VEV_5000;SEASHELLS;245;7
114100;SUBMISSION;;VEV_5000;SEASHELLS;245;6
114200;SUBMISSION;;VEV_5000;SEASHELLS;246;4
114300;SUBMISSION;;VEV_5000;SEASHELLS;247;3
114400;SUBMISSION;;VEV_5000;SEASHELLS;247;4
114500;SUBMISSION;;VEV_5000;SEASHELLS;246;5
114600;SUBMISSION;;VEV_5000;SEASHELLS;245;6
114700;SUBMISSION;;VEV_5000;SEASHELLS;246;4
114800;SUBMISSION;;VEV_5000;SEASHELLS;244;6
114800;SUBMISSION;;VEV_5000;SEASHELLS;245;1
114900;SUBMISSION;;VEV_5000;SEASHELLS;245;7
115000;SUBMISSION;;VEV_5000;SEASHELLS;246;8
117400;SUBMISSION;;VEV_5100;SEASHELLS;148;5
118700;SUBMISSION;;VEV_4000;SEASHELLS;1236;4
118700;SUBMISSION;;VEV_4500;SEASHELLS;736;4
118700;;SUBMISSION;VEV_5100;SEASHELLS;147;2
121300;SUBMISSION;;VEV_5000;SEASHELLS;248;1
121500;Mark 38;SUBMISSION;HYDROGEL_PACK;SEASHELLS;10029;4
126600;SUBMISSION;;VEV_4000;SEASHELLS;1239;5
128700;SUBMISSION;;VEV_4000;SEASHELLS;1237;3
128700;SUBMISSION;;VEV_4500;SEASHELLS;737;3
129800;SUBMISSION;Mark 38;VEV_4000;SEASHELLS;1234;1
133400;;SUBMISSION;VEV_5000;SEASHELLS;254;1
133500;;SUBMISSION;VEV_5000;SEASHELLS;255;1
133600;;SUBMISSION;VEV_5000;SEASHELLS;255;1
133700;;SUBMISSION;VEV_5000;SEASHELLS;255;1
133900;;SUBMISSION;VEV_5000;SEASHELLS;254;2
139300;SUBMISSION;;VEV_5000;SEASHELLS;249;1
139400;SUBMISSION;;VEV_5000;SEASHELLS;249;1
139500;SUBMISSION;;VEV_5000;SEASHELLS;249;2
139600;SUBMISSION;;VEV_5000;SEASHELLS;249;1
139700;SUBMISSION;;VEV_5000;SEASHELLS;249;1
142700;SUBMISSION;;VEV_4000;SEASHELLS;1239;5
142700;SUBMISSION;;VEV_4500;SEASHELLS;739;1
144800;SUBMISSION;;VEV_4000;SEASHELLS;1242;2
150300;SUBMISSION;Mark 38;HYDROGEL_PACK;SEASHELLS;9989;3
150700;SUBMISSION;Mark 38;HYDROGEL_PACK;SEASHELLS;9991;3
151400;Mark 38;SUBMISSION;HYDROGEL_PACK;SEASHELLS;10014;6
155400;SUBMISSION;;VEV_4000;SEASHELLS;1239;2
155400;SUBMISSION;;VEV_4500;SEASHELLS;739;2
165300;Mark 38;SUBMISSION;VEV_4000;SEASHELLS;1250;3
166000;SUBMISSION;;VEV_4000;SEASHELLS;1239;5
166000;SUBMISSION;;VEV_4500;SEASHELLS;739;5
175100;Mark 38;SUBMISSION;VEV_4000;SEASHELLS;1258;3
180300;Mark 38;SUBMISSION;VEV_4000;SEASHELLS;1257;3
189100;SUBMISSION;Mark 38;HYDROGEL_PACK;SEASHELLS;9993;4
191300;Mark 38;SUBMISSION;VEV_4000;SEASHELLS;1258;1
202200;SUBMISSION;Mark 38;HYDROGEL_PACK;SEASHELLS;9996;5
202500;Mark 38;SUBMISSION;VEV_4000;SEASHELLS;1246;1
203300;SUBMISSION;Mark 38;HYDROGEL_PACK;SEASHELLS;10001;4
203800;Mark 38;SUBMISSION;VEV_4000;SEASHELLS;1244;1
203900;SUBMISSION;;VEV_5100;SEASHELLS;149;8
204800;SUBMISSION;Mark 38;HYDROGEL_PACK;SEASHELLS;9994;4
205100;SUBMISSION;Mark 38;HYDROGEL_PACK;SEASHELLS;9987;5
205400;Mark 38;SUBMISSION;HYDROGEL_PACK;SEASHELLS;10004;4
206300;SUBMISSION;Mark 38;HYDROGEL_PACK;SEASHELLS;9982;6
206400;SUBMISSION;;HYDROGEL_PACK;SEASHELLS;9991;9
206400;SUBMISSION;;HYDROGEL_PACK;SEASHELLS;9999;1
206800;SUBMISSION;;HYDROGEL_PACK;SEASHELLS;9993;5
206900;SUBMISSION;;HYDROGEL_PACK;SEASHELLS;9993;5
207000;SUBMISSION;;HYDROGEL_PACK;SEASHELLS;9996;1
207200;SUBMISSION;;HYDROGEL_PACK;SEASHELLS;9995;2
207300;SUBMISSION;;HYDROGEL_PACK;SEASHELLS;9993;6
207400;SUBMISSION;;HYDROGEL_PACK;SEASHELLS;9994;4
207500;SUBMISSION;;HYDROGEL_PACK;SEASHELLS;9992;7
207600;SUBMISSION;;HYDROGEL_PACK;SEASHELLS;9991;9
207700;SUBMISSION;;HYDROGEL_PACK;SEASHELLS;9992;7
207800;SUBMISSION;;HYDROGEL_PACK;SEASHELLS;9991;9
207900;SUBMISSION;;HYDROGEL_PACK;SEASHELLS;9991;9
208000;SUBMISSION;;HYDROGEL_PACK;SEASHELLS;9983;4
208000;SUBMISSION;;HYDROGEL_PACK;SEASHELLS;9991;10
208000;SUBMISSION;;HYDROGEL_PACK;SEASHELLS;9994;1
208100;SUBMISSION;;HYDROGEL_PACK;SEASHELLS;9991;9
208600;SUBMISSION;;HYDROGEL_PACK;SEASHELLS;9989;12
213400;SUBMISSION;Mark 38;HYDROGEL_PACK;SEASHELLS;9995;3
215100;SUBMISSION;;VEV_5100;SEASHELLS;147;3
216500;;SUBMISSION;HYDROGEL_PACK;SEASHELLS;10006;1
217000;;SUBMISSION;HYDROGEL_PACK;SEASHELLS;10010;9
217100;;SUBMISSION;HYDROGEL_PACK;SEASHELLS;10013;6
217100;Mark 38;SUBMISSION;HYDROGEL_PACK;SEASHELLS;10019;3
217200;;SUBMISSION;HYDROGEL_PACK;SEASHELLS;10011;10
217200;;SUBMISSION;HYDROGEL_PACK;SEASHELLS;10008;2
217300;;SUBMISSION;HYDROGEL_PACK;SEASHELLS;10012;11
217300;;SUBMISSION;HYDROGEL_PACK;SEASHELLS;10010;1
217400;;SUBMISSION;HYDROGEL_PACK;SEASHELLS;10014;11
217400;;SUBMISSION;HYDROGEL_PACK;SEASHELLS;10011;5
217500;;SUBMISSION;HYDROGEL_PACK;SEASHELLS;10015;15
217500;;SUBMISSION;HYDROGEL_PACK;SEASHELLS;10012;3
217600;;SUBMISSION;HYDROGEL_PACK;SEASHELLS;10016;13
217600;;SUBMISSION;HYDROGEL_PACK;SEASHELLS;10013;7
217700;;SUBMISSION;HYDROGEL_PACK;SEASHELLS;10019;15
217700;;SUBMISSION;HYDROGEL_PACK;SEASHELLS;10016;10
218300;SUBMISSION;;VEV_4000;SEASHELLS;1228;5
218300;SUBMISSION;;VEV_4500;SEASHELLS;728;5
218400;;SUBMISSION;HYDROGEL_PACK;SEASHELLS;10011;10
220800;SUBMISSION;;VEV_4000;SEASHELLS;1233;4
220800;SUBMISSION;;VEV_4500;SEASHELLS;733;1
220800;;SUBMISSION;VEV_5100;SEASHELLS;144;11
222400;SUBMISSION;;VEV_4000;SEASHELLS;1227;2
222400;SUBMISSION;;VEV_4500;SEASHELLS;727;2
223100;;SUBMISSION;HYDROGEL_PACK;SEASHELLS;10007;1
226700;SUBMISSION;;HYDROGEL_PACK;SEASHELLS;9997;3
226800;SUBMISSION;;HYDROGEL_PACK;SEASHELLS;9996;4
226900;SUBMISSION;;HYDROGEL_PACK;SEASHELLS;9997;3
227000;SUBMISSION;;HYDROGEL_PACK;SEASHELLS;9997;3
227100;SUBMISSION;;HYDROGEL_PACK;SEASHELLS;9995;6
227200;SUBMISSION;;HYDROGEL_PACK;SEASHELLS;9994;8
227300;SUBMISSION;;HYDROGEL_PACK;SEASHELLS;9993;10
227400;SUBMISSION;;HYDROGEL_PACK;SEASHELLS;9997;3
227500;SUBMISSION;;HYDROGEL_PACK;SEASHELLS;9997;3
227600;SUBMISSION;;HYDROGEL_PACK;SEASHELLS;9995;6
227700;SUBMISSION;;HYDROGEL_PACK;SEASHELLS;9993;10
227900;SUBMISSION;;HYDROGEL_PACK;SEASHELLS;9994;8
228000;SUBMISSION;;HYDROGEL_PACK;SEASHELLS;9993;10
228100;SUBMISSION;;HYDROGEL_PACK;SEASHELLS;9987;13
228100;SUBMISSION;;HYDROGEL_PACK;SEASHELLS;9990;8
228200;SUBMISSION;;HYDROGEL_PACK;SEASHELLS;9988;11
228200;SUBMISSION;;HYDROGEL_PACK;SEASHELLS;9991;8
228400;SUBMISSION;;HYDROGEL_PACK;SEASHELLS;9993;10
228600;SUBMISSION;;HYDROGEL_PACK;SEASHELLS;9997;3
229500;Mark 38;SUBMISSION;VEV_4000;SEASHELLS;1251;2
234700;Mark 38;SUBMISSION;VEV_4000;SEASHELLS;1243;2
235900;SUBMISSION;Mark 38;HYDROGEL_PACK;SEASHELLS;9993;3
236300;SUBMISSION;Mark 38;HYDROGEL_PACK;SEASHELLS;9995;4
237000;;SUBMISSION;HYDROGEL_PACK;SEASHELLS;10006;1
237100;;SUBMISSION;HYDROGEL_PACK;SEASHELLS;10007;2
237500;;SUBMISSION;HYDROGEL_PACK;SEASHELLS;10007;2
237600;;SUBMISSION;HYDROGEL_PACK;SEASHELLS;10010;8
237700;;SUBMISSION;HYDROGEL_PACK;SEASHELLS;10012;11
237800;;SUBMISSION;HYDROGEL_PACK;SEASHELLS;10014;10
237800;;SUBMISSION;HYDROGEL_PACK;SEASHELLS;10012;5
237900;;SUBMISSION;HYDROGEL_PACK;SEASHELLS;10011;10
238000;;SUBMISSION;HYDROGEL_PACK;SEASHELLS;10008;4
238100;;SUBMISSION;HYDROGEL_PACK;SEASHELLS;10009;6
238200;;SUBMISSION;HYDROGEL_PACK;SEASHELLS;10008;4
239600;;SUBMISSION;HYDROGEL_PACK;SEASHELLS;10007;3
239700;;SUBMISSION;HYDROGEL_PACK;SEASHELLS;10011;10
239800;;SUBMISSION;HYDROGEL_PACK;SEASHELLS;10011;10
239900;;SUBMISSION;HYDROGEL_PACK;SEASHELLS;10012;12
240000;;SUBMISSION;HYDROGEL_PACK;SEASHELLS;10013;11
240000;;SUBMISSION;HYDROGEL_PACK;SEASHELLS;10010;3
240100;;SUBMISSION;HYDROGEL_PACK;SEASHELLS;10013;14
240300;;SUBMISSION;HYDROGEL_PACK;SEASHELLS;10009;6
243100;;SUBMISSION;HYDROGEL_PACK;SEASHELLS;10006;1
243200;;SUBMISSION;HYDROGEL_PACK;SEASHELLS;10008;4
243700;SUBMISSION;;VEV_4000;SEASHELLS;1235;2
243700;SUBMISSION;;VEV_4500;SEASHELLS;735;2
250200;SUBMISSION;;VEV_4000;SEASHELLS;1237;5
250200;SUBMISSION;;VEV_4500;SEASHELLS;737;4
252700;Mark 38;SUBMISSION;VEV_4000;SEASHELLS;1249;1
259200;Mark 38;SUBMISSION;HYDROGEL_PACK;SEASHELLS;10022;4
261600;SUBMISSION;Mark 38;HYDROGEL_PACK;SEASHELLS;9996;6
262100;Mark 38;SUBMISSION;HYDROGEL_PACK;SEASHELLS;10010;6
265900;SUBMISSION;Mark 38;HYDROGEL_PACK;SEASHELLS;9983;6
268100;Mark 38;SUBMISSION;VEV_4000;SEASHELLS;1246;3
268800;Mark 38;SUBMISSION;HYDROGEL_PACK;SEASHELLS;10004;2
269000;SUBMISSION;;VEV_4000;SEASHELLS;1237;2
269000;SUBMISSION;;VEV_4500;SEASHELLS;737;2
270900;SUBMISSION;Mark 38;HYDROGEL_PACK;SEASHELLS;9995;6
273400;SUBMISSION;;VEV_4000;SEASHELLS;1236;2
277800;SUBMISSION;Mark 38;HYDROGEL_PACK;SEASHELLS;9991;6
281800;;SUBMISSION;HYDROGEL_PACK;SEASHELLS;10005;1
281900;Mark 38;SUBMISSION;HYDROGEL_PACK;SEASHELLS;10019;2
282100;;SUBMISSION;HYDROGEL_PACK;SEASHELLS;10005;1
282200;;SUBMISSION;HYDROGEL_PACK;SEASHELLS;10007;5
282300;;SUBMISSION;HYDROGEL_PACK;SEASHELLS;10006;3
289400;SUBMISSION;;VEV_4000;SEASHELLS;1236;2
289400;SUBMISSION;;VEV_4500;SEASHELLS;736;2
290900;SUBMISSION;;VEV_4000;SEASHELLS;1229;4
290900;SUBMISSION;;VEV_4500;SEASHELLS;729;4
294300;SUBMISSION;;VEV_5100;SEASHELLS;142;1
296500;Mark 38;SUBMISSION;VEV_4000;SEASHELLS;1231;3
302500;SUBMISSION;;HYDROGEL_PACK;SEASHELLS;9999;1
302600;SUBMISSION;;HYDROGEL_PACK;SEASHELLS;9999;1
306100;SUBMISSION;Mark 38;HYDROGEL_PACK;SEASHELLS;10000;4
307500;SUBMISSION;;HYDROGEL_PACK;SEASHELLS;9999;2
307700;SUBMISSION;;HYDROGEL_PACK;SEASHELLS;10000;1
307800;SUBMISSION;;HYDROGEL_PACK;SEASHELLS;9998;6
307900;SUBMISSION;;HYDROGEL_PACK;SEASHELLS;10000;1
308000;SUBMISSION;;HYDROGEL_PACK;SEASHELLS;9993;6
308000;SUBMISSION;;HYDROGEL_PACK;SEASHELLS;10001;2
308700;SUBMISSION;;HYDROGEL_PACK;SEASHELLS;10000;2
308900;SUBMISSION;;HYDROGEL_PACK;SEASHELLS;9997;9
309000;SUBMISSION;;HYDROGEL_PACK;SEASHELLS;9998;6
309100;SUBMISSION;;HYDROGEL_PACK;SEASHELLS;9996;11
309200;SUBMISSION;;HYDROGEL_PACK;SEASHELLS;9999;4
309400;SUBMISSION;;HYDROGEL_PACK;SEASHELLS;9999;4
309500;SUBMISSION;;HYDROGEL_PACK;SEASHELLS;9999;4
310200;SUBMISSION;;HYDROGEL_PACK;SEASHELLS;9998;7
310300;SUBMISSION;;HYDROGEL_PACK;SEASHELLS;9997;9
310400;SUBMISSION;;HYDROGEL_PACK;SEASHELLS;9999;5
310500;SUBMISSION;;HYDROGEL_PACK;SEASHELLS;9997;9
310600;SUBMISSION;;HYDROGEL_PACK;SEASHELLS;9997;9
310700;SUBMISSION;;HYDROGEL_PACK;SEASHELLS;9992;13
310700;SUBMISSION;;HYDROGEL_PACK;SEASHELLS;9995;8
315200;SUBMISSION;;HYDROGEL_PACK;SEASHELLS;9998;5
315800;SUBMISSION;;VEV_4000;SEASHELLS;1226;3
315800;SUBMISSION;;VEV_4500;SEASHELLS;726;1
315800;;SUBMISSION;VEV_5100;SEASHELLS;138;1
316200;SUBMISSION;;HYDROGEL_PACK;SEASHELLS;10000;1
317200;SUBMISSION;;VEV_4000;SEASHELLS;1226;4
319700;SUBMISSION;;VEV_4000;SEASHELLS;1224;2
319700;SUBMISSION;;VEV_4500;SEASHELLS;724;2
320200;SUBMISSION;;VEV_4000;SEASHELLS;1222;4
320200;SUBMISSION;;VEV_4500;SEASHELLS;722;1
328700;SUBMISSION;;VEV_4000;SEASHELLS;1230;3
328700;SUBMISSION;;VEV_4500;SEASHELLS;730;3
329200;SUBMISSION;;VEV_4000;SEASHELLS;1232;5
329200;SUBMISSION;;VEV_4500;SEASHELLS;732;4
332700;SUBMISSION;Mark 38;HYDROGEL_PACK;SEASHELLS;9987;5
332900;Mark 38;SUBMISSION;VEV_4000;SEASHELLS;1246;3
334800;Mark 38;SUBMISSION;VEV_4000;SEASHELLS;1246;2
336500;;SUBMISSION;HYDROGEL_PACK;SEASHELLS;10007;4
336600;;SUBMISSION;HYDROGEL_PACK;SEASHELLS;10006;2
336700;;SUBMISSION;HYDROGEL_PACK;SEASHELLS;10006;2
336800;;SUBMISSION;HYDROGEL_PACK;SEASHELLS;10007;4
336900;;SUBMISSION;HYDROGEL_PACK;SEASHELLS;10007;4
337000;;SUBMISSION;HYDROGEL_PACK;SEASHELLS;10009;8
337100;;SUBMISSION;HYDROGEL_PACK;SEASHELLS;10010;10
337200;;SUBMISSION;HYDROGEL_PACK;SEASHELLS;10010;10
337300;;SUBMISSION;HYDROGEL_PACK;SEASHELLS;10010;10
337400;;SUBMISSION;HYDROGEL_PACK;SEASHELLS;10012;11
337400;;SUBMISSION;HYDROGEL_PACK;SEASHELLS;10009;3
337500;;SUBMISSION;HYDROGEL_PACK;SEASHELLS;10015;13
337500;;SUBMISSION;HYDROGEL_PACK;SEASHELLS;10013;7
337600;;SUBMISSION;HYDROGEL_PACK;SEASHELLS;10016;11
337600;;SUBMISSION;HYDROGEL_PACK;SEASHELLS;10013;11
338200;;SUBMISSION;HYDROGEL_PACK;SEASHELLS;10017;10
338200;;SUBMISSION;HYDROGEL_PACK;SEASHELLS;10014;13
339800;Mark 38;SUBMISSION;VEV_4000;SEASHELLS;1239;1
344400;Mark 38;SUBMISSION;VEV_4000;SEASHELLS;1238;1
345900;Mark 38;SUBMISSION;VEV_4000;SEASHELLS;1239;2
346200;SUBMISSION;;VEV_4000;SEASHELLS;1226;3
346200;SUBMISSION;;VEV_4500;SEASHELLS;726;2
350300;SUBMISSION;;VEV_4000;SEASHELLS;1223;4
350300;SUBMISSION;;VEV_4500;SEASHELLS;723;2
362400;Mark 38;SUBMISSION;VEV_4000;SEASHELLS;1228;3
363100;SUBMISSION;;VEV_4000;SEASHELLS;1224;2
363100;SUBMISSION;;VEV_4500;SEASHELLS;724;2
364700;SUBMISSION;;VEV_4000;SEASHELLS;1223;3
364700;SUBMISSION;;VEV_4500;SEASHELLS;723;3
369800;SUBMISSION;;VEV_4000;SEASHELLS;1228;5
369800;SUBMISSION;;VEV_4500;SEASHELLS;728;5
380200;Mark 38;SUBMISSION;HYDROGEL_PACK;SEASHELLS;10033;6
389300;Mark 38;SUBMISSION;VEV_4000;SEASHELLS;1249;3
390200;SUBMISSION;Mark 38;HYDROGEL_PACK;SEASHELLS;9997;2
392500;Mark 38;SUBMISSION;VEV_4000;SEASHELLS;1257;1
395400;Mark 38;SUBMISSION;VEV_4000;SEASHELLS;1258;3
396700;Mark 38;SUBMISSION;VEV_4000;SEASHELLS;1262;3
397300;Mark 38;SUBMISSION;VEV_4000;SEASHELLS;1261;1
397900;Mark 38;SUBMISSION;VEV_4000;SEASHELLS;1261;2
404300;SUBMISSION;Mark 38;HYDROGEL_PACK;SEASHELLS;9994;6
406000;SUBMISSION;;HYDROGEL_PACK;SEASHELLS;9994;1
409100;SUBMISSION;;HYDROGEL_PACK;SEASHELLS;9995;1
409100;SUBMISSION;Mark 38;HYDROGEL_PACK;SEASHELLS;9980;3
409300;SUBMISSION;;HYDROGEL_PACK;SEASHELLS;9991;1
409800;SUBMISSION;;HYDROGEL_PACK;SEASHELLS;9993;4
409900;SUBMISSION;;HYDROGEL_PACK;SEASHELLS;9994;3
410000;SUBMISSION;;HYDROGEL_PACK;SEASHELLS;9992;6
410100;SUBMISSION;;HYDROGEL_PACK;SEASHELLS;9987;11
410100;SUBMISSION;;HYDROGEL_PACK;SEASHELLS;9990;2
410200;SUBMISSION;;HYDROGEL_PACK;SEASHELLS;9985;13
410200;SUBMISSION;;HYDROGEL_PACK;SEASHELLS;9987;3
410300;SUBMISSION;;HYDROGEL_PACK;SEASHELLS;9984;10
410300;SUBMISSION;;HYDROGEL_PACK;SEASHELLS;9986;7
410400;SUBMISSION;;HYDROGEL_PACK;SEASHELLS;9984;11
410400;SUBMISSION;;HYDROGEL_PACK;SEASHELLS;9986;6
410500;SUBMISSION;;HYDROGEL_PACK;SEASHELLS;9981;12
410500;SUBMISSION;;HYDROGEL_PACK;SEASHELLS;9984;10
410600;SUBMISSION;;HYDROGEL_PACK;SEASHELLS;9982;13
410600;SUBMISSION;;HYDROGEL_PACK;SEASHELLS;9984;7
412200;SUBMISSION;;HYDROGEL_PACK;SEASHELLS;9994;2
417100;Mark 38;SUBMISSION;HYDROGEL_PACK;SEASHELLS;10012;4
418800;;SUBMISSION;HYDROGEL_PACK;SEASHELLS;10008;2
418900;;SUBMISSION;HYDROGEL_PACK;SEASHELLS;10008;2
419000;;SUBMISSION;HYDROGEL_PACK;SEASHELLS;10011;7
419100;;SUBMISSION;HYDROGEL_PACK;SEASHELLS;10013;10
419200;;SUBMISSION;HYDROGEL_PACK;SEASHELLS;10013;10
419300;;SUBMISSION;HYDROGEL_PACK;SEASHELLS;10014;10
419300;;SUBMISSION;HYDROGEL_PACK;SEASHELLS;10012;2
419400;;SUBMISSION;HYDROGEL_PACK;SEASHELLS;10014;11
419400;;SUBMISSION;HYDROGEL_PACK;SEASHELLS;10011;1
419500;;SUBMISSION;HYDROGEL_PACK;SEASHELLS;10016;10
419500;;SUBMISSION;HYDROGEL_PACK;SEASHELLS;10014;5
419600;;SUBMISSION;HYDROGEL_PACK;SEASHELLS;10016;13
419600;;SUBMISSION;HYDROGEL_PACK;SEASHELLS;10014;2
419700;;SUBMISSION;HYDROGEL_PACK;SEASHELLS;10016;15
419800;;SUBMISSION;HYDROGEL_PACK;SEASHELLS;10015;13
419800;;SUBMISSION;HYDROGEL_PACK;SEASHELLS;10013;1
419900;;SUBMISSION;HYDROGEL_PACK;SEASHELLS;10012;9
420300;Mark 38;SUBMISSION;VEV_4000;SEASHELLS;1240;1
420700;;SUBMISSION;HYDROGEL_PACK;SEASHELLS;10008;2
422600;;SUBMISSION;HYDROGEL_PACK;SEASHELLS;10007;1
427800;Mark 38;SUBMISSION;VEV_4000;SEASHELLS;1227;1
428900;SUBMISSION;;VEV_4000;SEASHELLS;1219;5
428900;SUBMISSION;;VEV_4500;SEASHELLS;719;4
431900;SUBMISSION;;VEV_4000;SEASHELLS;1215;5
431900;SUBMISSION;;VEV_4500;SEASHELLS;715;4
442200;SUBMISSION;;VEV_4000;SEASHELLS;1213;2
442200;SUBMISSION;;VEV_4500;SEASHELLS;713;2
451300;SUBMISSION;;VEV_4000;SEASHELLS;1210;3
451300;SUBMISSION;;VEV_4500;SEASHELLS;710;3
452100;Mark 38;SUBMISSION;VEV_4000;SEASHELLS;1217;1
456600;SUBMISSION;;VEV_4000;SEASHELLS;1213;2
456600;SUBMISSION;;VEV_4500;SEASHELLS;713;2
459800;SUBMISSION;;VEV_4000;SEASHELLS;1213;2
459800;SUBMISSION;;VEV_4500;SEASHELLS;713;2
471200;Mark 38;SUBMISSION;VEV_4000;SEASHELLS;1221;1
480200;Mark 38;SUBMISSION;HYDROGEL_PACK;SEASHELLS;10039;5
481700;Mark 38;SUBMISSION;VEV_4000;SEASHELLS;1224;2
483900;SUBMISSION;;VEV_4000;SEASHELLS;1209;3
483900;SUBMISSION;;VEV_4500;SEASHELLS;709;1
485500;SUBMISSION;;VEV_4000;SEASHELLS;1216;2
485500;SUBMISSION;;VEV_4500;SEASHELLS;716;2
489900;Mark 38;SUBMISSION;VEV_4000;SEASHELLS;1221;3
491400;Mark 38;SUBMISSION;VEV_4000;SEASHELLS;1217;1
492500;Mark 38;SUBMISSION;VEV_4000;SEASHELLS;1222;2
498100;SUBMISSION;;VEV_4000;SEASHELLS;1204;5
510600;Mark 38;SUBMISSION;VEV_4000;SEASHELLS;1216;1
511000;Mark 38;SUBMISSION;VEV_4000;SEASHELLS;1212;2
511800;SUBMISSION;;VEV_4000;SEASHELLS;1201;2
511800;SUBMISSION;;VEV_4500;SEASHELLS;701;2
516400;SUBMISSION;;VEV_4000;SEASHELLS;1211;4
516400;SUBMISSION;;VEV_4500;SEASHELLS;711;4
524000;SUBMISSION;;VEV_4000;SEASHELLS;1205;2
524000;SUBMISSION;;VEV_4500;SEASHELLS;705;2
529600;SUBMISSION;;VEV_4000;SEASHELLS;1200;2
529600;SUBMISSION;;VEV_4500;SEASHELLS;700;2
531500;SUBMISSION;;VEV_4000;SEASHELLS;1200;2
531500;SUBMISSION;;VEV_4500;SEASHELLS;700;2
534000;Mark 38;SUBMISSION;VEV_4000;SEASHELLS;1202;2
535400;SUBMISSION;;VEV_4000;SEASHELLS;1194;3
535400;SUBMISSION;;VEV_4500;SEASHELLS;694;2
535900;SUBMISSION;;VEV_4000;SEASHELLS;1194;3
535900;SUBMISSION;;VEV_4500;SEASHELLS;694;2
540300;Mark 38;SUBMISSION;HYDROGEL_PACK;SEASHELLS;10008;4
542500;SUBMISSION;Mark 38;HYDROGEL_PACK;SEASHELLS;9996;3
547600;SUBMISSION;;VEV_4000;SEASHELLS;1207;4
547600;SUBMISSION;;VEV_4500;SEASHELLS;707;4
551600;SUBMISSION;;VEV_4000;SEASHELLS;1213;4
551600;SUBMISSION;;VEV_4500;SEASHELLS;713;4
551800;SUBMISSION;Mark 38;HYDROGEL_PACK;SEASHELLS;9996;2
555500;Mark 38;SUBMISSION;HYDROGEL_PACK;SEASHELLS;10005;5
556400;SUBMISSION;;VEV_4000;SEASHELLS;1219;5
556400;SUBMISSION;;VEV_4500;SEASHELLS;719;3
558600;Mark 38;SUBMISSION;VEV_4000;SEASHELLS;1228;2
566500;Mark 38;SUBMISSION;VEV_4000;SEASHELLS;1236;2
570300;SUBMISSION;;HYDROGEL_PACK;SEASHELLS;9996;2
570400;SUBMISSION;;HYDROGEL_PACK;SEASHELLS;9995;4
570500;SUBMISSION;;HYDROGEL_PACK;SEASHELLS;9992;9
570600;SUBMISSION;;HYDROGEL_PACK;SEASHELLS;9992;9
570700;SUBMISSION;;HYDROGEL_PACK;SEASHELLS;9992;9
570800;SUBMISSION;;HYDROGEL_PACK;SEASHELLS;9995;4
570900;SUBMISSION;;HYDROGEL_PACK;SEASHELLS;9994;6
571000;SUBMISSION;;HYDROGEL_PACK;SEASHELLS;9993;7
571100;SUBMISSION;;HYDROGEL_PACK;SEASHELLS;9993;7
571200;SUBMISSION;;HYDROGEL_PACK;SEASHELLS;9995;4
571400;SUBMISSION;;HYDROGEL_PACK;SEASHELLS;9997;1
573400;SUBMISSION;;HYDROGEL_PACK;SEASHELLS;9997;1
574100;SUBMISSION;;HYDROGEL_PACK;SEASHELLS;9996;4
574200;SUBMISSION;;HYDROGEL_PACK;SEASHELLS;9994;7
574300;SUBMISSION;;HYDROGEL_PACK;SEASHELLS;9993;9
574400;SUBMISSION;;HYDROGEL_PACK;SEASHELLS;9992;11
574500;SUBMISSION;;HYDROGEL_PACK;SEASHELLS;9989;15
574500;SUBMISSION;;HYDROGEL_PACK;SEASHELLS;9992;1
574600;SUBMISSION;;HYDROGEL_PACK;SEASHELLS;9989;12
574600;SUBMISSION;;HYDROGEL_PACK;SEASHELLS;9992;4
575400;SUBMISSION;;HYDROGEL_PACK;SEASHELLS;9992;10
577300;SUBMISSION;;HYDROGEL_PACK;SEASHELLS;9996;3
579000;Mark 38;SUBMISSION;VEV_4000;SEASHELLS;1233;3
580600;SUBMISSION;;VEV_4000;SEASHELLS;1222;1
583100;SUBMISSION;;VEV_4000;SEASHELLS;1220;2
584300;SUBMISSION;;VEV_4000;SEASHELLS;1218;2
584300;SUBMISSION;;VEV_4500;SEASHELLS;718;1
590000;Mark 38;SUBMISSION;HYDROGEL_PACK;SEASHELLS;10017;4
590500;SUBMISSION;Mark 38;HYDROGEL_PACK;SEASHELLS;9994;3
591200;Mark 38;SUBMISSION;HYDROGEL_PACK;SEASHELLS;10015;5
592700;;SUBMISSION;HYDROGEL_PACK;SEASHELLS;10005;3
592800;;SUBMISSION;HYDROGEL_PACK;SEASHELLS;10006;5
592900;;SUBMISSION;HYDROGEL_PACK;SEASHELLS;10007;7
593000;;SUBMISSION;HYDROGEL_PACK;SEASHELLS;10007;7
593100;;SUBMISSION;HYDROGEL_PACK;SEASHELLS;10006;5
593200;;SUBMISSION;HYDROGEL_PACK;SEASHELLS;10004;1
593300;;SUBMISSION;HYDROGEL_PACK;SEASHELLS;10005;3
595300;;SUBMISSION;HYDROGEL_PACK;SEASHELLS;10004;2
595400;;SUBMISSION;HYDROGEL_PACK;SEASHELLS;10004;2
595500;;SUBMISSION;HYDROGEL_PACK;SEASHELLS;10005;4
595600;;SUBMISSION;HYDROGEL_PACK;SEASHELLS;10005;4
595700;;SUBMISSION;HYDROGEL_PACK;SEASHELLS;10006;6
595800;;SUBMISSION;HYDROGEL_PACK;SEASHELLS;10004;2
596000;;SUBMISSION;HYDROGEL_PACK;SEASHELLS;10006;6
596100;;SUBMISSION;HYDROGEL_PACK;SEASHELLS;10007;9
596200;;SUBMISSION;HYDROGEL_PACK;SEASHELLS;10009;13
596300;;SUBMISSION;HYDROGEL_PACK;SEASHELLS;10011;10
596300;;SUBMISSION;HYDROGEL_PACK;SEASHELLS;10009;8
596400;;SUBMISSION;HYDROGEL_PACK;SEASHELLS;10010;11
596400;;SUBMISSION;HYDROGEL_PACK;SEASHELLS;10008;4
597900;;SUBMISSION;HYDROGEL_PACK;SEASHELLS;10009;12
604800;SUBMISSION;Mark 38;HYDROGEL_PACK;SEASHELLS;9999;5
607100;SUBMISSION;Mark 38;HYDROGEL_PACK;SEASHELLS;9999;3
607900;Mark 38;SUBMISSION;HYDROGEL_PACK;SEASHELLS;10008;3
610100;;SUBMISSION;HYDROGEL_PACK;SEASHELLS;10005;3
611000;;SUBMISSION;HYDROGEL_PACK;SEASHELLS;10004;1
611300;;SUBMISSION;HYDROGEL_PACK;SEASHELLS;10004;1
615400;Mark 38;SUBMISSION;HYDROGEL_PACK;SEASHELLS;10014;3
621000;SUBMISSION;;VEV_4000;SEASHELLS;1220;4
622500;SUBMISSION;;VEV_4000;SEASHELLS;1221;2
622500;SUBMISSION;;VEV_4500;SEASHELLS;721;2
624000;Mark 38;SUBMISSION;HYDROGEL_PACK;SEASHELLS;10012;5
624200;SUBMISSION;;VEV_4000;SEASHELLS;1223;3
624700;Mark 38;SUBMISSION;VEV_4000;SEASHELLS;1235;3
626200;SUBMISSION;;HYDROGEL_PACK;SEASHELLS;10002;1
626300;SUBMISSION;;HYDROGEL_PACK;SEASHELLS;10001;4
626400;SUBMISSION;;HYDROGEL_PACK;SEASHELLS;10002;1
626700;SUBMISSION;;HYDROGEL_PACK;SEASHELLS;10001;4
626800;SUBMISSION;;HYDROGEL_PACK;SEASHELLS;10000;7
626900;SUBMISSION;;HYDROGEL_PACK;SEASHELLS;9999;10
627000;SUBMISSION;;HYDROGEL_PACK;SEASHELLS;9997;15
627100;SUBMISSION;;HYDROGEL_PACK;SEASHELLS;9998;12
627200;SUBMISSION;;HYDROGEL_PACK;SEASHELLS;9999;9
627300;SUBMISSION;;HYDROGEL_PACK;SEASHELLS;10000;7
627400;SUBMISSION;;HYDROGEL_PACK;SEASHELLS;10000;7
627500;SUBMISSION;;HYDROGEL_PACK;SEASHELLS;10000;7
627700;SUBMISSION;;HYDROGEL_PACK;SEASHELLS;10000;7
627800;SUBMISSION;;HYDROGEL_PACK;SEASHELLS;9999;10
627900;SUBMISSION;;HYDROGEL_PACK;SEASHELLS;10001;4
628000;SUBMISSION;;HYDROGEL_PACK;SEASHELLS;10001;4
628100;SUBMISSION;;HYDROGEL_PACK;SEASHELLS;10002;1
628200;SUBMISSION;;HYDROGEL_PACK;SEASHELLS;10001;4
628300;SUBMISSION;;HYDROGEL_PACK;SEASHELLS;10002;1
628400;SUBMISSION;;HYDROGEL_PACK;SEASHELLS;9999;10
629600;SUBMISSION;;HYDROGEL_PACK;SEASHELLS;9999;9
647700;SUBMISSION;Mark 38;HYDROGEL_PACK;SEASHELLS;9982;3
650800;SUBMISSION;;HYDROGEL_PACK;SEASHELLS;9997;1
658900;;SUBMISSION;VEV_5000;SEASHELLS;259;2
659000;;SUBMISSION;VEV_5000;SEASHELLS;260;2
659100;;SUBMISSION;VEV_5000;SEASHELLS;261;3
659200;;SUBMISSION;VEV_5000;SEASHELLS;262;4
659300;;SUBMISSION;VEV_5000;SEASHELLS;263;4
659400;;SUBMISSION;VEV_5000;SEASHELLS;262;4
659500;;SUBMISSION;VEV_5000;SEASHELLS;261;3
659600;;SUBMISSION;VEV_5000;SEASHELLS;262;4
659700;;SUBMISSION;VEV_5000;SEASHELLS;262;4
659800;;SUBMISSION;VEV_5000;SEASHELLS;264;5
659900;;SUBMISSION;VEV_5000;SEASHELLS;264;6
660000;;SUBMISSION;VEV_5000;SEASHELLS;263;4
660100;;SUBMISSION;VEV_5000;SEASHELLS;263;5
660200;;SUBMISSION;VEV_5000;SEASHELLS;262;4
660300;;SUBMISSION;VEV_5000;SEASHELLS;263;4
660400;;SUBMISSION;VEV_5000;SEASHELLS;262;4
660500;;SUBMISSION;VEV_5000;SEASHELLS;263;5
660600;;SUBMISSION;VEV_5000;SEASHELLS;261;3
660700;;SUBMISSION;VEV_5000;SEASHELLS;262;4
660800;;SUBMISSION;VEV_5000;SEASHELLS;261;3
660900;;SUBMISSION;VEV_5000;SEASHELLS;261;3
661000;;SUBMISSION;VEV_5000;SEASHELLS;262;4
661100;;SUBMISSION;VEV_5000;SEASHELLS;261;3
661200;;SUBMISSION;VEV_5000;SEASHELLS;260;2
661300;;SUBMISSION;VEV_5000;SEASHELLS;260;2
661400;;SUBMISSION;VEV_5000;SEASHELLS;262;4
661500;;SUBMISSION;VEV_5000;SEASHELLS;263;4
661600;;SUBMISSION;VEV_5000;SEASHELLS;262;4
661700;;SUBMISSION;VEV_5000;SEASHELLS;263;4
661800;;SUBMISSION;VEV_5000;SEASHELLS;261;4
661900;;SUBMISSION;VEV_5000;SEASHELLS;260;2
662000;;SUBMISSION;VEV_5000;SEASHELLS;262;5
662100;;SUBMISSION;VEV_5000;SEASHELLS;263;4
662200;;SUBMISSION;VEV_5000;SEASHELLS;263;4
662300;;SUBMISSION;VEV_5000;SEASHELLS;262;4
662400;;SUBMISSION;VEV_5000;SEASHELLS;262;4
662500;;SUBMISSION;VEV_5000;SEASHELLS;261;3
662600;;SUBMISSION;VEV_5000;SEASHELLS;261;3
662700;;SUBMISSION;VEV_5000;SEASHELLS;261;4
662800;;SUBMISSION;VEV_5000;SEASHELLS;262;4
662900;;SUBMISSION;VEV_5000;SEASHELLS;263;4
663000;;SUBMISSION;VEV_5000;SEASHELLS;262;4
663100;;SUBMISSION;VEV_5000;SEASHELLS;261;2
663200;;SUBMISSION;VEV_5000;SEASHELLS;260;2
663300;;SUBMISSION;VEV_5000;SEASHELLS;259;2
663400;;SUBMISSION;VEV_5000;SEASHELLS;260;2
663500;;SUBMISSION;VEV_5000;SEASHELLS;259;1
664800;;SUBMISSION;VEV_5000;SEASHELLS;258;1
664900;;SUBMISSION;VEV_5000;SEASHELLS;259;2
665000;;SUBMISSION;VEV_5000;SEASHELLS;259;2
665400;;SUBMISSION;VEV_5000;SEASHELLS;258;1
665600;;SUBMISSION;VEV_5000;SEASHELLS;257;1
665700;;SUBMISSION;VEV_5000;SEASHELLS;258;1
665800;;SUBMISSION;VEV_5000;SEASHELLS;258;2
665900;;SUBMISSION;VEV_4000;SEASHELLS;1259;1
666000;;SUBMISSION;VEV_5000;SEASHELLS;258;2
666100;;SUBMISSION;VEV_5000;SEASHELLS;258;1
666300;;SUBMISSION;VEV_5000;SEASHELLS;258;1
667300;;SUBMISSION;VEV_5000;SEASHELLS;257;8
667400;;SUBMISSION;VEV_5000;SEASHELLS;257;9
667600;;SUBMISSION;VEV_5000;SEASHELLS;259;2
667700;;SUBMISSION;VEV_5000;SEASHELLS;258;1
679700;;SUBMISSION;VEV_5000;SEASHELLS;255;1
686200;Mark 38;SUBMISSION;VEV_4000;SEASHELLS;1254;3
688900;SUBMISSION;;VEV_5000;SEASHELLS;247;1
689000;SUBMISSION;;VEV_5000;SEASHELLS;246;2
689100;SUBMISSION;;VEV_5000;SEASHELLS;245;3
689200;SUBMISSION;;VEV_5000;SEASHELLS;245;2
689300;SUBMISSION;;VEV_5000;SEASHELLS;245;3
689400;SUBMISSION;;VEV_5000;SEASHELLS;246;3
689500;SUBMISSION;;VEV_5000;SEASHELLS;245;3
689600;SUBMISSION;;VEV_5000;SEASHELLS;246;2
689700;SUBMISSION;;VEV_5000;SEASHELLS;245;3
689800;SUBMISSION;;VEV_5000;SEASHELLS;245;3
689900;SUBMISSION;;VEV_4000;SEASHELLS;1240;5
690000;SUBMISSION;;VEV_5000;SEASHELLS;246;3
690100;SUBMISSION;;VEV_5000;SEASHELLS;245;3
690200;SUBMISSION;;VEV_5000;SEASHELLS;244;4
690300;SUBMISSION;;VEV_5000;SEASHELLS;245;3
691100;SUBMISSION;;VEV_5000;SEASHELLS;248;1
691200;SUBMISSION;;VEV_5000;SEASHELLS;247;2
700600;SUBMISSION;;VEV_5000;SEASHELLS;249;2
702400;Mark 38;SUBMISSION;VEV_4000;SEASHELLS;1254;2
703300;SUBMISSION;;VEV_5000;SEASHELLS;248;1
703400;SUBMISSION;;VEV_5000;SEASHELLS;246;4
703500;SUBMISSION;;VEV_5000;SEASHELLS;246;6
703600;SUBMISSION;;VEV_5000;SEASHELLS;246;4
703700;SUBMISSION;;VEV_5000;SEASHELLS;247;3
703800;SUBMISSION;;VEV_5000;SEASHELLS;247;3
703900;SUBMISSION;;VEV_5000;SEASHELLS;248;1
705700;SUBMISSION;;VEV_5000;SEASHELLS;250;2
706200;SUBMISSION;;VEV_5000;SEASHELLS;249;2
706300;SUBMISSION;;VEV_5000;SEASHELLS;249;1
707100;SUBMISSION;;VEV_5000;SEASHELLS;248;3
708400;Mark 38;SUBMISSION;VEV_4000;SEASHELLS;1266;1
708400;;SUBMISSION;VEV_5000;SEASHELLS;255;5
708500;;SUBMISSION;VEV_5000;SEASHELLS;254;4
709100;;SUBMISSION;VEV_5000;SEASHELLS;253;2
709200;;SUBMISSION;VEV_5000;SEASHELLS;254;4
709300;;SUBMISSION;VEV_5000;SEASHELLS;254;4
709400;;SUBMISSION;VEV_5000;SEASHELLS;254;4
709500;;SUBMISSION;VEV_5000;SEASHELLS;255;6
709600;;SUBMISSION;VEV_5000;SEASHELLS;255;5
709700;;SUBMISSION;VEV_5000;SEASHELLS;254;4
709800;;SUBMISSION;VEV_5000;SEASHELLS;255;5
709900;;SUBMISSION;VEV_5000;SEASHELLS;255;5
710000;;SUBMISSION;VEV_5000;SEASHELLS;255;5
710100;;SUBMISSION;VEV_5000;SEASHELLS;256;7
710200;;SUBMISSION;VEV_5000;SEASHELLS;256;6
710200;;SUBMISSION;VEV_5000;SEASHELLS;255;1
713400;;SUBMISSION;VEV_5000;SEASHELLS;257;6
714400;Mark 38;SUBMISSION;VEV_4000;SEASHELLS;1271;1
714900;;SUBMISSION;VEV_4000;SEASHELLS;1262;4
714900;;SUBMISSION;VEV_4500;SEASHELLS;762;4
732900;Mark 38;SUBMISSION;VEV_4000;SEASHELLS;1260;1
736700;SUBMISSION;;VEV_5000;SEASHELLS;248;1
736800;SUBMISSION;;VEV_5000;SEASHELLS;247;3
736900;SUBMISSION;;VEV_5000;SEASHELLS;247;6
737000;SUBMISSION;;VEV_5000;SEASHELLS;247;2
737100;SUBMISSION;;VEV_5000;SEASHELLS;247;4
737200;SUBMISSION;;VEV_5000;SEASHELLS;247;2
737300;SUBMISSION;;VEV_5000;SEASHELLS;246;4
737400;SUBMISSION;;VEV_5000;SEASHELLS;246;4
737500;SUBMISSION;;VEV_5000;SEASHELLS;245;5
737600;SUBMISSION;;VEV_5000;SEASHELLS;246;4
737700;SUBMISSION;;VEV_5000;SEASHELLS;246;4
737800;SUBMISSION;;VEV_5000;SEASHELLS;247;2
737900;SUBMISSION;;VEV_5000;SEASHELLS;246;4
738000;SUBMISSION;;VEV_5000;SEASHELLS;245;6
738100;SUBMISSION;;VEV_5000;SEASHELLS;245;6
738200;SUBMISSION;;VEV_5000;SEASHELLS;245;6
738300;SUBMISSION;;VEV_5000;SEASHELLS;244;6
738400;SUBMISSION;;VEV_5000;SEASHELLS;245;5
738500;SUBMISSION;;VEV_5000;SEASHELLS;245;5
738600;SUBMISSION;;VEV_5000;SEASHELLS;246;4
738700;SUBMISSION;;VEV_5000;SEASHELLS;246;5
738800;SUBMISSION;;VEV_5000;SEASHELLS;246;4
738900;SUBMISSION;;VEV_5000;SEASHELLS;247;4
739000;SUBMISSION;;VEV_5000;SEASHELLS;247;2
739100;SUBMISSION;;VEV_5000;SEASHELLS;247;3
739200;SUBMISSION;;VEV_5000;SEASHELLS;246;4
739300;SUBMISSION;;VEV_5000;SEASHELLS;248;1
739900;SUBMISSION;;VEV_5000;SEASHELLS;247;2
740000;SUBMISSION;;VEV_5000;SEASHELLS;248;1
740100;SUBMISSION;;VEV_5000;SEASHELLS;247;2
740200;SUBMISSION;;VEV_5000;SEASHELLS;247;2
740300;SUBMISSION;;VEV_5000;SEASHELLS;247;4
740400;SUBMISSION;;VEV_5000;SEASHELLS;246;4
740500;SUBMISSION;;VEV_5000;SEASHELLS;246;4
740600;SUBMISSION;;VEV_5000;SEASHELLS;245;4
740700;SUBMISSION;;VEV_5000;SEASHELLS;244;7
740800;SUBMISSION;;VEV_5000;SEASHELLS;245;6
740900;SUBMISSION;;VEV_5000;SEASHELLS;243;9
741000;SUBMISSION;;VEV_5000;SEASHELLS;243;6
741000;SUBMISSION;;VEV_5000;SEASHELLS;244;2
741100;SUBMISSION;;VEV_4000;SEASHELLS;1237;2
741100;SUBMISSION;;VEV_4500;SEASHELLS;737;2
741100;SUBMISSION;;VEV_5000;SEASHELLS;239;2
741100;SUBMISSION;;VEV_5000;SEASHELLS;242;3
741200;SUBMISSION;;VEV_5000;SEASHELLS;242;9
741300;SUBMISSION;;VEV_5000;SEASHELLS;242;9
741400;SUBMISSION;;VEV_5000;SEASHELLS;243;8
741500;SUBMISSION;;VEV_5000;SEASHELLS;243;10
743900;Mark 38;SUBMISSION;VEV_4000;SEASHELLS;1250;2
752300;Mark 38;SUBMISSION;VEV_4000;SEASHELLS;1236;2
753700;SUBMISSION;;VEV_4000;SEASHELLS;1230;3
753700;SUBMISSION;;VEV_4500;SEASHELLS;730;3
766900;SUBMISSION;;VEV_4000;SEASHELLS;1233;2
766900;SUBMISSION;;VEV_4500;SEASHELLS;733;1
772800;Mark 38;SUBMISSION;VEV_4000;SEASHELLS;1237;3
777600;SUBMISSION;;VEV_4000;SEASHELLS;1228;5
777600;SUBMISSION;;VEV_4500;SEASHELLS;728;1
792400;Mark 38;SUBMISSION;VEV_4000;SEASHELLS;1259;3
804900;;SUBMISSION;VEV_5000;SEASHELLS;255;1
805000;;SUBMISSION;VEV_5000;SEASHELLS;255;2
805100;;SUBMISSION;VEV_5000;SEASHELLS;256;2
805200;;SUBMISSION;VEV_5000;SEASHELLS;255;1
805300;;SUBMISSION;VEV_5000;SEASHELLS;256;3
805400;;SUBMISSION;VEV_5000;SEASHELLS;257;3
805500;;SUBMISSION;VEV_5000;SEASHELLS;258;4
805600;;SUBMISSION;VEV_5000;SEASHELLS;259;5
805700;;SUBMISSION;VEV_5000;SEASHELLS;259;6
805800;;SUBMISSION;VEV_5000;SEASHELLS;260;6
805900;;SUBMISSION;VEV_5000;SEASHELLS;260;8
806000;;SUBMISSION;VEV_5000;SEASHELLS;259;6
806100;;SUBMISSION;VEV_5000;SEASHELLS;260;6
806200;;SUBMISSION;VEV_5000;SEASHELLS;260;7
806300;;SUBMISSION;VEV_5000;SEASHELLS;260;8
806400;;SUBMISSION;VEV_5000;SEASHELLS;261;8
806500;;SUBMISSION;VEV_5000;SEASHELLS;259;6
806600;;SUBMISSION;VEV_5000;SEASHELLS;259;5
806700;;SUBMISSION;VEV_5000;SEASHELLS;259;5
806800;;SUBMISSION;VEV_5000;SEASHELLS;258;2
806900;;SUBMISSION;VEV_5000;SEASHELLS;260;6
807000;;SUBMISSION;VEV_5000;SEASHELLS;260;6
807100;;SUBMISSION;VEV_5000;SEASHELLS;258;5
807200;;SUBMISSION;VEV_5000;SEASHELLS;258;4
807300;;SUBMISSION;VEV_5000;SEASHELLS;259;6
807400;;SUBMISSION;VEV_5000;SEASHELLS;258;4
807500;;SUBMISSION;VEV_5000;SEASHELLS;258;4
807600;;SUBMISSION;VEV_5000;SEASHELLS;257;4
807700;;SUBMISSION;VEV_5000;SEASHELLS;257;4
807800;;SUBMISSION;VEV_5000;SEASHELLS;257;3
807900;;SUBMISSION;VEV_5000;SEASHELLS;257;4
808000;;SUBMISSION;VEV_5000;SEASHELLS;257;3
808100;;SUBMISSION;VEV_5000;SEASHELLS;257;4
808200;;SUBMISSION;VEV_5000;SEASHELLS;257;3
808300;;SUBMISSION;VEV_5000;SEASHELLS;256;2
808400;;SUBMISSION;VEV_5000;SEASHELLS;255;1
808500;;SUBMISSION;VEV_5000;SEASHELLS;255;1
808600;;SUBMISSION;VEV_5000;SEASHELLS;256;2
808700;;SUBMISSION;VEV_5000;SEASHELLS;256;2
808900;;SUBMISSION;VEV_4000;SEASHELLS;1257;2
809000;;SUBMISSION;VEV_5000;SEASHELLS;255;2
809100;;SUBMISSION;VEV_5000;SEASHELLS;257;4
809200;;SUBMISSION;VEV_5000;SEASHELLS;259;5
809300;;SUBMISSION;VEV_5000;SEASHELLS;259;6
809400;;SUBMISSION;VEV_5000;SEASHELLS;259;6
809500;;SUBMISSION;VEV_5000;SEASHELLS;259;6
809600;;SUBMISSION;VEV_5000;SEASHELLS;261;7
810500;;SUBMISSION;VEV_5000;SEASHELLS;258;2
811100;Mark 38;SUBMISSION;VEV_4000;SEASHELLS;1271;2
817100;;SUBMISSION;VEV_4000;SEASHELLS;1257;3
817100;;SUBMISSION;VEV_4500;SEASHELLS;757;3
828300;SUBMISSION;Mark 38;HYDROGEL_PACK;SEASHELLS;9975;5
830400;SUBMISSION;;VEV_5000;SEASHELLS;247;1
830500;SUBMISSION;;VEV_5000;SEASHELLS;246;2
830600;SUBMISSION;;VEV_5000;SEASHELLS;247;2
830700;SUBMISSION;;VEV_5000;SEASHELLS;247;1
830800;SUBMISSION;;VEV_5000;SEASHELLS;247;1
830900;SUBMISSION;;VEV_5000;SEASHELLS;247;1
831000;SUBMISSION;;VEV_5000;SEASHELLS;247;2
831200;SUBMISSION;;VEV_5000;SEASHELLS;247;1
831400;SUBMISSION;;VEV_5000;SEASHELLS;247;1
831500;SUBMISSION;;VEV_5000;SEASHELLS;247;1
831600;SUBMISSION;;VEV_5000;SEASHELLS;247;1
832500;SUBMISSION;;VEV_5000;SEASHELLS;247;1
832600;SUBMISSION;;VEV_5000;SEASHELLS;246;3
832700;SUBMISSION;;VEV_5000;SEASHELLS;245;3
832800;SUBMISSION;;VEV_5000;SEASHELLS;246;3
832900;SUBMISSION;;VEV_5000;SEASHELLS;245;3
833000;SUBMISSION;;VEV_5000;SEASHELLS;245;5
833100;SUBMISSION;;VEV_5000;SEASHELLS;247;1
833200;SUBMISSION;;VEV_5000;SEASHELLS;247;1
833300;SUBMISSION;;VEV_5000;SEASHELLS;246;2
833400;SUBMISSION;;VEV_5000;SEASHELLS;247;3
833500;SUBMISSION;;VEV_5000;SEASHELLS;247;1
833600;SUBMISSION;;VEV_5000;SEASHELLS;246;2
833700;SUBMISSION;;VEV_5000;SEASHELLS;246;3
833800;SUBMISSION;;VEV_5000;SEASHELLS;246;3
833900;SUBMISSION;;VEV_5000;SEASHELLS;245;5
834000;SUBMISSION;;VEV_5000;SEASHELLS;243;6
834100;SUBMISSION;;VEV_5000;SEASHELLS;243;7
834200;SUBMISSION;;VEV_5000;SEASHELLS;244;6
834300;SUBMISSION;;VEV_5000;SEASHELLS;243;6
834400;SUBMISSION;;VEV_4000;SEASHELLS;1239;3
834500;SUBMISSION;;VEV_5000;SEASHELLS;242;7
834600;SUBMISSION;;VEV_5000;SEASHELLS;242;8
834700;SUBMISSION;;VEV_5000;SEASHELLS;241;9
834800;SUBMISSION;;VEV_5000;SEASHELLS;241;10
834900;SUBMISSION;;VEV_5000;SEASHELLS;242;8
835000;SUBMISSION;;VEV_5000;SEASHELLS;243;7
835100;SUBMISSION;;VEV_5000;SEASHELLS;241;9
835200;SUBMISSION;;VEV_5000;SEASHELLS;241;8
835300;SUBMISSION;;VEV_5000;SEASHELLS;241;9
835400;SUBMISSION;;VEV_5000;SEASHELLS;240;7
835400;SUBMISSION;;VEV_5000;SEASHELLS;241;2
835500;SUBMISSION;;VEV_5000;SEASHELLS;240;9
835600;SUBMISSION;;VEV_5000;SEASHELLS;240;11
835700;SUBMISSION;;VEV_5000;SEASHELLS;240;10
836000;SUBMISSION;;VEV_5000;SEASHELLS;242;8
837500;SUBMISSION;;VEV_4000;SEASHELLS;1241;2
838300;;SUBMISSION;HYDROGEL_PACK;SEASHELLS;10016;2
838400;;SUBMISSION;HYDROGEL_PACK;SEASHELLS;10017;3
838500;;SUBMISSION;HYDROGEL_PACK;SEASHELLS;10015;1
838600;;SUBMISSION;HYDROGEL_PACK;SEASHELLS;10015;1
839300;;SUBMISSION;HYDROGEL_PACK;SEASHELLS;10017;3
839400;;SUBMISSION;HYDROGEL_PACK;SEASHELLS;10016;2
839500;;SUBMISSION;HYDROGEL_PACK;SEASHELLS;10016;2
839600;;SUBMISSION;HYDROGEL_PACK;SEASHELLS;10023;5
839800;;SUBMISSION;HYDROGEL_PACK;SEASHELLS;10019;5
839800;SUBMISSION;;VEV_4000;SEASHELLS;1241;2
839900;;SUBMISSION;HYDROGEL_PACK;SEASHELLS;10020;6
840000;;SUBMISSION;HYDROGEL_PACK;SEASHELLS;10021;8
840100;;SUBMISSION;HYDROGEL_PACK;SEASHELLS;10017;3
840200;;SUBMISSION;HYDROGEL_PACK;SEASHELLS;10018;4
840300;;SUBMISSION;HYDROGEL_PACK;SEASHELLS;10017;3
840400;;SUBMISSION;HYDROGEL_PACK;SEASHELLS;10017;3
840500;;SUBMISSION;HYDROGEL_PACK;SEASHELLS;10019;5
840600;;SUBMISSION;HYDROGEL_PACK;SEASHELLS;10021;8
840700;;SUBMISSION;HYDROGEL_PACK;SEASHELLS;10020;6
840800;;SUBMISSION;HYDROGEL_PACK;SEASHELLS;10018;4
840900;;SUBMISSION;HYDROGEL_PACK;SEASHELLS;10020;7
841000;;SUBMISSION;HYDROGEL_PACK;SEASHELLS;10019;6
841100;;SUBMISSION;HYDROGEL_PACK;SEASHELLS;10020;7
841200;;SUBMISSION;HYDROGEL_PACK;SEASHELLS;10023;10
841300;;SUBMISSION;HYDROGEL_PACK;SEASHELLS;10025;12
841400;;SUBMISSION;HYDROGEL_PACK;SEASHELLS;10024;11
841700;;SUBMISSION;HYDROGEL_PACK;SEASHELLS;10021;8
842200;SUBMISSION;;VEV_4000;SEASHELLS;1235;3
842200;SUBMISSION;;VEV_4500;SEASHELLS;735;3
851100;Mark 38;SUBMISSION;VEV_4000;SEASHELLS;1253;1
852100;Mark 38;SUBMISSION;VEV_4000;SEASHELLS;1253;1
857500;Mark 38;SUBMISSION;VEV_4000;SEASHELLS;1257;1
858600;Mark 38;SUBMISSION;HYDROGEL_PACK;SEASHELLS;10021;3
864100;SUBMISSION;;VEV_4000;SEASHELLS;1231;2
864100;SUBMISSION;;VEV_4500;SEASHELLS;731;2
868300;SUBMISSION;;VEV_4000;SEASHELLS;1235;2
868300;SUBMISSION;;VEV_4500;SEASHELLS;735;2
874100;SUBMISSION;;HYDROGEL_PACK;SEASHELLS;9996;2
874200;SUBMISSION;;HYDROGEL_PACK;SEASHELLS;9995;3
874400;SUBMISSION;;HYDROGEL_PACK;SEASHELLS;9995;3
874500;SUBMISSION;;HYDROGEL_PACK;SEASHELLS;9996;2
875900;SUBMISSION;;HYDROGEL_PACK;SEASHELLS;9995;4
876000;SUBMISSION;;HYDROGEL_PACK;SEASHELLS;9993;7
876100;SUBMISSION;;HYDROGEL_PACK;SEASHELLS;9994;6
876200;SUBMISSION;;HYDROGEL_PACK;SEASHELLS;9992;9
876300;SUBMISSION;;HYDROGEL_PACK;SEASHELLS;9994;6
876400;SUBMISSION;;HYDROGEL_PACK;SEASHELLS;9991;10
876400;SUBMISSION;;HYDROGEL_PACK;SEASHELLS;9993;1
876500;SUBMISSION;;HYDROGEL_PACK;SEASHELLS;9991;10
876500;SUBMISSION;;HYDROGEL_PACK;SEASHELLS;9993;1
876600;SUBMISSION;;HYDROGEL_PACK;SEASHELLS;9991;11
876700;SUBMISSION;;HYDROGEL_PACK;SEASHELLS;9992;9
876800;SUBMISSION;;HYDROGEL_PACK;SEASHELLS;9994;6
876900;SUBMISSION;;HYDROGEL_PACK;SEASHELLS;9996;2
877000;SUBMISSION;;HYDROGEL_PACK;SEASHELLS;9996;2
877100;SUBMISSION;;HYDROGEL_PACK;SEASHELLS;9994;6
877200;SUBMISSION;;HYDROGEL_PACK;SEASHELLS;9995;4
877200;Mark 38;SUBMISSION;VEV_4000;SEASHELLS;1248;3
877300;SUBMISSION;;HYDROGEL_PACK;SEASHELLS;9995;4
877400;SUBMISSION;;HYDROGEL_PACK;SEASHELLS;9997;1
877500;SUBMISSION;;HYDROGEL_PACK;SEASHELLS;9996;2
877600;SUBMISSION;;HYDROGEL_PACK;SEASHELLS;9997;1
877600;SUBMISSION;;VEV_4000;SEASHELLS;1237;4
877700;SUBMISSION;;HYDROGEL_PACK;SEASHELLS;9997;1
877900;SUBMISSION;;HYDROGEL_PACK;SEASHELLS;9997;1
878000;SUBMISSION;;HYDROGEL_PACK;SEASHELLS;9997;1
878300;SUBMISSION;;HYDROGEL_PACK;SEASHELLS;9996;3
878300;SUBMISSION;;VEV_4000;SEASHELLS;1235;3
878300;SUBMISSION;;VEV_4500;SEASHELLS;735;1
878400;SUBMISSION;;HYDROGEL_PACK;SEASHELLS;9996;3
878500;SUBMISSION;;HYDROGEL_PACK;SEASHELLS;9995;5
879100;SUBMISSION;;HYDROGEL_PACK;SEASHELLS;9994;6
887000;Mark 38;SUBMISSION;VEV_4000;SEASHELLS;1240;3
890900;SUBMISSION;;VEV_4000;SEASHELLS;1234;4
890900;SUBMISSION;;VEV_4500;SEASHELLS;734;4
905300;;SUBMISSION;VEV_5000;SEASHELLS;256;1
905400;;SUBMISSION;VEV_5000;SEASHELLS;258;2
905500;;SUBMISSION;VEV_5000;SEASHELLS;257;1
905600;;SUBMISSION;VEV_5000;SEASHELLS;257;1
905700;;SUBMISSION;VEV_5000;SEASHELLS;257;2
905800;;SUBMISSION;VEV_5000;SEASHELLS;258;2
905900;;SUBMISSION;VEV_5000;SEASHELLS;257;1
906000;;SUBMISSION;VEV_5000;SEASHELLS;258;2
906100;;SUBMISSION;VEV_5000;SEASHELLS;257;1
906200;;SUBMISSION;VEV_5000;SEASHELLS;259;5
906300;;SUBMISSION;VEV_5000;SEASHELLS;259;3
906400;;SUBMISSION;VEV_5000;SEASHELLS;259;3
906500;;SUBMISSION;VEV_5000;SEASHELLS;259;4
906600;;SUBMISSION;VEV_5000;SEASHELLS;260;4
906700;;SUBMISSION;VEV_5000;SEASHELLS;260;4
906800;;SUBMISSION;VEV_5000;SEASHELLS;260;4
906900;;SUBMISSION;VEV_5000;SEASHELLS;258;3
907000;;SUBMISSION;VEV_5000;SEASHELLS;259;3
907100;;SUBMISSION;VEV_5000;SEASHELLS;258;3
907200;;SUBMISSION;VEV_5000;SEASHELLS;258;3
907300;;SUBMISSION;VEV_5000;SEASHELLS;258;2
907400;;SUBMISSION;VEV_5000;SEASHELLS;257;2
918900;;SUBMISSION;VEV_5000;SEASHELLS;255;1
919000;;SUBMISSION;VEV_5000;SEASHELLS;255;1
919100;;SUBMISSION;VEV_5000;SEASHELLS;254;1
919300;;SUBMISSION;VEV_5000;SEASHELLS;254;2
919400;;SUBMISSION;VEV_5000;SEASHELLS;255;2
919500;;SUBMISSION;VEV_5000;SEASHELLS;254;1
919600;;SUBMISSION;VEV_5000;SEASHELLS;256;4
919700;;SUBMISSION;VEV_5000;SEASHELLS;255;1
919800;;SUBMISSION;VEV_5000;SEASHELLS;254;1
920000;;SUBMISSION;VEV_5000;SEASHELLS;256;3
920100;;SUBMISSION;VEV_5000;SEASHELLS;256;3
920200;;SUBMISSION;VEV_5000;SEASHELLS;257;4
920300;;SUBMISSION;VEV_5000;SEASHELLS;257;4
920400;;SUBMISSION;VEV_5000;SEASHELLS;257;4
920500;;SUBMISSION;VEV_5000;SEASHELLS;258;6
920600;;SUBMISSION;VEV_5000;SEASHELLS;258;5
920700;;SUBMISSION;VEV_5000;SEASHELLS;257;4
920800;;SUBMISSION;VEV_5000;SEASHELLS;255;1
920900;;SUBMISSION;VEV_5000;SEASHELLS;255;1
921000;;SUBMISSION;VEV_5000;SEASHELLS;255;2
921100;;SUBMISSION;VEV_5000;SEASHELLS;256;2
921200;;SUBMISSION;VEV_5000;SEASHELLS;254;1
921400;;SUBMISSION;VEV_5000;SEASHELLS;255;2
921500;;SUBMISSION;VEV_5000;SEASHELLS;256;3
921600;;SUBMISSION;VEV_5000;SEASHELLS;256;3
921700;;SUBMISSION;VEV_5000;SEASHELLS;255;4
921800;;SUBMISSION;VEV_5000;SEASHELLS;256;3
921900;;SUBMISSION;VEV_5000;SEASHELLS;255;2
922000;;SUBMISSION;VEV_5000;SEASHELLS;256;4
922100;;SUBMISSION;VEV_5000;SEASHELLS;256;3
922200;;SUBMISSION;VEV_5000;SEASHELLS;256;4
922300;;SUBMISSION;VEV_5000;SEASHELLS;256;4
922400;;SUBMISSION;VEV_5000;SEASHELLS;257;4
922500;;SUBMISSION;VEV_5000;SEASHELLS;258;5
922600;;SUBMISSION;VEV_5000;SEASHELLS;257;4
922700;;SUBMISSION;VEV_5000;SEASHELLS;257;4
922800;;SUBMISSION;VEV_5000;SEASHELLS;257;4
922900;;SUBMISSION;VEV_5000;SEASHELLS;258;6
923000;;SUBMISSION;VEV_5000;SEASHELLS;257;5
923100;;SUBMISSION;VEV_5000;SEASHELLS;257;5
923200;;SUBMISSION;VEV_5000;SEASHELLS;255;2
923300;;SUBMISSION;VEV_5000;SEASHELLS;256;2
923400;;SUBMISSION;VEV_5000;SEASHELLS;256;4
923500;;SUBMISSION;VEV_5000;SEASHELLS;256;2
923600;;SUBMISSION;VEV_5000;SEASHELLS;255;2
923700;;SUBMISSION;VEV_5000;SEASHELLS;255;2
923800;;SUBMISSION;VEV_5000;SEASHELLS;256;3
923900;Mark 38;SUBMISSION;VEV_4000;SEASHELLS;1269;2
924000;;SUBMISSION;VEV_5000;SEASHELLS;257;4
926600;;SUBMISSION;VEV_4000;SEASHELLS;1258;2
937500;;SUBMISSION;VEV_4000;SEASHELLS;1258;4
939000;;SUBMISSION;VEV_4000;SEASHELLS;1258;2
941800;Mark 38;SUBMISSION;VEV_4000;SEASHELLS;1267;3
942200;Mark 38;SUBMISSION;VEV_4000;SEASHELLS;1268;1
943800;SUBMISSION;;HYDROGEL_PACK;SEASHELLS;9967;1
951200;SUBMISSION;Mark 38;HYDROGEL_PACK;SEASHELLS;9984;5
963200;;SUBMISSION;VEV_4000;SEASHELLS;1276;5
963200;Mark 38;SUBMISSION;VEV_4000;SEASHELLS;1286;3
963200;;SUBMISSION;VEV_4500;SEASHELLS;776;3
964800;;SUBMISSION;VEV_4000;SEASHELLS;1276;5
964800;;SUBMISSION;VEV_4500;SEASHELLS;776;2
967100;;SUBMISSION;VEV_4000;SEASHELLS;1271;3
967100;;SUBMISSION;VEV_4500;SEASHELLS;771;1
973700;Mark 38;SUBMISSION;VEV_4000;SEASHELLS;1262;2
986900;SUBMISSION;;VEV_5000;SEASHELLS;243;1
987100;SUBMISSION;;VEV_5000;SEASHELLS;243;2
987200;SUBMISSION;;VEV_5000;SEASHELLS;242;2
987300;SUBMISSION;;VEV_5000;SEASHELLS;242;1
987400;SUBMISSION;;VEV_5000;SEASHELLS;242;1
987500;SUBMISSION;;VEV_5000;SEASHELLS;241;2
987600;SUBMISSION;;VEV_5000;SEASHELLS;241;2
987700;SUBMISSION;;VEV_5000;SEASHELLS;243;1
987900;SUBMISSION;;VEV_5000;SEASHELLS;241;2
988000;SUBMISSION;;VEV_5000;SEASHELLS;241;2
988100;SUBMISSION;;VEV_5000;SEASHELLS;242;1
988200;SUBMISSION;;VEV_5000;SEASHELLS;242;1
988300;SUBMISSION;;VEV_5000;SEASHELLS;241;2
988900;SUBMISSION;;VEV_5000;SEASHELLS;243;1
989000;SUBMISSION;;VEV_5000;SEASHELLS;242;2
989100;SUBMISSION;;VEV_5000;SEASHELLS;241;2
989200;SUBMISSION;;VEV_5000;SEASHELLS;242;1
989300;SUBMISSION;;VEV_5000;SEASHELLS;242;1
989400;SUBMISSION;;VEV_5000;SEASHELLS;242;1
989500;SUBMISSION;;VEV_5000;SEASHELLS;241;2
989600;SUBMISSION;;VEV_5000;SEASHELLS;241;2
989700;SUBMISSION;;VEV_5000;SEASHELLS;241;2
989800;SUBMISSION;;VEV_5000;SEASHELLS;240;3
989900;SUBMISSION;;VEV_5000;SEASHELLS;240;3
990000;SUBMISSION;;VEV_5000;SEASHELLS;240;3
990100;SUBMISSION;;VEV_5000;SEASHELLS;243;1
990200;SUBMISSION;;VEV_5000;SEASHELLS;242;1
990300;SUBMISSION;;VEV_5000;SEASHELLS;242;2
990400;SUBMISSION;;VEV_5000;SEASHELLS;243;1
990500;SUBMISSION;;VEV_5000;SEASHELLS;242;1
990800;SUBMISSION;;VEV_5000;SEASHELLS;242;1
990900;SUBMISSION;;VEV_5000;SEASHELLS;241;2
991000;SUBMISSION;;VEV_5000;SEASHELLS;241;3
991100;SUBMISSION;;VEV_5000;SEASHELLS;241;2
991200;SUBMISSION;;VEV_5000;SEASHELLS;241;2
991300;SUBMISSION;;VEV_5000;SEASHELLS;240;3
991400;SUBMISSION;;VEV_5000;SEASHELLS;240;3
991500;SUBMISSION;;VEV_5000;SEASHELLS;239;6
991600;SUBMISSION;;VEV_5000;SEASHELLS;239;4
991700;SUBMISSION;;VEV_5000;SEASHELLS;239;4
991800;SUBMISSION;;VEV_5000;SEASHELLS;240;2
991900;SUBMISSION;;VEV_5000;SEASHELLS;240;3
992000;SUBMISSION;;VEV_5000;SEASHELLS;239;4
992100;SUBMISSION;;VEV_5000;SEASHELLS;239;4
992200;SUBMISSION;;VEV_5000;SEASHELLS;241;2
992300;SUBMISSION;;VEV_5000;SEASHELLS;241;2
992400;Mark 38;SUBMISSION;HYDROGEL_PACK;SEASHELLS;10007;4
992400;SUBMISSION;;VEV_5000;SEASHELLS;240;3
992500;SUBMISSION;;VEV_5000;SEASHELLS;241;2
992600;Mark 38;SUBMISSION;VEV_4000;SEASHELLS;1245;3
992600;SUBMISSION;;VEV_5000;SEASHELLS;240;3
992700;SUBMISSION;;VEV_5000;SEASHELLS;241;2
992800;SUBMISSION;;VEV_5000;SEASHELLS;242;2
992900;SUBMISSION;;VEV_5000;SEASHELLS;241;2
993000;SUBMISSION;;VEV_5000;SEASHELLS;241;2
993100;SUBMISSION;;VEV_5000;SEASHELLS;242;2
993200;SUBMISSION;;VEV_5000;SEASHELLS;241;2
993300;SUBMISSION;;VEV_5000;SEASHELLS;241;2
993400;SUBMISSION;;VEV_5000;SEASHELLS;242;2
993500;SUBMISSION;;VEV_5000;SEASHELLS;242;2
993600;SUBMISSION;;VEV_5000;SEASHELLS;243;1
993700;Mark 38;SUBMISSION;VEV_4000;SEASHELLS;1249;3
993800;SUBMISSION;;VEV_5000;SEASHELLS;243;1
994200;SUBMISSION;;VEV_5000;SEASHELLS;243;1
994500;SUBMISSION;;VEV_5000;SEASHELLS;243;1
994700;SUBMISSION;;VEV_5000;SEASHELLS;243;1
994800;SUBMISSION;;VEV_5000;SEASHELLS;241;2
994900;SUBMISSION;;VEV_5000;SEASHELLS;242;2
995000;SUBMISSION;;VEV_5000;SEASHELLS;243;1
995300;SUBMISSION;;VEV_5000;SEASHELLS;242;2
995400;SUBMISSION;;VEV_5000;SEASHELLS;242;2
995500;SUBMISSION;;VEV_5000;SEASHELLS;243;1
995600;SUBMISSION;;VEV_5000;SEASHELLS;243;1
995700;SUBMISSION;;VEV_5000;SEASHELLS;243;1
995800;SUBMISSION;;VEV_5000;SEASHELLS;242;2
995900;SUBMISSION;;VEV_5000;SEASHELLS;241;2
996000;SUBMISSION;;VEV_5000;SEASHELLS;242;2
996100;SUBMISSION;;VEV_5000;SEASHELLS;242;2
996200;SUBMISSION;;VEV_5000;SEASHELLS;242;2
996300;SUBMISSION;;VEV_5000;SEASHELLS;242;2
996400;SUBMISSION;;VEV_5000;SEASHELLS;239;4
996500;SUBMISSION;;VEV_5000;SEASHELLS;239;4
996600;SUBMISSION;;VEV_5000;SEASHELLS;237;6
996700;SUBMISSION;;VEV_5000;SEASHELLS;239;5
996800;SUBMISSION;;VEV_5000;SEASHELLS;240;4
996900;SUBMISSION;;VEV_5000;SEASHELLS;241;3
997000;SUBMISSION;;VEV_5000;SEASHELLS;239;4
997100;SUBMISSION;;VEV_4000;SEASHELLS;1234;4
997200;SUBMISSION;;VEV_5000;SEASHELLS;240;3
997300;SUBMISSION;;VEV_5000;SEASHELLS;241;2
997400;SUBMISSION;;VEV_5000;SEASHELLS;241;3
997500;SUBMISSION;;VEV_5000;SEASHELLS;242;2
997600;SUBMISSION;;VEV_5000;SEASHELLS;241;3
997700;SUBMISSION;;VEV_5000;SEASHELLS;240;3
998000;SUBMISSION;;VEV_5000;SEASHELLS;240;3
