timestamp;buyer;seller;symbol;currency;price;quantity
0;SUBMISSION;;HYDROGEL_PACK;XIREC;9966.0;8
100;SUBMISSION;;HYDROGEL_PACK;XIREC;9969.0;11
200;SUBMISSION;;HYDROGEL_PACK;XIREC;9969.0;14
300;SUBMISSION;;HYDROGEL_PACK;XIREC;9968.0;15
400;SUBMISSION;;HYDROGEL_PACK;XIREC;9969.0;10
400;SUBMISSION;;HYDROGEL_PACK;XIREC;9972.0;6
500;SUBMISSION;;HYDROGEL_PACK;XIREC;9971.0;13
500;SUBMISSION;;HYDROGEL_PACK;XIREC;9973.0;2
600;SUBMISSION;;HYDROGEL_PACK;XIREC;9972.0;15
700;SUBMISSION;;HYDROGEL_PACK;XIREC;9972.0;11
700;SUBMISSION;;HYDROGEL_PACK;XIREC;9975.0;4
800;SUBMISSION;;HYDROGEL_PACK;XIREC;9970.0;13
800;SUBMISSION;;HYDROGEL_PACK;XIREC;9973.0;2
900;SUBMISSION;;HYDROGEL_PACK;XIREC;9969.0;12
900;SUBMISSION;;HYDROGEL_PACK;XIREC;9972.0;4
1000;SUBMISSION;;HYDROGEL_PACK;XIREC;9967.0;14
1000;SUBMISSION;;HYDROGEL_PACK;XIREC;9970.0;2
1100;SUBMISSION;;HYDROGEL_PACK;XIREC;9970.0;5
1300;SUBMISSION;;HYDROGEL_PACK;XIREC;9969.0;1
1700;;SUBMISSION;VEV_5500;XIREC;8.0;17
2500;;SUBMISSION;VEV_5500;XIREC;8.0;17
3100;;SUBMISSION;VEV_5500;XIREC;8.0;17
3200;;SUBMISSION;VEV_5500;XIREC;8.0;17
3300;;SUBMISSION;VEV_5500;XIREC;8.0;17
3400;;SUBMISSION;VEV_5500;XIREC;8.0;17
3500;;SUBMISSION;VEV_5500;XIREC;8.0;17
3600;;SUBMISSION;VEV_5500;XIREC;8.0;17
3700;;SUBMISSION;VEV_5500;XIREC;8.0;17
3800;;SUBMISSION;VEV_5500;XIREC;8.0;17
3900;;SUBMISSION;VEV_5500;XIREC;8.0;17
4000;;SUBMISSION;VEV_5500;XIREC;8.0;17
4100;;SUBMISSION;VEV_5500;XIREC;8.0;17
4200;;SUBMISSION;VEV_5500;XIREC;8.0;17
4300;;SUBMISSION;VEV_5500;XIREC;8.0;17
4400;;SUBMISSION;VEV_5500;XIREC;8.0;17
4500;;SUBMISSION;VEV_5500;XIREC;8.0;17
4500;Mark 01;Mark 22;VEV_5400;XIREC;18.0;2
4500;Mark 01;Mark 22;VEV_5500;XIREC;8.0;2
4500;Mark 01;Mark 22;VEV_6000;XIREC;0.0;2
4500;Mark 01;Mark 22;VEV_6500;XIREC;0.0;2
4600;;SUBMISSION;VEV_5500;XIREC;8.0;11
5100;Mark 38;Mark 22;HYDROGEL_PACK;XIREC;9960.0;4
5300;Mark 38;Mark 14;VEV_4000;XIREC;1264.0;2
6100;Mark 55;Mark 01;VELVETFRUIT_EXTRACT;XIREC;5255.0;3
6200;Mark 38;Mark 14;HYDROGEL_PACK;XIREC;9955.0;5
9400;Mark 55;Mark 49;VELVETFRUIT_EXTRACT;XIREC;5244.0;8
9600;Mark 01;Mark 22;VEV_5400;XIREC;16.0;4
9600;Mark 01;Mark 22;VEV_5500;XIREC;7.0;4
9600;Mark 01;Mark 22;VEV_6000;XIREC;0.0;4
9600;Mark 01;Mark 22;VEV_6500;XIREC;0.0;4
10400;Mark 67;Mark 49;VELVETFRUIT_EXTRACT;XIREC;5240.0;12
11800;Mark 01;Mark 22;VEV_5500;XIREC;7.0;4
11800;Mark 01;Mark 22;VEV_6000;XIREC;0.0;4
11800;Mark 01;Mark 22;VEV_6500;XIREC;0.0;4
14300;Mark 55;Mark 01;VELVETFRUIT_EXTRACT;XIREC;5238.0;6
14800;SUBMISSION;;VEV_4000;XIREC;1234.0;4
14800;SUBMISSION;;VEV_4000;XIREC;1245.0;7
14800;Mark 01;Mark 55;VELVETFRUIT_EXTRACT;XIREC;5232.0;6
14800;Mark 01;Mark 22;VEV_5300;XIREC;42.0;4
14800;Mark 01;Mark 22;VEV_5400;XIREC;14.0;4
14800;Mark 01;Mark 22;VEV_5500;XIREC;6.0;4
14800;Mark 01;Mark 22;VEV_6000;XIREC;0.0;4
14800;Mark 01;Mark 22;VEV_6500;XIREC;0.0;4
15000;Mark 38;Mark 14;HYDROGEL_PACK;XIREC;9966.0;4
16700;SUBMISSION;;VEV_4000;XIREC;1231.0;2
16700;SUBMISSION;;VEV_4000;XIREC;1242.0;13
16700;SUBMISSION;;VEV_4000;XIREC;1244.0;2
16700;SUBMISSION;;VEV_4500;XIREC;731.0;2
16700;SUBMISSION;;VEV_4500;XIREC;739.0;8
16700;SUBMISSION;;VEV_4500;XIREC;741.0;7
16700;Mark 14;Mark 38;VEV_4000;XIREC;1221.0;2
16700;Mark 01;Mark 22;VEV_5300;XIREC;41.0;2
16700;Mark 01;Mark 22;VEV_5400;XIREC;14.0;2
16700;Mark 01;Mark 22;VEV_5500;XIREC;6.0;2
16700;Mark 01;Mark 22;VEV_6000;XIREC;0.0;2
16700;Mark 01;Mark 22;VEV_6500;XIREC;0.0;2
16900;SUBMISSION;;VELVETFRUIT_EXTRACT;XIREC;5232.0;17
16900;SUBMISSION;;VEV_4000;XIREC;1240.0;9
16900;SUBMISSION;;VEV_4000;XIREC;1242.0;8
16900;SUBMISSION;;VEV_4500;XIREC;737.0;9
16900;SUBMISSION;;VEV_4500;XIREC;739.0;8
17000;SUBMISSION;;VELVETFRUIT_EXTRACT;XIREC;5232.0;17
17000;SUBMISSION;;VEV_4000;XIREC;1240.0;15
17000;SUBMISSION;;VEV_4000;XIREC;1243.0;2
17100;SUBMISSION;;VELVETFRUIT_EXTRACT;XIREC;5230.0;8
17100;SUBMISSION;;VELVETFRUIT_EXTRACT;XIREC;5234.0;9
17300;Mark 14;Mark 38;VEV_4000;XIREC;1221.0;1
17400;SUBMISSION;;VELVETFRUIT_EXTRACT;XIREC;5230.0;8
17400;SUBMISSION;;VELVETFRUIT_EXTRACT;XIREC;5234.0;9
17400;Mark 67;Mark 22;VELVETFRUIT_EXTRACT;XIREC;5230.0;8
17900;Mark 38;Mark 14;VEV_4000;XIREC;1243.0;1
18400;SUBMISSION;;VELVETFRUIT_EXTRACT;XIREC;5232.0;17
18400;SUBMISSION;;VEV_4000;XIREC;1240.0;14
18400;SUBMISSION;;VEV_4000;XIREC;1242.0;3
18400;SUBMISSION;;VEV_4500;XIREC;737.0;8
18400;SUBMISSION;;VEV_4500;XIREC;739.0;9
18500;SUBMISSION;;VELVETFRUIT_EXTRACT;XIREC;5231.0;17
18500;SUBMISSION;;VEV_4000;XIREC;1238.0;8
18500;SUBMISSION;;VEV_4000;XIREC;1241.0;9
18500;SUBMISSION;;VEV_4500;XIREC;736.0;9
18500;SUBMISSION;;VEV_4500;XIREC;738.0;8
18600;SUBMISSION;;VELVETFRUIT_EXTRACT;XIREC;5231.0;17
18600;SUBMISSION;;VEV_4000;XIREC;1238.0;8
18600;SUBMISSION;;VEV_4000;XIREC;1241.0;9
18600;SUBMISSION;;VEV_4500;XIREC;736.0;9
18600;SUBMISSION;;VEV_4500;XIREC;738.0;8
18700;SUBMISSION;;VELVETFRUIT_EXTRACT;XIREC;5228.0;10
18700;SUBMISSION;;VELVETFRUIT_EXTRACT;XIREC;5231.0;7
18700;SUBMISSION;;VEV_4000;XIREC;1238.0;14
18700;SUBMISSION;;VEV_4000;XIREC;1241.0;3
18700;SUBMISSION;;VEV_4500;XIREC;736.0;8
18700;SUBMISSION;;VEV_4500;XIREC;738.0;9
18800;SUBMISSION;;VELVETFRUIT_EXTRACT;XIREC;5230.0;17
18800;SUBMISSION;;VEV_4000;XIREC;1238.0;12
18800;SUBMISSION;;VEV_4000;XIREC;1241.0;5
18800;SUBMISSION;;VEV_4500;XIREC;736.0;7
18800;SUBMISSION;;VEV_4500;XIREC;737.0;10
18900;SUBMISSION;;VELVETFRUIT_EXTRACT;XIREC;5231.0;17
18900;SUBMISSION;;VEV_4000;XIREC;1239.0;9
18900;SUBMISSION;;VEV_4000;XIREC;1241.0;8
18900;SUBMISSION;;VEV_4500;XIREC;736.0;11
18900;SUBMISSION;;VEV_4500;XIREC;738.0;6
19000;SUBMISSION;;VELVETFRUIT_EXTRACT;XIREC;5231.0;15
19000;SUBMISSION;;VELVETFRUIT_EXTRACT;XIREC;5232.0;2
19000;SUBMISSION;;VEV_4000;XIREC;1239.0;14
19000;SUBMISSION;;VEV_4000;XIREC;1242.0;3
19000;SUBMISSION;;VEV_4500;XIREC;737.0;9
19000;SUBMISSION;;VEV_4500;XIREC;738.0;8
19100;SUBMISSION;;VELVETFRUIT_EXTRACT;XIREC;5232.0;13
19100;SUBMISSION;;VEV_4000;XIREC;1240.0;9
19100;SUBMISSION;;VEV_4000;XIREC;1242.0;8
19100;SUBMISSION;;VEV_4500;XIREC;737.0;12
19100;SUBMISSION;;VEV_4500;XIREC;739.0;5
19200;SUBMISSION;;VEV_4000;XIREC;1239.0;10
19200;SUBMISSION;;VEV_4000;XIREC;1241.0;7
19200;SUBMISSION;;VEV_4500;XIREC;736.0;6
19200;SUBMISSION;;VEV_4500;XIREC;738.0;11
19300;SUBMISSION;;VEV_4000;XIREC;1239.0;8
19300;SUBMISSION;;VEV_4000;XIREC;1241.0;9
19300;SUBMISSION;;VEV_4500;XIREC;736.0;10
19300;SUBMISSION;;VEV_4500;XIREC;738.0;7
19300;Mark 14;Mark 55;VELVETFRUIT_EXTRACT;XIREC;5226.0;5
19400;SUBMISSION;;VEV_4000;XIREC;1239.0;11
19400;SUBMISSION;;VEV_4000;XIREC;1241.0;6
19400;SUBMISSION;;VEV_4500;XIREC;736.0;12
19400;SUBMISSION;;VEV_4500;XIREC;738.0;5
19500;SUBMISSION;;VEV_4000;XIREC;1238.0;8
19500;SUBMISSION;;VEV_4000;XIREC;1241.0;9
19500;SUBMISSION;;VEV_4500;XIREC;736.0;11
19500;SUBMISSION;;VEV_4500;XIREC;737.0;6
19600;SUBMISSION;;VEV_4000;XIREC;1239.0;11
19600;SUBMISSION;;VEV_4000;XIREC;1242.0;6
19600;SUBMISSION;;VEV_4500;XIREC;737.0;12
19600;SUBMISSION;;VEV_4500;XIREC;739.0;5
19700;SUBMISSION;;VEV_4000;XIREC;1239.0;12
19700;SUBMISSION;;VEV_4000;XIREC;1242.0;5
19700;SUBMISSION;;VEV_4500;XIREC;737.0;6
19700;SUBMISSION;;VEV_4500;XIREC;739.0;11
19800;SUBMISSION;;VEV_4500;XIREC;736.0;6
19800;SUBMISSION;;VEV_4500;XIREC;738.0;11
19900;SUBMISSION;;VEV_4500;XIREC;734.0;8
19900;SUBMISSION;;VEV_4500;XIREC;736.0;3
19900;SUBMISSION;;VEV_5000;XIREC;237.0;8
19900;SUBMISSION;;VEV_5000;XIREC;238.0;9
20000;SUBMISSION;;VEV_5000;XIREC;238.0;17
20100;SUBMISSION;;VEV_5000;XIREC;237.0;10
20100;SUBMISSION;;VEV_5000;XIREC;238.0;7
20200;SUBMISSION;;VEV_5000;XIREC;237.0;8
20200;SUBMISSION;;VEV_5000;XIREC;238.0;9
20200;Mark 14;Mark 55;VELVETFRUIT_EXTRACT;XIREC;5224.0;5
20300;SUBMISSION;;VEV_5000;XIREC;237.0;6
20300;SUBMISSION;;VEV_5000;XIREC;238.0;11
20700;SUBMISSION;;VEV_5000;XIREC;238.0;7
20700;SUBMISSION;;VEV_5000;XIREC;239.0;10
20800;SUBMISSION;;VEV_5000;XIREC;238.0;17
20900;SUBMISSION;;VEV_5000;XIREC;238.0;17
21000;SUBMISSION;;VEV_5000;XIREC;237.0;8
21000;SUBMISSION;;VEV_5000;XIREC;238.0;9
21100;SUBMISSION;;VEV_5000;XIREC;238.0;10
21100;SUBMISSION;;VEV_5000;XIREC;239.0;7
21200;SUBMISSION;;VEV_5000;XIREC;238.0;17
22000;SUBMISSION;;VEV_5000;XIREC;238.0;10
22000;SUBMISSION;;VEV_5000;XIREC;239.0;7
22800;SUBMISSION;Mark 38;HYDROGEL_PACK;XIREC;9947.0;6
25700;Mark 38;Mark 14;VEV_4000;XIREC;1241.0;3
29300;Mark 14;Mark 55;VELVETFRUIT_EXTRACT;XIREC;5237.0;4
30800;SUBMISSION;Mark 38;HYDROGEL_PACK;XIREC;9941.0;2
31400;Mark 38;Mark 14;HYDROGEL_PACK;XIREC;9953.0;3
31700;Mark 55;Mark 01;VELVETFRUIT_EXTRACT;XIREC;5237.0;4
32000;SUBMISSION;Mark 38;HYDROGEL_PACK;XIREC;9939.0;5
32600;Mark 55;Mark 01;VELVETFRUIT_EXTRACT;XIREC;5240.0;5
32800;Mark 67;Mark 22;VELVETFRUIT_EXTRACT;XIREC;5238.0;7
33600;SUBMISSION;Mark 38;HYDROGEL_PACK;XIREC;9949.0;6
36200;Mark 38;Mark 14;VEV_4000;XIREC;1244.0;3
36500;Mark 22;Mark 55;VELVETFRUIT_EXTRACT;XIREC;5232.0;7
37400;SUBMISSION;Mark 38;HYDROGEL_PACK;XIREC;9937.0;4
38500;Mark 01;Mark 22;VEV_5500;XIREC;6.0;5
38500;Mark 01;Mark 22;VEV_6000;XIREC;0.0;5
38500;Mark 01;Mark 22;VEV_6500;XIREC;0.0;5
38700;Mark 01;Mark 55;VELVETFRUIT_EXTRACT;XIREC;5228.0;8
39400;Mark 22;Mark 49;VELVETFRUIT_EXTRACT;XIREC;5234.0;5
39400;Mark 67;Mark 49;VELVETFRUIT_EXTRACT;XIREC;5233.0;9
39800;Mark 01;Mark 55;VELVETFRUIT_EXTRACT;XIREC;5232.0;4
40400;Mark 01;Mark 22;VEV_5300;XIREC;41.0;4
40400;Mark 01;Mark 22;VEV_5400;XIREC;14.0;4
40400;Mark 01;Mark 22;VEV_5500;XIREC;6.0;4
40400;Mark 01;Mark 22;VEV_6000;XIREC;0.0;4
40400;Mark 01;Mark 22;VEV_6500;XIREC;0.0;4
40900;Mark 38;Mark 14;HYDROGEL_PACK;XIREC;9951.0;5
41300;SUBMISSION;;VEV_5000;XIREC;238.0;10
41300;SUBMISSION;;VEV_5000;XIREC;239.0;7
41300;Mark 38;Mark 14;HYDROGEL_PACK;XIREC;9953.0;5
41400;SUBMISSION;;VEV_5000;XIREC;238.0;7
41400;SUBMISSION;;VEV_5000;XIREC;239.0;10
41600;SUBMISSION;;VEV_5000;XIREC;238.0;7
41600;SUBMISSION;;VEV_5000;XIREC;239.0;10
43400;Mark 01;Mark 22;VEV_5400;XIREC;13.0;5
43400;Mark 01;Mark 22;VEV_5500;XIREC;6.0;5
43400;Mark 01;Mark 22;VEV_6000;XIREC;0.0;5
43400;Mark 01;Mark 22;VEV_6500;XIREC;0.0;5
43600;Mark 01;Mark 55;VELVETFRUIT_EXTRACT;XIREC;5229.0;4
43900;SUBMISSION;Mark 38;HYDROGEL_PACK;XIREC;9953.0;6
45200;SUBMISSION;Mark 38;HYDROGEL_PACK;XIREC;9962.0;2
45400;Mark 67;Mark 22;VELVETFRUIT_EXTRACT;XIREC;5241.0;8
47700;Mark 01;Mark 55;VELVETFRUIT_EXTRACT;XIREC;5243.0;4
48300;SUBMISSION;Mark 38;HYDROGEL_PACK;XIREC;9961.0;2
48300;Mark 14;Mark 38;HYDROGEL_PACK;XIREC;9960.0;1
48900;Mark 01;Mark 55;VELVETFRUIT_EXTRACT;XIREC;5241.0;6
49800;Mark 01;Mark 55;VELVETFRUIT_EXTRACT;XIREC;5244.0;3
50200;Mark 14;Mark 38;VEV_4000;XIREC;1236.0;2
50300;Mark 38;Mark 14;VEV_4000;XIREC;1257.0;3
50700;Mark 01;Mark 22;VEV_5400;XIREC;16.0;5
50700;Mark 01;Mark 22;VEV_5500;XIREC;7.0;5
50700;Mark 01;Mark 22;VEV_6000;XIREC;0.0;5
50700;Mark 01;Mark 22;VEV_6500;XIREC;0.0;5
51700;Mark 14;Mark 55;VELVETFRUIT_EXTRACT;XIREC;5243.0;4
52400;SUBMISSION;Mark 38;HYDROGEL_PACK;XIREC;9962.0;1
52400;Mark 14;Mark 38;HYDROGEL_PACK;XIREC;9961.0;4
52800;Mark 01;Mark 22;VEV_5400;XIREC;16.0;3
52800;Mark 01;Mark 22;VEV_5500;XIREC;7.0;3
52800;Mark 01;Mark 22;VEV_6000;XIREC;0.0;3
52800;Mark 01;Mark 22;VEV_6500;XIREC;0.0;3
53000;SUBMISSION;Mark 38;HYDROGEL_PACK;XIREC;9962.0;1
53000;Mark 14;Mark 38;HYDROGEL_PACK;XIREC;9961.0;3
53400;Mark 14;Mark 22;VEV_5500;XIREC;7.0;2
53400;Mark 01;Mark 22;VEV_6000;XIREC;0.0;2
53400;Mark 01;Mark 22;VEV_6500;XIREC;0.0;2
53800;Mark 38;Mark 14;VEV_4000;XIREC;1255.0;2
54400;Mark 14;Mark 38;VEV_4000;XIREC;1234.0;3
57600;Mark 38;Mark 14;VEV_4000;XIREC;1257.0;3
59300;SUBMISSION;Mark 38;HYDROGEL_PACK;XIREC;9950.0;1
59300;Mark 14;Mark 38;HYDROGEL_PACK;XIREC;9949.0;3
59600;Mark 14;Mark 55;VELVETFRUIT_EXTRACT;XIREC;5244.0;4
60300;Mark 14;Mark 55;VELVETFRUIT_EXTRACT;XIREC;5245.0;5
61100;Mark 38;Mark 14;HYDROGEL_PACK;XIREC;9961.0;2
61400;Mark 38;Mark 14;HYDROGEL_PACK;XIREC;9962.0;2
62100;Mark 14;Mark 55;VELVETFRUIT_EXTRACT;XIREC;5243.0;6
62600;Mark 38;Mark 14;VEV_4000;XIREC;1254.0;1
63100;Mark 38;Mark 14;VEV_4000;XIREC;1252.0;3
63200;Mark 38;Mark 14;HYDROGEL_PACK;XIREC;9950.0;5
63200;Mark 14;Mark 55;VELVETFRUIT_EXTRACT;XIREC;5240.0;8
64200;Mark 55;Mark 14;VELVETFRUIT_EXTRACT;XIREC;5245.0;6
64300;SUBMISSION;Mark 38;HYDROGEL_PACK;XIREC;9934.0;1
64300;Mark 14;Mark 38;HYDROGEL_PACK;XIREC;9933.0;3
65400;Mark 14;Mark 38;HYDROGEL_PACK;XIREC;9930.0;4
65700;Mark 14;Mark 55;VELVETFRUIT_EXTRACT;XIREC;5240.0;8
65900;Mark 14;Mark 38;HYDROGEL_PACK;XIREC;9935.0;2
67700;Mark 55;Mark 14;VELVETFRUIT_EXTRACT;XIREC;5250.0;4
68000;Mark 38;Mark 14;VEV_4000;XIREC;1258.0;2
69500;Mark 14;Mark 38;HYDROGEL_PACK;XIREC;9952.0;2
70500;Mark 14;Mark 38;VEV_4000;XIREC;1232.0;1
73400;Mark 22;Mark 49;VELVETFRUIT_EXTRACT;XIREC;5237.0;8
73400;Mark 55;Mark 49;VELVETFRUIT_EXTRACT;XIREC;5236.0;6
73500;Mark 14;Mark 38;HYDROGEL_PACK;XIREC;9966.0;3
74100;Mark 01;Mark 22;VEV_5300;XIREC;42.0;3
74100;Mark 01;Mark 22;VEV_5400;XIREC;14.0;3
74100;Mark 01;Mark 22;VEV_5500;XIREC;6.0;3
74100;Mark 01;Mark 22;VEV_6000;XIREC;0.0;3
74100;Mark 01;Mark 22;VEV_6500;XIREC;0.0;3
74300;Mark 55;Mark 14;VELVETFRUIT_EXTRACT;XIREC;5238.0;6
74400;Mark 14;Mark 55;VELVETFRUIT_EXTRACT;XIREC;5235.0;4
76600;Mark 38;Mark 14;HYDROGEL_PACK;XIREC;9995.0;3
77300;Mark 55;Mark 14;VELVETFRUIT_EXTRACT;XIREC;5241.0;8
78300;Mark 14;Mark 38;VEV_4000;XIREC;1229.0;3
78400;Mark 67;Mark 22;VELVETFRUIT_EXTRACT;XIREC;5238.0;7
78500;Mark 38;Mark 14;HYDROGEL_PACK;XIREC;10000.0;4
79000;Mark 14;Mark 38;HYDROGEL_PACK;XIREC;9982.0;3
79800;Mark 38;Mark 14;HYDROGEL_PACK;XIREC;9994.0;6
81300;Mark 14;Mark 38;HYDROGEL_PACK;XIREC;9970.0;6
81700;Mark 38;Mark 14;HYDROGEL_PACK;XIREC;9980.0;3
81900;Mark 38;Mark 14;HYDROGEL_PACK;XIREC;9978.0;2
82300;Mark 38;Mark 14;HYDROGEL_PACK;XIREC;9977.0;3
82300;Mark 01;Mark 55;VELVETFRUIT_EXTRACT;XIREC;5235.0;3
83200;Mark 55;Mark 01;VELVETFRUIT_EXTRACT;XIREC;5237.0;7
84300;Mark 38;Mark 14;VEV_4000;XIREC;1243.0;1
84600;Mark 67;Mark 22;VELVETFRUIT_EXTRACT;XIREC;5233.0;8
85300;Mark 14;Mark 22;VEV_5300;XIREC;42.0;2
85300;Mark 01;Mark 22;VEV_5400;XIREC;14.0;2
85300;Mark 01;Mark 22;VEV_5500;XIREC;6.0;2
85300;Mark 01;Mark 22;VEV_6000;XIREC;0.0;2
85300;Mark 01;Mark 22;VEV_6500;XIREC;0.0;2
86100;Mark 01;Mark 22;VEV_5400;XIREC;14.0;5
86100;Mark 01;Mark 22;VEV_5500;XIREC;6.0;5
86100;Mark 01;Mark 22;VEV_6000;XIREC;0.0;5
86100;Mark 01;Mark 22;VEV_6500;XIREC;0.0;5
87900;Mark 14;Mark 55;VELVETFRUIT_EXTRACT;XIREC;5239.0;3
88500;Mark 67;Mark 22;VELVETFRUIT_EXTRACT;XIREC;5242.0;6
89300;Mark 14;Mark 38;VEV_4000;XIREC;1232.0;3
89800;Mark 01;Mark 22;VEV_5300;XIREC;45.0;4
89800;Mark 01;Mark 22;VEV_5400;XIREC;15.0;4
89800;Mark 01;Mark 22;VEV_6000;XIREC;0.0;4
89800;Mark 01;Mark 22;VEV_6500;XIREC;0.0;4
91100;Mark 55;Mark 14;VELVETFRUIT_EXTRACT;XIREC;5244.0;6
92000;Mark 55;Mark 14;VELVETFRUIT_EXTRACT;XIREC;5243.0;8
92100;Mark 14;Mark 38;HYDROGEL_PACK;XIREC;9955.0;4
92500;Mark 14;Mark 38;HYDROGEL_PACK;XIREC;9956.0;2
93700;Mark 55;Mark 01;VELVETFRUIT_EXTRACT;XIREC;5246.0;6
93800;Mark 55;Mark 01;VELVETFRUIT_EXTRACT;XIREC;5246.0;7
94400;Mark 38;Mark 14;HYDROGEL_PACK;XIREC;9974.0;4
97100;Mark 14;Mark 38;HYDROGEL_PACK;XIREC;9950.0;2
98600;Mark 38;Mark 14;HYDROGEL_PACK;XIREC;9962.0;2
99000;Mark 38;Mark 14;HYDROGEL_PACK;XIREC;9961.0;3
100500;Mark 55;Mark 14;VELVETFRUIT_EXTRACT;XIREC;5248.0;4
101400;Mark 14;Mark 38;HYDROGEL_PACK;XIREC;9936.0;5
101500;Mark 14;Mark 38;HYDROGEL_PACK;XIREC;9935.0;6
102500;Mark 14;Mark 38;VEV_4000;XIREC;1235.0;1
102800;Mark 14;Mark 38;VEV_4000;XIREC;1236.0;1
103100;Mark 38;Mark 14;HYDROGEL_PACK;XIREC;9952.0;4
103500;Mark 14;Mark 38;HYDROGEL_PACK;XIREC;9940.0;3
104400;Mark 55;Mark 14;VELVETFRUIT_EXTRACT;XIREC;5252.0;6
105800;;SUBMISSION;VEV_5400;XIREC;18.0;17
106000;;SUBMISSION;VEV_5400;XIREC;18.0;17
106200;;SUBMISSION;VEV_5400;XIREC;18.0;17
106300;;SUBMISSION;VEV_5400;XIREC;19.0;7
106300;;SUBMISSION;VEV_5400;XIREC;18.0;10
106400;;SUBMISSION;VEV_5400;XIREC;18.0;17
106500;;SUBMISSION;VEV_5400;XIREC;18.0;17
106600;;SUBMISSION;VEV_5400;XIREC;18.0;17
106700;;SUBMISSION;VEV_5400;XIREC;18.0;17
106800;;SUBMISSION;VEV_5400;XIREC;18.0;17
106900;;SUBMISSION;VEV_5400;XIREC;18.0;17
107000;;SUBMISSION;VEV_5400;XIREC;18.0;17
107100;;SUBMISSION;VEV_5400;XIREC;19.0;6
107100;;SUBMISSION;VEV_5400;XIREC;18.0;11
107100;Mark 14;Mark 38;HYDROGEL_PACK;XIREC;9952.0;5
107200;;SUBMISSION;VEV_5100;XIREC;176.0;17
107200;;SUBMISSION;VEV_5200;XIREC;104.0;12
107200;;SUBMISSION;VEV_5300;XIREC;52.0;17
107200;;SUBMISSION;VEV_5400;XIREC;19.0;17
107300;;SUBMISSION;VEV_5100;XIREC;176.0;17
107300;;SUBMISSION;VEV_5200;XIREC;104.0;12
107300;;SUBMISSION;VEV_5300;XIREC;52.0;17
107300;;SUBMISSION;VEV_5400;XIREC;19.0;17
107400;;SUBMISSION;VEV_5100;XIREC;176.0;17
107400;;SUBMISSION;VEV_5200;XIREC;104.0;12
107400;;SUBMISSION;VEV_5300;XIREC;52.0;17
107400;;SUBMISSION;VEV_5400;XIREC;19.0;17
107500;;SUBMISSION;VEV_5200;XIREC;104.0;12
107500;;SUBMISSION;VEV_5300;XIREC;52.0;8
107500;;SUBMISSION;VEV_5300;XIREC;51.0;9
107500;;SUBMISSION;VEV_5400;XIREC;19.0;17
107600;;SUBMISSION;VEV_5200;XIREC;103.0;12
107600;;SUBMISSION;VEV_5300;XIREC;51.0;17
107600;;SUBMISSION;VEV_5400;XIREC;19.0;17
107700;;SUBMISSION;VEV_5100;XIREC;176.0;17
107700;;SUBMISSION;VEV_5200;XIREC;104.0;12
107700;;SUBMISSION;VEV_5300;XIREC;52.0;17
107700;;SUBMISSION;VEV_5400;XIREC;19.0;11
107800;;SUBMISSION;VEV_5100;XIREC;177.0;11
107800;;SUBMISSION;VEV_5100;XIREC;176.0;6
107800;;SUBMISSION;VEV_5200;XIREC;104.0;12
107800;;SUBMISSION;VEV_5300;XIREC;52.0;17
107900;;SUBMISSION;VELVETFRUIT_EXTRACT;XIREC;5261.0;17
107900;;SUBMISSION;VEV_4000;XIREC;1253.0;7
107900;;SUBMISSION;VEV_4000;XIREC;1251.0;10
107900;;SUBMISSION;VEV_4500;XIREC;756.0;9
107900;;SUBMISSION;VEV_4500;XIREC;754.0;8
107900;;SUBMISSION;VEV_5000;XIREC;266.0;9
107900;;SUBMISSION;VEV_5000;XIREC;265.0;8
107900;;SUBMISSION;VEV_5100;XIREC;177.0;17
107900;;SUBMISSION;VEV_5200;XIREC;105.0;12
107900;;SUBMISSION;VEV_5300;XIREC;52.0;17
107900;Mark 55;Mark 01;VELVETFRUIT_EXTRACT;XIREC;5267.0;3
108000;;SUBMISSION;VEV_5100;XIREC;176.0;17
108000;;SUBMISSION;VEV_5200;XIREC;104.0;12
108000;;SUBMISSION;VEV_5300;XIREC;52.0;17
108100;;SUBMISSION;VEV_5200;XIREC;104.0;10
108100;;SUBMISSION;VEV_5200;XIREC;103.0;2
108100;;SUBMISSION;VEV_5300;XIREC;52.0;5
108100;;SUBMISSION;VEV_5300;XIREC;51.0;12
108200;;SUBMISSION;VEV_5100;XIREC;177.0;6
108200;;SUBMISSION;VEV_5100;XIREC;176.0;11
108200;;SUBMISSION;VEV_5200;XIREC;105.0;6
108200;;SUBMISSION;VEV_5200;XIREC;104.0;6
108200;;SUBMISSION;VEV_5300;XIREC;52.0;17
108300;;SUBMISSION;VEV_5200;XIREC;104.0;10
108300;;SUBMISSION;VEV_5200;XIREC;103.0;2
108300;;SUBMISSION;VEV_5300;XIREC;52.0;6
108300;;SUBMISSION;VEV_5300;XIREC;51.0;11
108400;;SUBMISSION;VELVETFRUIT_EXTRACT;XIREC;5261.0;17
108400;;SUBMISSION;VEV_4000;XIREC;1263.0;3
108400;;SUBMISSION;VEV_4000;XIREC;1253.0;14
108400;;SUBMISSION;VEV_4500;XIREC;763.0;3
108400;;SUBMISSION;VEV_4500;XIREC;756.0;8
108400;;SUBMISSION;VEV_4500;XIREC;754.0;6
108400;;SUBMISSION;VEV_5000;XIREC;268.0;3
108400;;SUBMISSION;VEV_5000;XIREC;266.0;8
108400;;SUBMISSION;VEV_5000;XIREC;265.0;6
108400;;SUBMISSION;VEV_5100;XIREC;179.0;3
108400;;SUBMISSION;VEV_5100;XIREC;177.0;14
108400;;SUBMISSION;VEV_5200;XIREC;106.0;3
108400;;SUBMISSION;VEV_5200;XIREC;105.0;9
108400;;SUBMISSION;VEV_5300;XIREC;53.0;3
108400;;SUBMISSION;VEV_5300;XIREC;52.0;14
108500;;SUBMISSION;VELVETFRUIT_EXTRACT;XIREC;5262.0;17
108500;;SUBMISSION;VEV_4000;XIREC;1254.0;8
108500;;SUBMISSION;VEV_4000;XIREC;1252.0;9
108500;;SUBMISSION;VEV_4500;XIREC;757.0;12
108500;;SUBMISSION;VEV_4500;XIREC;755.0;5
108500;;SUBMISSION;VEV_5000;XIREC;266.0;17
108500;;SUBMISSION;VEV_5100;XIREC;178.0;12
108500;;SUBMISSION;VEV_5100;XIREC;177.0;5
108500;;SUBMISSION;VEV_5200;XIREC;106.0;12
108500;;SUBMISSION;VEV_5300;XIREC;53.0;17
108600;;SUBMISSION;VELVETFRUIT_EXTRACT;XIREC;5262.0;17
108600;;SUBMISSION;VEV_4000;XIREC;1254.0;10
108600;;SUBMISSION;VEV_4000;XIREC;1251.0;7
108600;;SUBMISSION;VEV_4500;XIREC;756.0;8
108600;;SUBMISSION;VEV_4500;XIREC;754.0;9
108600;;SUBMISSION;VEV_5000;XIREC;266.0;8
108600;;SUBMISSION;VEV_5000;XIREC;265.0;9
108600;;SUBMISSION;VEV_5100;XIREC;178.0;8
108600;;SUBMISSION;VEV_5100;XIREC;177.0;9
108600;;SUBMISSION;VEV_5200;XIREC;105.0;12
108600;;SUBMISSION;VEV_5300;XIREC;53.0;5
108600;;SUBMISSION;VEV_5300;XIREC;52.0;12
108700;;SUBMISSION;VELVETFRUIT_EXTRACT;XIREC;5262.0;17
108700;;SUBMISSION;VEV_4000;XIREC;1254.0;7
108700;;SUBMISSION;VEV_4000;XIREC;1251.0;10
108700;;SUBMISSION;VEV_4500;XIREC;756.0;7
108700;;SUBMISSION;VEV_4500;XIREC;754.0;10
108700;;SUBMISSION;VEV_5000;XIREC;266.0;7
108700;;SUBMISSION;VEV_5000;XIREC;265.0;10
108700;;SUBMISSION;VEV_5100;XIREC;178.0;7
108700;;SUBMISSION;VEV_5100;XIREC;177.0;10
108700;;SUBMISSION;VEV_5200;XIREC;105.0;12
108700;;SUBMISSION;VEV_5300;XIREC;53.0;9
108700;;SUBMISSION;VEV_5300;XIREC;52.0;8
108800;;SUBMISSION;VELVETFRUIT_EXTRACT;XIREC;5264.0;17
108800;;SUBMISSION;VEV_4000;XIREC;1256.0;11
108800;;SUBMISSION;VEV_4000;XIREC;1253.0;6
108800;;SUBMISSION;VEV_4500;XIREC;758.0;12
108800;;SUBMISSION;VEV_4500;XIREC;756.0;5
108800;;SUBMISSION;VEV_5000;XIREC;268.0;12
108800;;SUBMISSION;VEV_5000;XIREC;267.0;5
108800;;SUBMISSION;VEV_5100;XIREC;179.0;17
108800;;SUBMISSION;VEV_5200;XIREC;107.0;12
108800;;SUBMISSION;VEV_5300;XIREC;54.0;5
108800;;SUBMISSION;VEV_5300;XIREC;53.0;12
108900;;SUBMISSION;VELVETFRUIT_EXTRACT;XIREC;5264.0;17
108900;;SUBMISSION;VEV_4000;XIREC;1256.0;7
108900;;SUBMISSION;VEV_4000;XIREC;1253.0;10
108900;;SUBMISSION;VEV_4500;XIREC;758.0;8
108900;;SUBMISSION;VEV_4500;XIREC;756.0;9
108900;;SUBMISSION;VEV_5000;XIREC;268.0;8
108900;;SUBMISSION;VEV_5000;XIREC;267.0;9
108900;;SUBMISSION;VEV_5100;XIREC;179.0;17
108900;;SUBMISSION;VEV_5200;XIREC;106.0;12
108900;;SUBMISSION;VEV_5300;XIREC;53.0;11
109000;;SUBMISSION;VELVETFRUIT_EXTRACT;XIREC;5264.0;17
109000;;SUBMISSION;VEV_4000;XIREC;1256.0;15
109000;;SUBMISSION;VEV_4000;XIREC;1253.0;2
109000;;SUBMISSION;VEV_4500;XIREC;758.0;11
109000;;SUBMISSION;VEV_4500;XIREC;756.0;6
109000;;SUBMISSION;VEV_5000;XIREC;268.0;11
109000;;SUBMISSION;VEV_5000;XIREC;267.0;6
109000;;SUBMISSION;VEV_5100;XIREC;179.0;17
109000;;SUBMISSION;VEV_5200;XIREC;107.0;11
109000;;SUBMISSION;VEV_5200;XIREC;106.0;1
109000;Mark 67;Mark 49;VELVETFRUIT_EXTRACT;XIREC;5265.0;12
109100;;SUBMISSION;VELVETFRUIT_EXTRACT;XIREC;5264.0;17
109100;;SUBMISSION;VEV_4000;XIREC;1256.0;11
109100;;SUBMISSION;VEV_4000;XIREC;1254.0;6
109100;;SUBMISSION;VEV_4500;XIREC;759.0;7
109100;;SUBMISSION;VEV_4500;XIREC;757.0;10
109100;;SUBMISSION;VEV_5000;XIREC;268.0;17
109100;;SUBMISSION;VEV_5100;XIREC;180.0;7
109100;;SUBMISSION;VEV_5100;XIREC;179.0;10
109100;;SUBMISSION;VEV_5200;XIREC;107.0;12
109100;Mark 14;Mark 38;HYDROGEL_PACK;XIREC;9957.0;2
109200;;SUBMISSION;VELVETFRUIT_EXTRACT;XIREC;5263.0;17
109200;;SUBMISSION;VEV_4000;XIREC;1255.0;7
109200;;SUBMISSION;VEV_4000;XIREC;1252.0;10
109200;;SUBMISSION;VEV_4500;XIREC;757.0;12
109200;;SUBMISSION;VEV_4500;XIREC;755.0;5
109200;;SUBMISSION;VEV_5000;XIREC;267.0;12
109200;;SUBMISSION;VEV_5000;XIREC;266.0;5
109200;;SUBMISSION;VEV_5100;XIREC;179.0;12
109200;;SUBMISSION;VEV_5100;XIREC;178.0;5
109200;;SUBMISSION;VEV_5200;XIREC;106.0;12
109300;;SUBMISSION;VELVETFRUIT_EXTRACT;XIREC;5264.0;17
109300;;SUBMISSION;VEV_4000;XIREC;1256.0;12
109300;;SUBMISSION;VEV_4000;XIREC;1254.0;5
109300;;SUBMISSION;VEV_4500;XIREC;759.0;11
109300;;SUBMISSION;VEV_4500;XIREC;757.0;6
109300;;SUBMISSION;VEV_5000;XIREC;268.0;17
109300;;SUBMISSION;VEV_5100;XIREC;180.0;11
109300;;SUBMISSION;VEV_5200;XIREC;107.0;12
109400;;SUBMISSION;VELVETFRUIT_EXTRACT;XIREC;5266.0;17
109400;;SUBMISSION;VEV_4000;XIREC;1258.0;8
109400;;SUBMISSION;VEV_4000;XIREC;1256.0;9
109400;;SUBMISSION;VEV_4500;XIREC;761.0;6
109400;;SUBMISSION;VEV_4500;XIREC;759.0;11
109400;;SUBMISSION;VEV_5000;XIREC;270.0;6
109400;;SUBMISSION;VEV_5000;XIREC;269.0;11
109400;;SUBMISSION;VEV_5200;XIREC;108.0;12
109500;;SUBMISSION;VELVETFRUIT_EXTRACT;XIREC;5266.0;17
109500;;SUBMISSION;VEV_4000;XIREC;1258.0;11
109500;;SUBMISSION;VEV_4000;XIREC;1255.0;6
109500;;SUBMISSION;VEV_4500;XIREC;760.0;12
109500;;SUBMISSION;VEV_4500;XIREC;759.0;5
109500;;SUBMISSION;VEV_5000;XIREC;270.0;12
109500;;SUBMISSION;VEV_5000;XIREC;269.0;5
109500;;SUBMISSION;VEV_5200;XIREC;108.0;12
109600;;SUBMISSION;VELVETFRUIT_EXTRACT;XIREC;5268.0;17
109600;;SUBMISSION;VEV_4000;XIREC;1259.0;8
109600;;SUBMISSION;VEV_4000;XIREC;1257.0;9
109600;;SUBMISSION;VEV_4500;XIREC;762.0;10
109600;;SUBMISSION;VEV_4500;XIREC;760.0;7
109600;;SUBMISSION;VEV_5000;XIREC;271.0;17
109600;;SUBMISSION;VEV_5200;XIREC;109.0;7
109700;;SUBMISSION;VELVETFRUIT_EXTRACT;XIREC;5268.0;17
109700;;SUBMISSION;VEV_4000;XIREC;1260.0;8
109700;;SUBMISSION;VEV_4000;XIREC;1257.0;9
109700;;SUBMISSION;VEV_4500;XIREC;762.0;12
109700;;SUBMISSION;VEV_4500;XIREC;760.0;5
109700;;SUBMISSION;VEV_5000;XIREC;272.0;12
109700;;SUBMISSION;VEV_5000;XIREC;271.0;5
109800;;SUBMISSION;VELVETFRUIT_EXTRACT;XIREC;5269.0;17
109800;;SUBMISSION;VEV_4000;XIREC;1261.0;9
109800;;SUBMISSION;VEV_4000;XIREC;1258.0;8
109800;;SUBMISSION;VEV_4500;XIREC;763.0;8
109800;;SUBMISSION;VEV_4500;XIREC;761.0;9
109800;;SUBMISSION;VEV_5000;XIREC;272.0;17
109900;;SUBMISSION;VELVETFRUIT_EXTRACT;XIREC;5268.0;17
109900;;SUBMISSION;VEV_4000;XIREC;1259.0;11
109900;;SUBMISSION;VEV_4000;XIREC;1257.0;6
109900;;SUBMISSION;VEV_4500;XIREC;762.0;10
109900;;SUBMISSION;VEV_4500;XIREC;760.0;7
109900;;SUBMISSION;VEV_5000;XIREC;271.0;17
110000;;SUBMISSION;VELVETFRUIT_EXTRACT;XIREC;5267.0;17
110000;;SUBMISSION;VEV_4000;XIREC;1259.0;8
110000;;SUBMISSION;VEV_4000;XIREC;1257.0;9
110000;;SUBMISSION;VEV_4500;XIREC;762.0;10
110000;;SUBMISSION;VEV_4500;XIREC;760.0;7
110000;;SUBMISSION;VEV_5000;XIREC;271.0;10
110000;;SUBMISSION;VEV_5000;XIREC;270.0;7
110100;;SUBMISSION;VELVETFRUIT_EXTRACT;XIREC;5265.0;17
110100;;SUBMISSION;VEV_4000;XIREC;1257.0;13
110100;;SUBMISSION;VEV_4000;XIREC;1255.0;4
110100;;SUBMISSION;VEV_4500;XIREC;760.0;11
110100;;SUBMISSION;VEV_4500;XIREC;758.0;6
110100;;SUBMISSION;VEV_5000;XIREC;269.0;17
110100;Mark 01;Mark 55;VELVETFRUIT_EXTRACT;XIREC;5265.0;4
110200;;SUBMISSION;VELVETFRUIT_EXTRACT;XIREC;5265.0;17
110200;;SUBMISSION;VEV_4000;XIREC;1257.0;9
110200;;SUBMISSION;VEV_4000;XIREC;1254.0;8
110200;;SUBMISSION;VEV_4500;XIREC;759.0;10
110200;;SUBMISSION;VEV_4500;XIREC;757.0;7
110200;;SUBMISSION;VEV_5000;XIREC;269.0;10
110200;;SUBMISSION;VEV_5000;XIREC;268.0;7
110300;;SUBMISSION;VELVETFRUIT_EXTRACT;XIREC;5265.0;17
110300;;SUBMISSION;VEV_4000;XIREC;1257.0;9
110300;;SUBMISSION;VEV_4000;XIREC;1254.0;8
110300;;SUBMISSION;VEV_4500;XIREC;759.0;10
110300;;SUBMISSION;VEV_4500;XIREC;757.0;7
110300;;SUBMISSION;VEV_5000;XIREC;269.0;10
110300;;SUBMISSION;VEV_5000;XIREC;268.0;7
110400;;SUBMISSION;VELVETFRUIT_EXTRACT;XIREC;5265.0;17
110400;;SUBMISSION;VEV_4000;XIREC;1257.0;12
110400;;SUBMISSION;VEV_4000;XIREC;1255.0;5
110400;;SUBMISSION;VEV_4500;XIREC;760.0;7
110400;;SUBMISSION;VEV_4500;XIREC;758.0;10
110400;;SUBMISSION;VEV_5000;XIREC;269.0;17
110500;;SUBMISSION;VELVETFRUIT_EXTRACT;XIREC;5265.0;17
110500;;SUBMISSION;VEV_4000;XIREC;1257.0;14
110500;;SUBMISSION;VEV_4000;XIREC;1254.0;3
110500;;SUBMISSION;VEV_4500;XIREC;759.0;11
110500;;SUBMISSION;VEV_4500;XIREC;757.0;6
110500;;SUBMISSION;VEV_5000;XIREC;269.0;11
110500;;SUBMISSION;VEV_5000;XIREC;268.0;6
110600;;SUBMISSION;VELVETFRUIT_EXTRACT;XIREC;5264.0;9
110600;;SUBMISSION;VEV_4000;XIREC;1256.0;15
110600;;SUBMISSION;VEV_4000;XIREC;1253.0;2
110600;;SUBMISSION;VEV_4500;XIREC;758.0;10
110600;;SUBMISSION;VEV_4500;XIREC;756.0;7
110600;;SUBMISSION;VEV_5000;XIREC;268.0;10
110600;;SUBMISSION;VEV_5000;XIREC;267.0;7
110700;;SUBMISSION;VEV_4000;XIREC;1256.0;12
110700;;SUBMISSION;VEV_4000;XIREC;1253.0;5
110700;;SUBMISSION;VEV_4500;XIREC;758.0;8
110700;;SUBMISSION;VEV_4500;XIREC;756.0;9
110700;;SUBMISSION;VEV_5000;XIREC;268.0;8
110700;;SUBMISSION;VEV_5000;XIREC;267.0;9
110800;;SUBMISSION;VEV_4000;XIREC;1256.0;11
110800;;SUBMISSION;VEV_4000;XIREC;1254.0;6
110800;;SUBMISSION;VEV_4500;XIREC;759.0;7
110800;;SUBMISSION;VEV_4500;XIREC;757.0;10
110800;;SUBMISSION;VEV_5000;XIREC;268.0;17
110900;;SUBMISSION;VEV_4000;XIREC;1256.0;12
110900;;SUBMISSION;VEV_4000;XIREC;1253.0;5
110900;;SUBMISSION;VEV_4500;XIREC;758.0;8
110900;;SUBMISSION;VEV_4500;XIREC;756.0;9
110900;;SUBMISSION;VEV_5000;XIREC;268.0;8
110900;;SUBMISSION;VEV_5000;XIREC;267.0;9
111000;;SUBMISSION;VEV_4000;XIREC;1254.0;13
111000;;SUBMISSION;VEV_4000;XIREC;1251.0;4
111000;;SUBMISSION;VEV_4500;XIREC;756.0;10
111000;;SUBMISSION;VEV_4500;XIREC;755.0;7
111000;;SUBMISSION;VEV_5000;XIREC;266.0;17
111100;;SUBMISSION;VEV_4000;XIREC;1254.0;13
111100;;SUBMISSION;VEV_4000;XIREC;1252.0;4
111100;;SUBMISSION;VEV_4500;XIREC;757.0;12
111100;;SUBMISSION;VEV_4500;XIREC;755.0;5
111100;;SUBMISSION;VEV_5000;XIREC;266.0;17
111200;;SUBMISSION;VEV_4000;XIREC;1256.0;15
111200;;SUBMISSION;VEV_4000;XIREC;1253.0;2
111200;;SUBMISSION;VEV_4500;XIREC;758.0;8
111200;;SUBMISSION;VEV_4500;XIREC;757.0;9
111200;;SUBMISSION;VEV_5000;XIREC;268.0;8
111200;;SUBMISSION;VEV_5000;XIREC;267.0;9
111300;;SUBMISSION;VEV_4000;XIREC;1257.0;9
111300;;SUBMISSION;VEV_4000;XIREC;1254.0;8
111300;;SUBMISSION;VEV_4500;XIREC;759.0;11
111300;;SUBMISSION;VEV_4500;XIREC;757.0;6
111300;;SUBMISSION;VEV_5000;XIREC;269.0;11
111300;;SUBMISSION;VEV_5000;XIREC;268.0;6
111400;;SUBMISSION;VEV_4000;XIREC;1256.0;7
111400;;SUBMISSION;VEV_4000;XIREC;1253.0;10
111400;;SUBMISSION;VEV_4500;XIREC;758.0;12
111400;;SUBMISSION;VEV_4500;XIREC;756.0;5
111400;;SUBMISSION;VEV_5000;XIREC;268.0;12
111400;;SUBMISSION;VEV_5000;XIREC;267.0;5
111500;;SUBMISSION;VEV_4000;XIREC;1254.0;11
111500;;SUBMISSION;VEV_4000;XIREC;1251.0;6
111500;;SUBMISSION;VEV_4500;XIREC;756.0;10
111500;;SUBMISSION;VEV_4500;XIREC;754.0;7
111500;;SUBMISSION;VEV_5000;XIREC;266.0;10
111500;;SUBMISSION;VEV_5000;XIREC;265.0;1
112000;Mark 14;Mark 55;VELVETFRUIT_EXTRACT;XIREC;5260.0;3
112700;Mark 14;Mark 38;HYDROGEL_PACK;XIREC;9948.0;2
113900;Mark 38;Mark 14;HYDROGEL_PACK;XIREC;9956.0;2
114200;;SUBMISSION;VEV_4000;XIREC;1254.0;8
114200;;SUBMISSION;VEV_4000;XIREC;1251.0;9
114200;;SUBMISSION;VEV_4500;XIREC;756.0;10
114200;;SUBMISSION;VEV_4500;XIREC;755.0;7
114300;;SUBMISSION;VEV_4000;XIREC;1254.0;9
114300;;SUBMISSION;VEV_4000;XIREC;1251.0;8
114300;;SUBMISSION;VEV_4500;XIREC;756.0;6
114300;;SUBMISSION;VEV_4500;XIREC;755.0;11
114400;;SUBMISSION;VEV_4000;XIREC;1255.0;5
114400;;SUBMISSION;VEV_4500;XIREC;757.0;5
115500;Mark 14;Mark 38;HYDROGEL_PACK;XIREC;9937.0;3
118800;Mark 14;Mark 55;VELVETFRUIT_EXTRACT;XIREC;5257.0;3
119400;Mark 38;Mark 14;HYDROGEL_PACK;XIREC;9962.0;3
120300;Mark 01;Mark 22;VEV_5400;XIREC;18.0;4
120300;Mark 01;Mark 22;VEV_5500;XIREC;8.0;4
120300;Mark 01;Mark 22;VEV_6000;XIREC;0.0;4
120300;Mark 01;Mark 22;VEV_6500;XIREC;0.0;4
120700;Mark 38;Mark 14;HYDROGEL_PACK;XIREC;9958.0;2
123300;Mark 01;Mark 55;VELVETFRUIT_EXTRACT;XIREC;5262.0;7
125600;Mark 55;Mark 14;VELVETFRUIT_EXTRACT;XIREC;5265.0;3
126000;Mark 38;Mark 14;HYDROGEL_PACK;XIREC;9953.0;4
127200;Mark 01;Mark 22;VEV_5500;XIREC;8.0;3
127200;Mark 01;Mark 22;VEV_6000;XIREC;0.0;3
127200;Mark 01;Mark 22;VEV_6500;XIREC;0.0;3
129100;Mark 38;Mark 14;VEV_4000;XIREC;1275.0;3
129500;Mark 38;Mark 14;HYDROGEL_PACK;XIREC;9967.0;6
129800;Mark 14;Mark 38;HYDROGEL_PACK;XIREC;9951.0;4
130800;Mark 14;Mark 38;HYDROGEL_PACK;XIREC;9946.0;5
131300;Mark 49;Mark 55;VELVETFRUIT_EXTRACT;XIREC;5265.0;5
131800;Mark 01;Mark 55;VELVETFRUIT_EXTRACT;XIREC;5261.0;5
132600;Mark 67;Mark 49;VELVETFRUIT_EXTRACT;XIREC;5263.0;10
133100;Mark 14;Mark 38;VEV_4000;XIREC;1253.0;3
133700;Mark 14;Mark 38;HYDROGEL_PACK;XIREC;9948.0;4
134000;Mark 14;Mark 55;VELVETFRUIT_EXTRACT;XIREC;5264.0;8
134500;Mark 14;Mark 38;HYDROGEL_PACK;XIREC;9944.0;6
135200;Mark 55;Mark 01;VELVETFRUIT_EXTRACT;XIREC;5264.0;8
135500;Mark 14;Mark 55;VELVETFRUIT_EXTRACT;XIREC;5257.0;7
135900;Mark 01;Mark 22;VEV_5300;XIREC;52.0;3
135900;Mark 01;Mark 22;VEV_5400;XIREC;19.0;3
135900;Mark 01;Mark 22;VEV_5500;XIREC;8.0;3
135900;Mark 01;Mark 22;VEV_6000;XIREC;0.0;3
135900;Mark 01;Mark 22;VEV_6500;XIREC;0.0;3
137000;Mark 14;Mark 38;VEV_4000;XIREC;1252.0;3
137300;Mark 14;Mark 38;VEV_4000;XIREC;1251.0;3
137600;Mark 38;Mark 14;VEV_4000;XIREC;1269.0;3
137800;Mark 14;Mark 38;HYDROGEL_PACK;XIREC;9942.0;3
138000;Mark 01;Mark 55;VELVETFRUIT_EXTRACT;XIREC;5254.0;7
138100;Mark 38;Mark 14;HYDROGEL_PACK;XIREC;9959.0;2
139700;Mark 67;Mark 22;VELVETFRUIT_EXTRACT;XIREC;5257.0;8
140000;Mark 55;Mark 14;VELVETFRUIT_EXTRACT;XIREC;5261.0;5
140100;Mark 55;Mark 14;VELVETFRUIT_EXTRACT;XIREC;5260.0;4
141000;Mark 55;Mark 14;VELVETFRUIT_EXTRACT;XIREC;5260.0;4
142000;Mark 55;Mark 14;VELVETFRUIT_EXTRACT;XIREC;5262.0;6
144500;Mark 01;Mark 55;VELVETFRUIT_EXTRACT;XIREC;5258.0;5
145500;Mark 01;Mark 22;VEV_5400;XIREC;19.0;2
145500;Mark 01;Mark 22;VEV_5500;XIREC;8.0;2
145500;Mark 01;Mark 22;VEV_6000;XIREC;0.0;2
145500;Mark 01;Mark 22;VEV_6500;XIREC;0.0;2
145600;Mark 38;Mark 14;HYDROGEL_PACK;XIREC;9962.0;5
146500;Mark 38;Mark 14;HYDROGEL_PACK;XIREC;9963.0;6
146700;Mark 14;Mark 55;VELVETFRUIT_EXTRACT;XIREC;5260.0;7
147900;Mark 14;Mark 38;VEV_4000;XIREC;1256.0;1
148000;Mark 38;Mark 14;HYDROGEL_PACK;XIREC;9972.0;3
148300;Mark 22;Mark 55;VELVETFRUIT_EXTRACT;XIREC;5265.0;4
150600;Mark 01;Mark 22;VEV_5300;XIREC;53.0;2
150600;Mark 01;Mark 22;VEV_5400;XIREC;20.0;2
150600;Mark 01;Mark 22;VEV_5500;XIREC;8.0;2
150600;Mark 01;Mark 22;VEV_6000;XIREC;0.0;2
150600;Mark 01;Mark 22;VEV_6500;XIREC;0.0;2
150700;Mark 55;Mark 01;VELVETFRUIT_EXTRACT;XIREC;5268.0;7
151100;Mark 14;Mark 38;HYDROGEL_PACK;XIREC;9945.0;4
151200;Mark 14;Mark 38;HYDROGEL_PACK;XIREC;9944.0;6
151400;Mark 01;Mark 55;VELVETFRUIT_EXTRACT;XIREC;5261.0;7
152700;Mark 14;Mark 38;HYDROGEL_PACK;XIREC;9944.0;5
153000;Mark 01;Mark 22;VEV_5400;XIREC;18.0;4
153000;Mark 01;Mark 22;VEV_5500;XIREC;7.0;4
153000;Mark 01;Mark 22;VEV_6000;XIREC;0.0;4
153000;Mark 01;Mark 22;VEV_6500;XIREC;0.0;4
154100;Mark 14;Mark 38;VEV_4000;XIREC;1242.0;3
155900;Mark 38;Mark 14;HYDROGEL_PACK;XIREC;9966.0;4
156200;Mark 14;Mark 38;VEV_4000;XIREC;1237.0;1
156400;Mark 14;Mark 38;HYDROGEL_PACK;XIREC;9949.0;6
159900;Mark 14;Mark 38;HYDROGEL_PACK;XIREC;9961.0;3
161200;Mark 14;Mark 38;HYDROGEL_PACK;XIREC;9956.0;6
163300;Mark 67;Mark 22;VELVETFRUIT_EXTRACT;XIREC;5254.0;10
164000;Mark 14;Mark 55;VELVETFRUIT_EXTRACT;XIREC;5251.0;5
164300;Mark 38;Mark 14;HYDROGEL_PACK;XIREC;9973.0;5
165500;Mark 49;Mark 55;VELVETFRUIT_EXTRACT;XIREC;5250.0;4
167300;Mark 14;Mark 38;HYDROGEL_PACK;XIREC;9957.0;3
167600;Mark 01;Mark 55;VELVETFRUIT_EXTRACT;XIREC;5249.0;6
167600;Mark 14;Mark 38;VEV_4000;XIREC;1242.0;2
168400;Mark 14;Mark 55;VELVETFRUIT_EXTRACT;XIREC;5248.0;3
168500;Mark 38;Mark 14;VEV_4000;XIREC;1261.0;2
168700;Mark 38;Mark 14;VEV_4000;XIREC;1260.0;1
170400;Mark 01;Mark 22;VEV_5400;XIREC;17.0;5
170400;Mark 01;Mark 22;VEV_5500;XIREC;7.0;5
170400;Mark 01;Mark 22;VEV_6000;XIREC;0.0;5
170400;Mark 01;Mark 22;VEV_6500;XIREC;0.0;5
170500;Mark 14;Mark 22;VEV_5300;XIREC;46.0;3
170500;Mark 01;Mark 22;VEV_5500;XIREC;7.0;3
170500;Mark 01;Mark 22;VEV_6000;XIREC;0.0;3
170500;Mark 01;Mark 22;VEV_6500;XIREC;0.0;3
170900;Mark 38;Mark 14;VEV_4000;XIREC;1260.0;3
171400;Mark 38;Mark 14;HYDROGEL_PACK;XIREC;9992.0;6
171700;Mark 01;Mark 55;VELVETFRUIT_EXTRACT;XIREC;5248.0;7
172400;Mark 14;Mark 38;VEV_4000;XIREC;1238.0;1
172500;Mark 01;Mark 22;VEV_5300;XIREC;46.0;5
172500;Mark 01;Mark 22;VEV_5400;XIREC;17.0;5
172500;Mark 01;Mark 22;VEV_5500;XIREC;7.0;5
172500;Mark 01;Mark 22;VEV_6000;XIREC;0.0;5
172500;Mark 01;Mark 22;VEV_6500;XIREC;0.0;5
174200;Mark 38;Mark 14;HYDROGEL_PACK;XIREC;9988.0;5
174400;Mark 38;Mark 14;HYDROGEL_PACK;XIREC;9991.0;6
178000;Mark 14;Mark 38;HYDROGEL_PACK;XIREC;9988.0;3
179200;Mark 01;Mark 55;VELVETFRUIT_EXTRACT;XIREC;5243.0;4
180100;Mark 55;Mark 01;VELVETFRUIT_EXTRACT;XIREC;5248.0;3
181300;;SUBMISSION;HYDROGEL_PACK;XIREC;10000.0;13
182100;Mark 14;Mark 38;HYDROGEL_PACK;XIREC;10012.0;3
182800;Mark 14;Mark 38;HYDROGEL_PACK;XIREC;10010.0;5
184200;Mark 38;Mark 14;VEV_4000;XIREC;1251.0;3
185400;;SUBMISSION;HYDROGEL_PACK;XIREC;10017.0;1
185500;;SUBMISSION;HYDROGEL_PACK;XIREC;10018.0;1
185600;;SUBMISSION;HYDROGEL_PACK;XIREC;10023.0;3
185700;;SUBMISSION;HYDROGEL_PACK;XIREC;10023.0;3
185800;;SUBMISSION;HYDROGEL_PACK;XIREC;10024.0;3
185800;Mark 38;SUBMISSION;HYDROGEL_PACK;XIREC;10039.0;4
185900;;SUBMISSION;HYDROGEL_PACK;XIREC;10024.0;3
186000;;SUBMISSION;HYDROGEL_PACK;XIREC;10023.0;3
186100;;SUBMISSION;HYDROGEL_PACK;XIREC;10022.0;3
186200;;SUBMISSION;HYDROGEL_PACK;XIREC;10017.0;1
186400;;SUBMISSION;HYDROGEL_PACK;XIREC;10017.0;1
186500;;SUBMISSION;HYDROGEL_PACK;XIREC;10021.0;2
186600;;SUBMISSION;HYDROGEL_PACK;XIREC;10020.0;2
186700;;SUBMISSION;HYDROGEL_PACK;XIREC;10022.0;3
186800;;SUBMISSION;HYDROGEL_PACK;XIREC;10020.0;2
186900;;SUBMISSION;HYDROGEL_PACK;XIREC;10020.0;2
187000;;SUBMISSION;HYDROGEL_PACK;XIREC;10022.0;3
187100;;SUBMISSION;HYDROGEL_PACK;XIREC;10021.0;2
187200;;SUBMISSION;HYDROGEL_PACK;XIREC;10022.0;3
187300;;SUBMISSION;HYDROGEL_PACK;XIREC;10022.0;3
187300;SUBMISSION;;VEV_5200;XIREC;87.0;12
187400;;SUBMISSION;HYDROGEL_PACK;XIREC;10019.0;2
187400;SUBMISSION;;VEV_5200;XIREC;87.0;12
187400;Mark 55;Mark 01;VELVETFRUIT_EXTRACT;XIREC;5235.0;8
187500;;SUBMISSION;HYDROGEL_PACK;XIREC;10018.0;1
187500;SUBMISSION;;VEV_5200;XIREC;87.0;12
187600;SUBMISSION;;VEV_5200;XIREC;87.0;12
187600;Mark 55;Mark 01;VELVETFRUIT_EXTRACT;XIREC;5235.0;5
187700;;SUBMISSION;HYDROGEL_PACK;XIREC;10017.0;1
187700;SUBMISSION;;VEV_5200;XIREC;86.0;6
187700;SUBMISSION;;VEV_5200;XIREC;87.0;6
187800;;SUBMISSION;HYDROGEL_PACK;XIREC;10018.0;1
187800;SUBMISSION;;VEV_5200;XIREC;86.0;6
187800;SUBMISSION;;VEV_5200;XIREC;87.0;6
187900;;SUBMISSION;HYDROGEL_PACK;XIREC;10017.0;1
188000;;SUBMISSION;HYDROGEL_PACK;XIREC;10018.0;1
188100;;SUBMISSION;HYDROGEL_PACK;XIREC;10021.0;2
188100;SUBMISSION;;VELVETFRUIT_EXTRACT;XIREC;5231.0;9
188100;SUBMISSION;;VELVETFRUIT_EXTRACT;XIREC;5234.0;8
188200;;SUBMISSION;HYDROGEL_PACK;XIREC;10022.0;3
188300;;SUBMISSION;HYDROGEL_PACK;XIREC;10020.0;2
188400;;SUBMISSION;HYDROGEL_PACK;XIREC;10021.0;2
188400;Mark 14;Mark 38;HYDROGEL_PACK;XIREC;10021.0;4
188500;;SUBMISSION;HYDROGEL_PACK;XIREC;10021.0;2
188600;;SUBMISSION;HYDROGEL_PACK;XIREC;10022.0;3
188700;;SUBMISSION;HYDROGEL_PACK;XIREC;10023.0;3
188800;;SUBMISSION;HYDROGEL_PACK;XIREC;10021.0;2
188800;Mark 22;Mark 55;VELVETFRUIT_EXTRACT;XIREC;5232.0;6
188900;;SUBMISSION;HYDROGEL_PACK;XIREC;10018.0;1
189000;;SUBMISSION;HYDROGEL_PACK;XIREC;10019.0;2
189100;;SUBMISSION;HYDROGEL_PACK;XIREC;10020.0;2
189200;;SUBMISSION;HYDROGEL_PACK;XIREC;10022.0;3
189300;;SUBMISSION;HYDROGEL_PACK;XIREC;10025.0;4
189400;;SUBMISSION;HYDROGEL_PACK;XIREC;10026.0;4
189500;;SUBMISSION;HYDROGEL_PACK;XIREC;10023.0;3
189600;;SUBMISSION;HYDROGEL_PACK;XIREC;10026.0;4
189700;;SUBMISSION;HYDROGEL_PACK;XIREC;10022.0;3
189800;;SUBMISSION;HYDROGEL_PACK;XIREC;10022.0;3
189900;;SUBMISSION;HYDROGEL_PACK;XIREC;10022.0;3
190000;;SUBMISSION;HYDROGEL_PACK;XIREC;10019.0;2
190100;;SUBMISSION;HYDROGEL_PACK;XIREC;10018.0;1
190100;Mark 01;Mark 22;VEV_5300;XIREC;42.0;3
190100;Mark 01;Mark 22;VEV_5400;XIREC;15.0;3
190100;Mark 01;Mark 22;VEV_5500;XIREC;6.0;3
190100;Mark 01;Mark 22;VEV_6000;XIREC;0.0;3
190100;Mark 01;Mark 22;VEV_6500;XIREC;0.0;3
190200;;SUBMISSION;HYDROGEL_PACK;XIREC;10019.0;2
190300;;SUBMISSION;HYDROGEL_PACK;XIREC;10018.0;1
190400;;SUBMISSION;HYDROGEL_PACK;XIREC;10018.0;1
190500;;SUBMISSION;HYDROGEL_PACK;XIREC;10018.0;1
190600;;SUBMISSION;HYDROGEL_PACK;XIREC;10017.0;1
190600;Mark 14;Mark 55;VELVETFRUIT_EXTRACT;XIREC;5234.0;6
190700;;SUBMISSION;HYDROGEL_PACK;XIREC;10019.0;2
190700;Mark 55;Mark 14;VELVETFRUIT_EXTRACT;XIREC;5239.0;3
190800;;SUBMISSION;HYDROGEL_PACK;XIREC;10020.0;2
190900;;SUBMISSION;HYDROGEL_PACK;XIREC;10017.0;1
191000;;SUBMISSION;HYDROGEL_PACK;XIREC;10026.0;3
191100;;SUBMISSION;HYDROGEL_PACK;XIREC;10016.0;1
191100;Mark 14;Mark 55;VELVETFRUIT_EXTRACT;XIREC;5237.0;8
191300;;SUBMISSION;HYDROGEL_PACK;XIREC;10017.0;1
191400;;SUBMISSION;HYDROGEL_PACK;XIREC;10016.0;1
191600;;SUBMISSION;HYDROGEL_PACK;XIREC;10016.0;1
191800;;SUBMISSION;HYDROGEL_PACK;XIREC;10016.0;1
192600;Mark 14;Mark 55;VELVETFRUIT_EXTRACT;XIREC;5231.0;3
192800;Mark 14;Mark 38;HYDROGEL_PACK;XIREC;10007.0;5
193400;Mark 38;SUBMISSION;HYDROGEL_PACK;XIREC;10025.0;4
194200;Mark 38;Mark 14;VEV_4000;XIREC;1247.0;2
194400;Mark 14;Mark 55;VELVETFRUIT_EXTRACT;XIREC;5234.0;5
195200;Mark 55;Mark 14;VELVETFRUIT_EXTRACT;XIREC;5236.0;3
195600;Mark 01;Mark 22;VEV_5300;XIREC;41.0;3
195600;Mark 01;Mark 22;VEV_5400;XIREC;14.0;3
195600;Mark 01;Mark 22;VEV_5500;XIREC;6.0;3
195600;Mark 01;Mark 22;VEV_6000;XIREC;0.0;3
195600;Mark 01;Mark 22;VEV_6500;XIREC;0.0;3
196100;Mark 55;Mark 14;VELVETFRUIT_EXTRACT;XIREC;5236.0;5
196700;Mark 14;Mark 38;VEV_4000;XIREC;1225.0;1
197600;Mark 67;Mark 49;VELVETFRUIT_EXTRACT;XIREC;5237.0;9
198900;Mark 55;Mark 14;VELVETFRUIT_EXTRACT;XIREC;5243.0;5
199200;Mark 55;Mark 14;VELVETFRUIT_EXTRACT;XIREC;5243.0;5
199400;;SUBMISSION;HYDROGEL_PACK;XIREC;10013.0;1
199400;Mark 38;SUBMISSION;HYDROGEL_PACK;XIREC;10028.0;3
199500;;SUBMISSION;HYDROGEL_PACK;XIREC;10013.0;1
201200;;SUBMISSION;HYDROGEL_PACK;XIREC;10012.0;1
201400;;SUBMISSION;HYDROGEL_PACK;XIREC;10012.0;1
201500;;SUBMISSION;HYDROGEL_PACK;XIREC;10016.0;3
201600;;SUBMISSION;HYDROGEL_PACK;XIREC;10018.0;4
201700;;SUBMISSION;HYDROGEL_PACK;XIREC;10019.0;4
201800;;SUBMISSION;HYDROGEL_PACK;XIREC;10017.0;3
201900;;SUBMISSION;HYDROGEL_PACK;XIREC;10013.0;1
202000;;SUBMISSION;HYDROGEL_PACK;XIREC;10016.0;3
202100;;SUBMISSION;HYDROGEL_PACK;XIREC;10014.0;2
202200;;SUBMISSION;HYDROGEL_PACK;XIREC;10014.0;2
202300;;SUBMISSION;HYDROGEL_PACK;XIREC;10014.0;2
202300;Mark 38;Mark 14;VEV_4000;XIREC;1252.0;3
202400;;SUBMISSION;HYDROGEL_PACK;XIREC;10019.0;4
202500;;SUBMISSION;HYDROGEL_PACK;XIREC;10016.0;3
202600;;SUBMISSION;HYDROGEL_PACK;XIREC;10015.0;2
202700;;SUBMISSION;HYDROGEL_PACK;XIREC;10017.0;3
202700;Mark 38;SUBMISSION;HYDROGEL_PACK;XIREC;10032.0;5
202800;;SUBMISSION;HYDROGEL_PACK;XIREC;10017.0;3
202900;;SUBMISSION;HYDROGEL_PACK;XIREC;10015.0;2
203000;;SUBMISSION;HYDROGEL_PACK;XIREC;10016.0;3
203100;;SUBMISSION;HYDROGEL_PACK;XIREC;10014.0;2
203200;;SUBMISSION;HYDROGEL_PACK;XIREC;10014.0;2
203200;Mark 14;Mark 38;HYDROGEL_PACK;XIREC;10014.0;6
203400;;SUBMISSION;HYDROGEL_PACK;XIREC;10013.0;1
203500;;SUBMISSION;HYDROGEL_PACK;XIREC;10012.0;1
203600;;SUBMISSION;HYDROGEL_PACK;XIREC;10014.0;2
203700;Mark 55;Mark 14;VELVETFRUIT_EXTRACT;XIREC;5241.0;3
206200;Mark 14;Mark 22;VEV_5400;XIREC;16.0;3
206200;Mark 01;Mark 22;VEV_6000;XIREC;0.0;3
206200;Mark 01;Mark 22;VEV_6500;XIREC;0.0;3
206600;Mark 38;Mark 14;VEV_4000;XIREC;1255.0;1
206800;Mark 01;Mark 55;VELVETFRUIT_EXTRACT;XIREC;5241.0;6
207600;Mark 55;Mark 01;VELVETFRUIT_EXTRACT;XIREC;5251.0;4
210300;Mark 14;Mark 55;VELVETFRUIT_EXTRACT;XIREC;5250.0;5
210600;SUBMISSION;Mark 38;HYDROGEL_PACK;XIREC;9991.0;5
211100;SUBMISSION;Mark 38;HYDROGEL_PACK;XIREC;9997.0;6
213700;Mark 55;Mark 01;VELVETFRUIT_EXTRACT;XIREC;5259.0;5
214300;SUBMISSION;;HYDROGEL_PACK;XIREC;9995.0;1
214400;SUBMISSION;;HYDROGEL_PACK;XIREC;9994.0;2
214400;Mark 01;Mark 55;VELVETFRUIT_EXTRACT;XIREC;5250.0;3
214500;SUBMISSION;;HYDROGEL_PACK;XIREC;9991.0;3
214600;SUBMISSION;;HYDROGEL_PACK;XIREC;9989.0;5
214700;SUBMISSION;;HYDROGEL_PACK;XIREC;9992.0;3
214800;SUBMISSION;;HYDROGEL_PACK;XIREC;9991.0;4
214900;SUBMISSION;;HYDROGEL_PACK;XIREC;9990.0;4
215000;SUBMISSION;;HYDROGEL_PACK;XIREC;9992.0;3
215000;Mark 14;Mark 55;VELVETFRUIT_EXTRACT;XIREC;5249.0;4
215100;SUBMISSION;;HYDROGEL_PACK;XIREC;9994.0;2
215200;SUBMISSION;;HYDROGEL_PACK;XIREC;9994.0;2
215300;SUBMISSION;;HYDROGEL_PACK;XIREC;9994.0;2
215400;SUBMISSION;;HYDROGEL_PACK;XIREC;9992.0;3
215500;SUBMISSION;;HYDROGEL_PACK;XIREC;9994.0;2
215600;SUBMISSION;;HYDROGEL_PACK;XIREC;9995.0;1
215700;SUBMISSION;;HYDROGEL_PACK;XIREC;9995.0;1
215800;SUBMISSION;;HYDROGEL_PACK;XIREC;9995.0;1
216000;Mark 38;Mark 14;VEV_4000;XIREC;1263.0;1
217100;Mark 55;Mark 14;VELVETFRUIT_EXTRACT;XIREC;5257.0;4
217500;Mark 38;SUBMISSION;HYDROGEL_PACK;XIREC;10010.0;4
217800;Mark 38;Mark 14;VEV_4000;XIREC;1263.0;1
218500;Mark 38;SUBMISSION;HYDROGEL_PACK;XIREC;10016.0;5
218900;Mark 38;SUBMISSION;HYDROGEL_PACK;XIREC;10013.0;3
218900;Mark 14;Mark 55;VELVETFRUIT_EXTRACT;XIREC;5249.0;8
221200;Mark 38;SUBMISSION;HYDROGEL_PACK;XIREC;10010.0;5
221800;Mark 14;Mark 55;VELVETFRUIT_EXTRACT;XIREC;5241.0;7
222900;Mark 14;Mark 38;VEV_4000;XIREC;1236.0;3
223300;Mark 38;Mark 14;VEV_4000;XIREC;1257.0;2
223500;SUBMISSION;;HYDROGEL_PACK;XIREC;9998.0;1
223600;SUBMISSION;;HYDROGEL_PACK;XIREC;9994.0;4
223700;SUBMISSION;;HYDROGEL_PACK;XIREC;9992.0;5
223800;SUBMISSION;;HYDROGEL_PACK;XIREC;9994.0;4
223900;SUBMISSION;;HYDROGEL_PACK;XIREC;9996.0;2
224000;SUBMISSION;;HYDROGEL_PACK;XIREC;9997.0;1
224100;SUBMISSION;;HYDROGEL_PACK;XIREC;9994.0;4
224100;Mark 38;Mark 14;VEV_4000;XIREC;1258.0;2
224200;SUBMISSION;;HYDROGEL_PACK;XIREC;9996.0;2
224300;SUBMISSION;;HYDROGEL_PACK;XIREC;9994.0;4
224400;SUBMISSION;;HYDROGEL_PACK;XIREC;9994.0;4
224500;SUBMISSION;;HYDROGEL_PACK;XIREC;9994.0;4
224600;SUBMISSION;;HYDROGEL_PACK;XIREC;9993.0;4
224700;SUBMISSION;;HYDROGEL_PACK;XIREC;9993.0;4
224800;SUBMISSION;;HYDROGEL_PACK;XIREC;9992.0;5
224900;SUBMISSION;;HYDROGEL_PACK;XIREC;9990.0;7
225000;SUBMISSION;;HYDROGEL_PACK;XIREC;9989.0;7
225100;SUBMISSION;;HYDROGEL_PACK;XIREC;9992.0;5
225100;Mark 55;Mark 14;VELVETFRUIT_EXTRACT;XIREC;5254.0;5
225200;SUBMISSION;;HYDROGEL_PACK;XIREC;9990.0;7
225300;SUBMISSION;;HYDROGEL_PACK;XIREC;9991.0;6
225400;SUBMISSION;;HYDROGEL_PACK;XIREC;9989.0;7
225500;SUBMISSION;;HYDROGEL_PACK;XIREC;9988.0;8
225600;SUBMISSION;;HYDROGEL_PACK;XIREC;9990.0;7
225700;SUBMISSION;;HYDROGEL_PACK;XIREC;9989.0;4
225800;SUBMISSION;;HYDROGEL_PACK;XIREC;9987.0;5
226100;SUBMISSION;Mark 38;HYDROGEL_PACK;XIREC;9975.0;5
229100;Mark 38;Mark 14;VEV_4000;XIREC;1258.0;1
230000;Mark 38;Mark 14;HYDROGEL_PACK;XIREC;9998.0;4
230800;Mark 38;SUBMISSION;HYDROGEL_PACK;XIREC;10006.0;3
235000;;SUBMISSION;HYDROGEL_PACK;XIREC;10006.0;1
235300;Mark 01;Mark 22;VEV_5400;XIREC;16.0;3
235300;Mark 01;Mark 22;VEV_5500;XIREC;7.0;3
235300;Mark 01;Mark 22;VEV_6000;XIREC;0.0;3
235300;Mark 01;Mark 22;VEV_6500;XIREC;0.0;3
235900;SUBMISSION;Mark 38;HYDROGEL_PACK;XIREC;9999.0;3
236400;;SUBMISSION;HYDROGEL_PACK;XIREC;10005.0;1
236600;;SUBMISSION;HYDROGEL_PACK;XIREC;10008.0;3
236700;;SUBMISSION;HYDROGEL_PACK;XIREC;10010.0;5
236800;;SUBMISSION;HYDROGEL_PACK;XIREC;10007.0;2
236900;;SUBMISSION;HYDROGEL_PACK;XIREC;10006.0;1
237000;;SUBMISSION;HYDROGEL_PACK;XIREC;10009.0;4
237100;;SUBMISSION;HYDROGEL_PACK;XIREC;10011.0;6
237200;;SUBMISSION;HYDROGEL_PACK;XIREC;10011.0;6
237300;;SUBMISSION;HYDROGEL_PACK;XIREC;10011.0;6
237400;;SUBMISSION;HYDROGEL_PACK;XIREC;10009.0;4
237500;;SUBMISSION;HYDROGEL_PACK;XIREC;10010.0;5
237600;;SUBMISSION;HYDROGEL_PACK;XIREC;10012.0;6
237700;;SUBMISSION;HYDROGEL_PACK;XIREC;10010.0;5
237800;;SUBMISSION;HYDROGEL_PACK;XIREC;10011.0;6
237900;;SUBMISSION;HYDROGEL_PACK;XIREC;10011.0;5
237900;Mark 55;Mark 01;VELVETFRUIT_EXTRACT;XIREC;5254.0;6
238000;;SUBMISSION;HYDROGEL_PACK;XIREC;10011.0;5
238100;;SUBMISSION;HYDROGEL_PACK;XIREC;10010.0;5
238200;;SUBMISSION;HYDROGEL_PACK;XIREC;10009.0;4
238200;Mark 38;SUBMISSION;HYDROGEL_PACK;XIREC;10024.0;2
238300;;SUBMISSION;HYDROGEL_PACK;XIREC;10009.0;4
238400;;SUBMISSION;HYDROGEL_PACK;XIREC;10007.0;2
238500;;SUBMISSION;HYDROGEL_PACK;XIREC;10008.0;3
238600;;SUBMISSION;HYDROGEL_PACK;XIREC;10007.0;2
238700;;SUBMISSION;HYDROGEL_PACK;XIREC;10009.0;4
238800;;SUBMISSION;HYDROGEL_PACK;XIREC;10009.0;4
238900;;SUBMISSION;HYDROGEL_PACK;XIREC;10006.0;1
239000;;SUBMISSION;HYDROGEL_PACK;XIREC;10007.0;2
239100;;SUBMISSION;HYDROGEL_PACK;XIREC;10007.0;2
239200;;SUBMISSION;HYDROGEL_PACK;XIREC;10007.0;2
239300;;SUBMISSION;HYDROGEL_PACK;XIREC;10005.0;1
239400;;SUBMISSION;HYDROGEL_PACK;XIREC;10008.0;3
239400;Mark 14;Mark 55;VELVETFRUIT_EXTRACT;XIREC;5251.0;6
239500;;SUBMISSION;HYDROGEL_PACK;XIREC;10010.0;5
239600;;SUBMISSION;HYDROGEL_PACK;XIREC;10006.0;1
239600;Mark 14;Mark 38;HYDROGEL_PACK;XIREC;10006.0;4
239600;Mark 55;Mark 22;VELVETFRUIT_EXTRACT;XIREC;5255.0;5
239700;;SUBMISSION;HYDROGEL_PACK;XIREC;10005.0;1
239700;Mark 38;SUBMISSION;HYDROGEL_PACK;XIREC;10020.0;6
239800;;SUBMISSION;HYDROGEL_PACK;XIREC;10005.0;1
239900;;SUBMISSION;HYDROGEL_PACK;XIREC;10005.0;1
240200;;SUBMISSION;HYDROGEL_PACK;XIREC;10007.0;2
240200;Mark 55;Mark 14;VELVETFRUIT_EXTRACT;XIREC;5258.0;3
240300;;SUBMISSION;HYDROGEL_PACK;XIREC;10008.0;3
240400;;SUBMISSION;HYDROGEL_PACK;XIREC;10012.0;3
240500;;SUBMISSION;HYDROGEL_PACK;XIREC;10014.0;8
240600;;SUBMISSION;HYDROGEL_PACK;XIREC;10013.0;7
240600;Mark 14;Mark 38;HYDROGEL_PACK;XIREC;10013.0;3
240700;;SUBMISSION;HYDROGEL_PACK;XIREC;10015.0;9
240800;;SUBMISSION;HYDROGEL_PACK;XIREC;10015.0;9
240900;;SUBMISSION;HYDROGEL_PACK;XIREC;10013.0;7
241000;;SUBMISSION;HYDROGEL_PACK;XIREC;10010.0;5
241100;;SUBMISSION;HYDROGEL_PACK;XIREC;10008.0;3
241200;;SUBMISSION;HYDROGEL_PACK;XIREC;10009.0;4
241300;;SUBMISSION;HYDROGEL_PACK;XIREC;10009.0;4
241400;;SUBMISSION;HYDROGEL_PACK;XIREC;10009.0;4
241500;;SUBMISSION;HYDROGEL_PACK;XIREC;10006.0;1
241900;;SUBMISSION;HYDROGEL_PACK;XIREC;10005.0;1
241900;Mark 14;Mark 38;HYDROGEL_PACK;XIREC;10005.0;2
242900;Mark 67;Mark 22;VELVETFRUIT_EXTRACT;XIREC;5254.0;5
244000;;SUBMISSION;HYDROGEL_PACK;XIREC;10005.0;1
244100;;SUBMISSION;HYDROGEL_PACK;XIREC;10005.0;1
244900;;SUBMISSION;HYDROGEL_PACK;XIREC;10007.0;3
245000;;SUBMISSION;HYDROGEL_PACK;XIREC;10007.0;3
245600;Mark 55;Mark 14;VELVETFRUIT_EXTRACT;XIREC;5256.0;6
247600;;SUBMISSION;HYDROGEL_PACK;XIREC;10005.0;2
247700;;SUBMISSION;HYDROGEL_PACK;XIREC;10007.0;3
247800;;SUBMISSION;HYDROGEL_PACK;XIREC;10010.0;6
247900;;SUBMISSION;HYDROGEL_PACK;XIREC;10008.0;4
248000;;SUBMISSION;HYDROGEL_PACK;XIREC;10009.0;5
248100;;SUBMISSION;HYDROGEL_PACK;XIREC;10009.0;5
248200;;SUBMISSION;HYDROGEL_PACK;XIREC;10009.0;5
248200;Mark 38;SUBMISSION;HYDROGEL_PACK;XIREC;10024.0;5
248300;;SUBMISSION;HYDROGEL_PACK;XIREC;10008.0;4
248300;Mark 01;Mark 55;VELVETFRUIT_EXTRACT;XIREC;5257.0;5
248400;;SUBMISSION;HYDROGEL_PACK;XIREC;10008.0;4
248500;;SUBMISSION;HYDROGEL_PACK;XIREC;10009.0;5
248700;;SUBMISSION;HYDROGEL_PACK;XIREC;10009.0;5
249100;;SUBMISSION;VELVETFRUIT_EXTRACT;XIREC;5262.0;16
249100;;SUBMISSION;VELVETFRUIT_EXTRACT;XIREC;5261.0;1
249800;;SUBMISSION;VEV_5200;XIREC;107.0;3
249800;;SUBMISSION;VEV_5200;XIREC;106.0;9
249900;;SUBMISSION;VEV_5200;XIREC;106.0;12
250000;;SUBMISSION;VEV_5200;XIREC;106.0;7
250000;;SUBMISSION;VEV_5200;XIREC;105.0;5
250100;;SUBMISSION;VEV_5200;XIREC;106.0;11
250100;;SUBMISSION;VEV_5200;XIREC;105.0;1
250500;Mark 01;Mark 55;VELVETFRUIT_EXTRACT;XIREC;5260.0;4
250600;Mark 14;Mark 38;VEV_4000;XIREC;1252.0;2
251200;Mark 01;Mark 55;VELVETFRUIT_EXTRACT;XIREC;5262.0;8
251600;Mark 38;Mark 14;VEV_4000;XIREC;1275.0;3
251900;Mark 67;Mark 49;VELVETFRUIT_EXTRACT;XIREC;5263.0;14
252400;Mark 55;Mark 14;VELVETFRUIT_EXTRACT;XIREC;5267.0;6
252500;SUBMISSION;Mark 38;HYDROGEL_PACK;XIREC;9989.0;3
252500;Mark 01;Mark 22;VEV_5300;XIREC;53.0;2
252500;Mark 01;Mark 22;VEV_5400;XIREC;19.0;2
252500;Mark 01;Mark 22;VEV_5500;XIREC;8.0;2
252500;Mark 01;Mark 22;VEV_6000;XIREC;0.0;2
252500;Mark 01;Mark 22;VEV_6500;XIREC;0.0;2
252600;;SUBMISSION;VEV_5200;XIREC;106.0;12
252700;;SUBMISSION;VEV_5200;XIREC;106.0;7
252700;;SUBMISSION;VEV_5200;XIREC;105.0;5
253900;SUBMISSION;;HYDROGEL_PACK;XIREC;10001.0;1
253900;Mark 55;Mark 14;VELVETFRUIT_EXTRACT;XIREC;5266.0;3
254200;SUBMISSION;;HYDROGEL_PACK;XIREC;10001.0;1
254300;SUBMISSION;;HYDROGEL_PACK;XIREC;10001.0;1
254400;SUBMISSION;;HYDROGEL_PACK;XIREC;9998.0;4
254500;SUBMISSION;;HYDROGEL_PACK;XIREC;10000.0;2
254600;SUBMISSION;;HYDROGEL_PACK;XIREC;9999.0;3
254700;SUBMISSION;;HYDROGEL_PACK;XIREC;9997.0;1
254700;Mark 38;Mark 14;HYDROGEL_PACK;XIREC;9997.0;5
254800;SUBMISSION;;HYDROGEL_PACK;XIREC;9997.0;5
254900;SUBMISSION;;HYDROGEL_PACK;XIREC;9997.0;5
255000;SUBMISSION;;HYDROGEL_PACK;XIREC;9996.0;6
255000;SUBMISSION;Mark 38;HYDROGEL_PACK;XIREC;9981.0;4
255100;SUBMISSION;;HYDROGEL_PACK;XIREC;9995.0;6
255200;SUBMISSION;;HYDROGEL_PACK;XIREC;9993.0;9
255300;SUBMISSION;;HYDROGEL_PACK;XIREC;9989.0;12
255300;SUBMISSION;Mark 38;HYDROGEL_PACK;XIREC;9974.0;2
255400;SUBMISSION;;HYDROGEL_PACK;XIREC;9989.0;12
255400;SUBMISSION;Mark 38;HYDROGEL_PACK;XIREC;9974.0;3
255500;SUBMISSION;;HYDROGEL_PACK;XIREC;9986.0;13
255500;SUBMISSION;;HYDROGEL_PACK;XIREC;9989.0;2
255600;SUBMISSION;;HYDROGEL_PACK;XIREC;9985.0;14
255600;SUBMISSION;;HYDROGEL_PACK;XIREC;9988.0;2
255700;SUBMISSION;;HYDROGEL_PACK;XIREC;9987.0;12
255700;SUBMISSION;;HYDROGEL_PACK;XIREC;9989.0;2
255800;SUBMISSION;;HYDROGEL_PACK;XIREC;9983.0;10
255800;SUBMISSION;;HYDROGEL_PACK;XIREC;9986.0;6
255900;SUBMISSION;;HYDROGEL_PACK;XIREC;9986.0;14
256000;SUBMISSION;;HYDROGEL_PACK;XIREC;9986.0;12
256000;SUBMISSION;;HYDROGEL_PACK;XIREC;9988.0;2
256100;SUBMISSION;;HYDROGEL_PACK;XIREC;9986.0;12
256100;SUBMISSION;;HYDROGEL_PACK;XIREC;9989.0;2
256200;SUBMISSION;;HYDROGEL_PACK;XIREC;9983.0;15
256200;SUBMISSION;;HYDROGEL_PACK;XIREC;9986.0;1
256300;SUBMISSION;;HYDROGEL_PACK;XIREC;9986.0;11
256300;SUBMISSION;;HYDROGEL_PACK;XIREC;9989.0;3
256400;SUBMISSION;;HYDROGEL_PACK;XIREC;9986.0;10
256400;SUBMISSION;;HYDROGEL_PACK;XIREC;9988.0;4
256500;SUBMISSION;;HYDROGEL_PACK;XIREC;9984.0;15
256600;SUBMISSION;;HYDROGEL_PACK;XIREC;9985.0;14
256700;SUBMISSION;;HYDROGEL_PACK;XIREC;9987.0;12
257100;SUBMISSION;;HYDROGEL_PACK;XIREC;9983.0;10
257100;SUBMISSION;;HYDROGEL_PACK;XIREC;9985.0;3
258400;Mark 67;Mark 22;VELVETFRUIT_EXTRACT;XIREC;5257.0;8
262200;Mark 01;Mark 55;VELVETFRUIT_EXTRACT;XIREC;5250.0;4
262300;Mark 38;SUBMISSION;HYDROGEL_PACK;XIREC;10004.0;4
262800;Mark 38;SUBMISSION;HYDROGEL_PACK;XIREC;10007.0;2
263100;Mark 38;Mark 14;VEV_4000;XIREC;1268.0;3
263900;Mark 55;Mark 14;VELVETFRUIT_EXTRACT;XIREC;5257.0;7
265400;Mark 67;Mark 49;VELVETFRUIT_EXTRACT;XIREC;5250.0;9
265600;Mark 14;Mark 55;VELVETFRUIT_EXTRACT;XIREC;5248.0;5
265800;Mark 55;Mark 14;VELVETFRUIT_EXTRACT;XIREC;5252.0;7
265900;Mark 14;Mark 38;VEV_4000;XIREC;1240.0;1
266300;Mark 38;Mark 14;HYDROGEL_PACK;XIREC;9999.0;4
266500;Mark 55;Mark 01;VELVETFRUIT_EXTRACT;XIREC;5253.0;5
266600;Mark 38;Mark 14;HYDROGEL_PACK;XIREC;9997.0;4
267400;Mark 55;Mark 14;VELVETFRUIT_EXTRACT;XIREC;5253.0;3
268300;Mark 38;Mark 14;VEV_4000;XIREC;1257.0;2
268700;Mark 55;Mark 14;VELVETFRUIT_EXTRACT;XIREC;5251.0;5
269300;SUBMISSION;Mark 38;HYDROGEL_PACK;XIREC;9974.0;3
269300;Mark 01;Mark 55;VELVETFRUIT_EXTRACT;XIREC;5247.0;5
271600;Mark 14;Mark 38;VEV_4000;XIREC;1248.0;1
272600;Mark 67;Mark 22;VELVETFRUIT_EXTRACT;XIREC;5261.0;7
274600;Mark 38;Mark 14;HYDROGEL_PACK;XIREC;9989.0;2
275300;Mark 55;Mark 01;VELVETFRUIT_EXTRACT;XIREC;5259.0;8
275700;Mark 38;Mark 14;HYDROGEL_PACK;XIREC;9996.0;2
276500;Mark 55;Mark 14;VELVETFRUIT_EXTRACT;XIREC;5255.0;7
277400;Mark 55;Mark 14;VELVETFRUIT_EXTRACT;XIREC;5254.0;4
278300;Mark 55;Mark 14;VELVETFRUIT_EXTRACT;XIREC;5258.0;5
279600;Mark 55;Mark 01;VELVETFRUIT_EXTRACT;XIREC;5260.0;4
280000;SUBMISSION;;HYDROGEL_PACK;XIREC;9967.0;3
280500;Mark 38;Mark 14;HYDROGEL_PACK;XIREC;9973.0;2
281100;SUBMISSION;Mark 38;HYDROGEL_PACK;XIREC;9953.0;3
281400;Mark 67;Mark 49;VELVETFRUIT_EXTRACT;XIREC;5253.0;15
281500;Mark 38;Mark 14;VEV_4000;XIREC;1267.0;1
282200;Mark 38;Mark 14;HYDROGEL_PACK;XIREC;9979.0;2
282200;Mark 14;Mark 55;VELVETFRUIT_EXTRACT;XIREC;5260.0;7
283400;Mark 55;Mark 14;VELVETFRUIT_EXTRACT;XIREC;5259.0;7
285400;SUBMISSION;Mark 38;HYDROGEL_PACK;XIREC;9966.0;5
286300;Mark 55;Mark 01;VELVETFRUIT_EXTRACT;XIREC;5266.0;6
286600;Mark 38;Mark 14;VEV_4000;XIREC;1277.0;2
288800;Mark 38;Mark 14;VEV_4000;XIREC;1278.0;1
289100;Mark 55;Mark 14;VELVETFRUIT_EXTRACT;XIREC;5271.0;5
289200;Mark 67;Mark 49;VELVETFRUIT_EXTRACT;XIREC;5266.0;11
290900;Mark 38;Mark 14;HYDROGEL_PACK;XIREC;9965.0;3
291400;Mark 55;Mark 49;VELVETFRUIT_EXTRACT;XIREC;5274.0;5
291800;Mark 67;Mark 22;VELVETFRUIT_EXTRACT;XIREC;5270.0;5
292400;Mark 55;Mark 01;VELVETFRUIT_EXTRACT;XIREC;5275.0;8
292800;SUBMISSION;Mark 38;HYDROGEL_PACK;XIREC;9952.0;6
295000;Mark 38;Mark 14;HYDROGEL_PACK;XIREC;9959.0;5
296900;Mark 01;Mark 55;VELVETFRUIT_EXTRACT;XIREC;5270.0;5
297100;Mark 38;Mark 14;HYDROGEL_PACK;XIREC;9958.0;3
297400;Mark 55;Mark 14;VELVETFRUIT_EXTRACT;XIREC;5275.0;4
297500;Mark 14;Mark 38;VEV_4000;XIREC;1262.0;1
301100;Mark 38;Mark 14;HYDROGEL_PACK;XIREC;9966.0;3
301300;Mark 38;Mark 14;HYDROGEL_PACK;XIREC;9967.0;2
302400;SUBMISSION;Mark 38;HYDROGEL_PACK;XIREC;9937.0;6
304000;Mark 01;Mark 22;VEV_5400;XIREC;19.0;3
304000;Mark 01;Mark 22;VEV_5500;XIREC;8.0;3
304000;Mark 01;Mark 22;VEV_6000;XIREC;0.0;3
304000;Mark 01;Mark 22;VEV_6500;XIREC;0.0;3
304200;SUBMISSION;Mark 38;HYDROGEL_PACK;XIREC;9945.0;2
306500;Mark 38;Mark 14;HYDROGEL_PACK;XIREC;9967.0;5
307100;Mark 38;Mark 14;VEV_4000;XIREC;1279.0;1
307500;Mark 55;Mark 01;VELVETFRUIT_EXTRACT;XIREC;5275.0;8
308000;SUBMISSION;Mark 38;HYDROGEL_PACK;XIREC;9944.0;3
308100;SUBMISSION;Mark 38;HYDROGEL_PACK;XIREC;9946.0;4
308100;Mark 67;Mark 22;VELVETFRUIT_EXTRACT;XIREC;5271.0;6
309500;Mark 55;Mark 01;VELVETFRUIT_EXTRACT;XIREC;5268.0;4
310100;Mark 14;Mark 22;VEV_5400;XIREC;20.0;5
310100;Mark 01;Mark 22;VEV_5500;XIREC;8.0;5
310100;Mark 01;Mark 22;VEV_6000;XIREC;0.0;5
310100;Mark 01;Mark 22;VEV_6500;XIREC;0.0;5
310500;Mark 67;Mark 49;VELVETFRUIT_EXTRACT;XIREC;5266.0;11
310600;Mark 14;Mark 55;VELVETFRUIT_EXTRACT;XIREC;5264.0;3
313000;Mark 55;Mark 01;VELVETFRUIT_EXTRACT;XIREC;5267.0;5
314500;Mark 14;Mark 55;VELVETFRUIT_EXTRACT;XIREC;5251.0;4
316200;Mark 38;Mark 14;HYDROGEL_PACK;XIREC;9939.0;5
317100;SUBMISSION;Mark 38;HYDROGEL_PACK;XIREC;9930.0;3
317100;Mark 14;Mark 38;HYDROGEL_PACK;XIREC;9929.0;1
318300;Mark 38;Mark 14;HYDROGEL_PACK;XIREC;9950.0;4
318900;Mark 55;Mark 14;VELVETFRUIT_EXTRACT;XIREC;5250.0;4
321900;Mark 55;Mark 14;VELVETFRUIT_EXTRACT;XIREC;5253.0;7
322000;Mark 01;Mark 22;VEV_5400;XIREC;16.0;2
322000;Mark 01;Mark 22;VEV_5500;XIREC;7.0;2
322000;Mark 01;Mark 22;VEV_6000;XIREC;0.0;2
322000;Mark 01;Mark 22;VEV_6500;XIREC;0.0;2
322600;SUBMISSION;Mark 22;VEV_5200;XIREC;98.0;4
322600;Mark 01;Mark 22;VEV_5500;XIREC;7.0;4
322600;Mark 01;Mark 22;VEV_6000;XIREC;0.0;4
322600;Mark 01;Mark 22;VEV_6500;XIREC;0.0;4
323300;Mark 38;Mark 14;HYDROGEL_PACK;XIREC;9956.0;5
323300;Mark 38;Mark 14;VEV_4000;XIREC;1262.0;3
324100;Mark 55;Mark 14;VELVETFRUIT_EXTRACT;XIREC;5254.0;7
324600;Mark 38;Mark 14;HYDROGEL_PACK;XIREC;9946.0;6
325300;Mark 14;Mark 38;VEV_4000;XIREC;1237.0;2
326300;Mark 38;Mark 14;VEV_4000;XIREC;1261.0;1
327600;SUBMISSION;Mark 38;HYDROGEL_PACK;XIREC;9929.0;2
327600;Mark 14;Mark 38;HYDROGEL_PACK;XIREC;9928.0;3
327700;Mark 38;Mark 14;HYDROGEL_PACK;XIREC;9946.0;6
328000;Mark 14;Mark 38;VEV_4000;XIREC;1243.0;1
328400;Mark 14;Mark 38;VEV_4000;XIREC;1240.0;1
328500;Mark 14;Mark 55;VELVETFRUIT_EXTRACT;XIREC;5249.0;4
331400;Mark 14;Mark 38;VEV_4000;XIREC;1232.0;1
333100;Mark 01;Mark 55;VELVETFRUIT_EXTRACT;XIREC;5236.0;4
334900;Mark 14;Mark 38;VEV_4000;XIREC;1237.0;1
335300;SUBMISSION;Mark 38;HYDROGEL_PACK;XIREC;9944.0;1
335300;Mark 14;Mark 38;HYDROGEL_PACK;XIREC;9943.0;4
335300;Mark 01;Mark 55;VELVETFRUIT_EXTRACT;XIREC;5245.0;3
335500;Mark 38;Mark 14;HYDROGEL_PACK;XIREC;9961.0;4
338100;SUBMISSION;Mark 38;HYDROGEL_PACK;XIREC;9932.0;1
338100;Mark 14;Mark 38;HYDROGEL_PACK;XIREC;9931.0;2
339500;SUBMISSION;Mark 38;HYDROGEL_PACK;XIREC;9933.0;1
339500;Mark 14;Mark 38;HYDROGEL_PACK;XIREC;9932.0;2
340100;Mark 38;Mark 14;VEV_4000;XIREC;1260.0;2
340500;Mark 67;Mark 49;VELVETFRUIT_EXTRACT;XIREC;5249.0;9
342000;Mark 14;Mark 55;VELVETFRUIT_EXTRACT;XIREC;5249.0;6
342400;Mark 14;Mark 38;HYDROGEL_PACK;XIREC;9944.0;5
343100;Mark 38;Mark 14;HYDROGEL_PACK;XIREC;9966.0;2
343400;Mark 67;Mark 49;VELVETFRUIT_EXTRACT;XIREC;5251.0;13
344000;Mark 14;Mark 38;HYDROGEL_PACK;XIREC;9953.0;5
344200;Mark 55;Mark 01;VELVETFRUIT_EXTRACT;XIREC;5253.0;4
345700;Mark 38;Mark 14;HYDROGEL_PACK;XIREC;9957.0;6
345700;Mark 14;Mark 55;VELVETFRUIT_EXTRACT;XIREC;5245.0;7
345900;Mark 38;Mark 14;HYDROGEL_PACK;XIREC;9958.0;3
348500;Mark 14;Mark 38;HYDROGEL_PACK;XIREC;9964.0;5
350300;Mark 01;Mark 22;VEV_5400;XIREC;15.0;4
350300;Mark 01;Mark 22;VEV_5500;XIREC;6.0;4
350300;Mark 01;Mark 22;VEV_6000;XIREC;0.0;4
350300;Mark 01;Mark 22;VEV_6500;XIREC;0.0;4
350900;Mark 38;Mark 14;VEV_4000;XIREC;1256.0;3
351000;Mark 38;Mark 14;HYDROGEL_PACK;XIREC;9973.0;3
356800;Mark 14;Mark 38;VEV_4000;XIREC;1234.0;2
357100;Mark 38;Mark 14;HYDROGEL_PACK;XIREC;9963.0;6
358100;Mark 14;Mark 55;VELVETFRUIT_EXTRACT;XIREC;5245.0;6
358300;Mark 14;Mark 38;VEV_4000;XIREC;1237.0;3
358500;Mark 38;Mark 14;HYDROGEL_PACK;XIREC;9960.0;6
360600;Mark 14;Mark 38;HYDROGEL_PACK;XIREC;9951.0;2
362700;Mark 14;Mark 38;HYDROGEL_PACK;XIREC;9961.0;3
363100;Mark 38;Mark 14;HYDROGEL_PACK;XIREC;9983.0;4
364800;Mark 38;Mark 14;HYDROGEL_PACK;XIREC;9978.0;5
364900;Mark 14;Mark 55;VELVETFRUIT_EXTRACT;XIREC;5251.0;7
365000;Mark 14;Mark 38;VEV_4000;XIREC;1242.0;2
365600;Mark 14;Mark 55;VELVETFRUIT_EXTRACT;XIREC;5250.0;8
367900;Mark 67;Mark 22;VELVETFRUIT_EXTRACT;XIREC;5248.0;5
368500;Mark 38;Mark 14;HYDROGEL_PACK;XIREC;9983.0;6
371400;Mark 14;Mark 38;HYDROGEL_PACK;XIREC;9953.0;2
373400;Mark 38;Mark 14;HYDROGEL_PACK;XIREC;9970.0;3
373700;Mark 14;Mark 38;HYDROGEL_PACK;XIREC;9954.0;5
374100;Mark 14;Mark 55;VELVETFRUIT_EXTRACT;XIREC;5253.0;6
374400;Mark 14;Mark 55;VELVETFRUIT_EXTRACT;XIREC;5253.0;4
374800;Mark 14;Mark 38;VEV_4000;XIREC;1242.0;3
375100;Mark 14;Mark 38;HYDROGEL_PACK;XIREC;9947.0;2
376300;Mark 14;Mark 38;VEV_4000;XIREC;1236.0;2
376600;Mark 01;Mark 22;VEV_5300;XIREC;46.0;5
376600;Mark 01;Mark 22;VEV_5400;XIREC;15.0;5
376600;Mark 01;Mark 22;VEV_5500;XIREC;6.0;5
376600;Mark 01;Mark 22;VEV_6000;XIREC;0.0;5
376600;Mark 01;Mark 22;VEV_6500;XIREC;0.0;5
377900;Mark 14;Mark 22;VEV_5300;XIREC;47.0;2
377900;Mark 01;Mark 22;VEV_5500;XIREC;6.0;2
377900;Mark 01;Mark 22;VEV_6000;XIREC;0.0;2
377900;Mark 01;Mark 22;VEV_6500;XIREC;0.0;2
380100;Mark 38;Mark 14;HYDROGEL_PACK;XIREC;9957.0;6
380700;Mark 38;Mark 14;HYDROGEL_PACK;XIREC;9948.0;4
380900;Mark 01;Mark 55;VELVETFRUIT_EXTRACT;XIREC;5250.0;8
381700;Mark 55;Mark 14;VELVETFRUIT_EXTRACT;XIREC;5255.0;8
383300;Mark 38;Mark 14;HYDROGEL_PACK;XIREC;9945.0;5
383600;Mark 38;Mark 14;HYDROGEL_PACK;XIREC;9948.0;4
383700;Mark 14;Mark 55;VELVETFRUIT_EXTRACT;XIREC;5246.0;7
384200;Mark 14;Mark 38;VEV_4000;XIREC;1239.0;1
384500;Mark 14;Mark 38;VEV_4000;XIREC;1238.0;3
385800;Mark 38;Mark 14;HYDROGEL_PACK;XIREC;9943.0;6
385900;Mark 14;Mark 55;VELVETFRUIT_EXTRACT;XIREC;5245.0;3
386000;Mark 14;Mark 55;VELVETFRUIT_EXTRACT;XIREC;5244.0;8
386800;Mark 38;Mark 14;VEV_4000;XIREC;1257.0;2
390100;Mark 67;Mark 49;VELVETFRUIT_EXTRACT;XIREC;5244.0;10
390800;Mark 14;Mark 38;VEV_4000;XIREC;1233.0;3
392300;Mark 14;Mark 55;VELVETFRUIT_EXTRACT;XIREC;5242.0;5
393000;Mark 01;Mark 55;VELVETFRUIT_EXTRACT;XIREC;5242.0;4
393900;Mark 01;Mark 55;VELVETFRUIT_EXTRACT;XIREC;5241.0;6
394700;Mark 14;Mark 55;VELVETFRUIT_EXTRACT;XIREC;5237.0;8
394800;Mark 14;Mark 38;HYDROGEL_PACK;XIREC;9941.0;5
396000;Mark 55;Mark 01;VELVETFRUIT_EXTRACT;XIREC;5246.0;8
396200;Mark 01;Mark 55;VELVETFRUIT_EXTRACT;XIREC;5240.0;7
396300;Mark 38;Mark 14;HYDROGEL_PACK;XIREC;9956.0;4
397800;Mark 38;Mark 14;HYDROGEL_PACK;XIREC;9950.0;4
398400;Mark 14;Mark 55;VELVETFRUIT_EXTRACT;XIREC;5235.0;6
399700;Mark 01;Mark 22;VEV_5400;XIREC;14.0;5
399700;Mark 01;Mark 22;VEV_5500;XIREC;6.0;5
399700;Mark 01;Mark 22;VEV_6000;XIREC;0.0;5
399700;Mark 01;Mark 22;VEV_6500;XIREC;0.0;5
399900;Mark 14;Mark 38;VEV_4000;XIREC;1231.0;1
400100;Mark 14;Mark 55;VELVETFRUIT_EXTRACT;XIREC;5240.0;8
401900;Mark 01;Mark 55;VELVETFRUIT_EXTRACT;XIREC;5242.0;8
402400;Mark 14;Mark 55;VELVETFRUIT_EXTRACT;XIREC;5240.0;6
403500;Mark 01;Mark 55;VELVETFRUIT_EXTRACT;XIREC;5239.0;8
403600;Mark 14;Mark 38;HYDROGEL_PACK;XIREC;9922.0;6
404200;Mark 55;Mark 14;VELVETFRUIT_EXTRACT;XIREC;5247.0;4
406400;Mark 55;Mark 14;VELVETFRUIT_EXTRACT;XIREC;5246.0;5
409300;Mark 14;Mark 38;HYDROGEL_PACK;XIREC;9929.0;6
410400;Mark 01;Mark 22;VEV_5400;XIREC;13.0;3
410400;Mark 01;Mark 22;VEV_5500;XIREC;5.0;3
410400;Mark 01;Mark 22;VEV_6000;XIREC;0.0;3
410400;Mark 01;Mark 22;VEV_6500;XIREC;0.0;3
410600;Mark 55;Mark 14;VELVETFRUIT_EXTRACT;XIREC;5239.0;6
411000;Mark 38;Mark 14;HYDROGEL_PACK;XIREC;9951.0;4
411200;Mark 55;Mark 01;VELVETFRUIT_EXTRACT;XIREC;5236.0;7
411300;Mark 55;Mark 01;VELVETFRUIT_EXTRACT;XIREC;5236.0;7
411400;Mark 38;Mark 14;HYDROGEL_PACK;XIREC;9952.0;3
412300;Mark 38;Mark 14;HYDROGEL_PACK;XIREC;9953.0;2
414000;Mark 38;Mark 14;HYDROGEL_PACK;XIREC;9962.0;2
414400;Mark 14;Mark 38;HYDROGEL_PACK;XIREC;9945.0;3
414800;Mark 14;Mark 38;HYDROGEL_PACK;XIREC;9940.0;3
415700;Mark 55;Mark 14;VELVETFRUIT_EXTRACT;XIREC;5234.0;3
416600;SUBMISSION;;VEV_5200;XIREC;87.0;12
417700;SUBMISSION;;VEV_5200;XIREC;87.0;6
417700;SUBMISSION;;VEV_5200;XIREC;88.0;6
418200;SUBMISSION;;VEV_5200;XIREC;87.0;11
418200;SUBMISSION;;VEV_5200;XIREC;88.0;1
419700;SUBMISSION;;VEV_5200;XIREC;87.0;12
419700;Mark 38;Mark 14;VEV_4000;XIREC;1241.0;1
419800;SUBMISSION;;VELVETFRUIT_EXTRACT;XIREC;5231.0;17
419800;SUBMISSION;;VEV_4000;XIREC;1238.0;11
419800;SUBMISSION;;VEV_4000;XIREC;1241.0;6
419800;SUBMISSION;;VEV_4500;XIREC;736.0;7
419800;SUBMISSION;;VEV_4500;XIREC;738.0;10
419800;SUBMISSION;;VEV_5000;XIREC;237.0;17
419800;SUBMISSION;;VEV_5200;XIREC;86.0;12
419900;SUBMISSION;;VELVETFRUIT_EXTRACT;XIREC;5231.0;17
419900;SUBMISSION;;VEV_4000;XIREC;1239.0;12
419900;SUBMISSION;;VEV_4000;XIREC;1241.0;5
419900;SUBMISSION;;VEV_4500;XIREC;736.0;12
419900;SUBMISSION;;VEV_4500;XIREC;738.0;5
419900;SUBMISSION;;VEV_5000;XIREC;237.0;12
419900;SUBMISSION;;VEV_5000;XIREC;238.0;5
419900;SUBMISSION;;VEV_5200;XIREC;86.0;12
419900;Mark 55;Mark 01;VELVETFRUIT_EXTRACT;XIREC;5231.0;6
420000;SUBMISSION;;VELVETFRUIT_EXTRACT;XIREC;5231.0;17
420000;SUBMISSION;;VEV_4000;XIREC;1238.0;10
420000;SUBMISSION;;VEV_4000;XIREC;1241.0;7
420000;SUBMISSION;;VEV_4500;XIREC;736.0;12
420000;SUBMISSION;;VEV_4500;XIREC;738.0;5
420000;SUBMISSION;;VEV_5000;XIREC;237.0;17
420000;SUBMISSION;;VEV_5200;XIREC;85.0;12
420100;SUBMISSION;;VELVETFRUIT_EXTRACT;XIREC;5229.0;17
420100;SUBMISSION;;VEV_4000;XIREC;1237.0;13
420100;SUBMISSION;;VEV_4000;XIREC;1239.0;4
420100;SUBMISSION;;VEV_4500;XIREC;734.0;11
420100;SUBMISSION;;VEV_4500;XIREC;736.0;6
420100;SUBMISSION;;VEV_5000;XIREC;235.0;11
420100;SUBMISSION;;VEV_5000;XIREC;236.0;6
420100;SUBMISSION;;VEV_5100;XIREC;149.0;11
420100;SUBMISSION;;VEV_5100;XIREC;150.0;6
420100;SUBMISSION;;VEV_5200;XIREC;85.0;12
420200;SUBMISSION;;VELVETFRUIT_EXTRACT;XIREC;5230.0;17
420200;SUBMISSION;;VEV_4000;XIREC;1238.0;11
420200;SUBMISSION;;VEV_4000;XIREC;1240.0;6
420200;SUBMISSION;;VEV_4500;XIREC;735.0;9
420200;SUBMISSION;;VEV_4500;XIREC;737.0;8
420200;SUBMISSION;;VEV_5000;XIREC;236.0;9
420200;SUBMISSION;;VEV_5000;XIREC;237.0;8
420200;SUBMISSION;;VEV_5200;XIREC;85.0;12
420300;SUBMISSION;;VELVETFRUIT_EXTRACT;XIREC;5230.0;17
420300;SUBMISSION;;VEV_4000;XIREC;1238.0;10
420300;SUBMISSION;;VEV_4000;XIREC;1240.0;7
420300;SUBMISSION;;VEV_4500;XIREC;735.0;6
420300;SUBMISSION;;VEV_4500;XIREC;737.0;11
420300;SUBMISSION;;VEV_5000;XIREC;236.0;17
420300;SUBMISSION;;VEV_5200;XIREC;85.0;12
420400;SUBMISSION;;VELVETFRUIT_EXTRACT;XIREC;5230.0;17
420400;SUBMISSION;;VEV_4000;XIREC;1237.0;13
420400;SUBMISSION;;VEV_4000;XIREC;1240.0;4
420400;SUBMISSION;;VEV_4500;XIREC;735.0;10
420400;SUBMISSION;;VEV_4500;XIREC;737.0;7
420400;SUBMISSION;;VEV_5000;XIREC;236.0;17
420400;SUBMISSION;;VEV_5200;XIREC;85.0;12
420500;SUBMISSION;;VELVETFRUIT_EXTRACT;XIREC;5229.0;17
420500;SUBMISSION;;VEV_4000;XIREC;1237.0;15
420500;SUBMISSION;;VEV_4000;XIREC;1240.0;2
420500;SUBMISSION;;VEV_4500;XIREC;735.0;7
420500;SUBMISSION;;VEV_4500;XIREC;736.0;10
420500;SUBMISSION;;VEV_5000;XIREC;236.0;17
420500;SUBMISSION;;VEV_5100;XIREC;149.0;7
420500;SUBMISSION;;VEV_5100;XIREC;150.0;10
420500;SUBMISSION;;VEV_5200;XIREC;85.0;12
420600;SUBMISSION;;VELVETFRUIT_EXTRACT;XIREC;5228.0;17
420600;SUBMISSION;;VEV_4000;XIREC;1236.0;11
420600;SUBMISSION;;VEV_4000;XIREC;1239.0;6
420600;SUBMISSION;;VEV_4500;XIREC;734.0;6
420600;SUBMISSION;;VEV_4500;XIREC;735.0;11
420600;SUBMISSION;;VEV_5000;XIREC;235.0;17
420600;SUBMISSION;;VEV_5100;XIREC;149.0;17
420600;SUBMISSION;;VEV_5200;XIREC;84.0;12
420700;SUBMISSION;;VELVETFRUIT_EXTRACT;XIREC;5228.0;17
420700;SUBMISSION;;VEV_4000;XIREC;1236.0;11
420700;SUBMISSION;;VEV_4000;XIREC;1239.0;6
420700;SUBMISSION;;VEV_4500;XIREC;734.0;6
420700;SUBMISSION;;VEV_4500;XIREC;735.0;11
420700;SUBMISSION;;VEV_5000;XIREC;235.0;17
420700;SUBMISSION;;VEV_5100;XIREC;149.0;17
420700;SUBMISSION;;VEV_5200;XIREC;84.0;12
420800;SUBMISSION;;VELVETFRUIT_EXTRACT;XIREC;5229.0;17
420800;SUBMISSION;;VEV_4000;XIREC;1236.0;9
420800;SUBMISSION;;VEV_4000;XIREC;1239.0;8
420800;SUBMISSION;;VEV_4500;XIREC;734.0;8
420800;SUBMISSION;;VEV_4500;XIREC;736.0;9
420800;SUBMISSION;;VEV_5000;XIREC;235.0;17
420800;SUBMISSION;;VEV_5100;XIREC;149.0;17
420800;SUBMISSION;;VEV_5200;XIREC;84.0;8
420800;SUBMISSION;;VEV_5200;XIREC;85.0;4
420900;SUBMISSION;;VELVETFRUIT_EXTRACT;XIREC;5229.0;17
420900;SUBMISSION;;VEV_4000;XIREC;1237.0;7
420900;SUBMISSION;;VEV_4000;XIREC;1240.0;10
420900;SUBMISSION;;VEV_4500;XIREC;735.0;7
420900;SUBMISSION;;VEV_4500;XIREC;736.0;10
420900;SUBMISSION;;VEV_5000;XIREC;235.0;7
420900;SUBMISSION;;VEV_5000;XIREC;236.0;10
420900;SUBMISSION;;VEV_5100;XIREC;149.0;7
420900;SUBMISSION;;VEV_5100;XIREC;150.0;10
420900;SUBMISSION;;VEV_5200;XIREC;85.0;12
421000;SUBMISSION;;VELVETFRUIT_EXTRACT;XIREC;5231.0;17
421000;SUBMISSION;;VEV_4000;XIREC;1239.0;12
421000;SUBMISSION;;VEV_4000;XIREC;1242.0;5
421000;SUBMISSION;;VEV_4500;XIREC;737.0;11
421000;SUBMISSION;;VEV_4500;XIREC;738.0;6
421000;SUBMISSION;;VEV_5000;XIREC;237.0;11
421000;SUBMISSION;;VEV_5000;XIREC;238.0;6
421000;SUBMISSION;;VEV_5200;XIREC;86.0;12
421100;SUBMISSION;;VELVETFRUIT_EXTRACT;XIREC;5231.0;17
421100;SUBMISSION;;VEV_4000;XIREC;1239.0;15
421100;SUBMISSION;;VEV_4000;XIREC;1241.0;2
421100;SUBMISSION;;VEV_4500;XIREC;736.0;9
421100;SUBMISSION;;VEV_4500;XIREC;738.0;8
421100;SUBMISSION;;VEV_5000;XIREC;237.0;17
421100;SUBMISSION;;VEV_5200;XIREC;86.0;12
421200;SUBMISSION;;VELVETFRUIT_EXTRACT;XIREC;5230.0;17
421200;SUBMISSION;;VEV_4000;XIREC;1238.0;10
421200;SUBMISSION;;VEV_4000;XIREC;1240.0;7
421200;SUBMISSION;;VEV_4500;XIREC;735.0;6
421200;SUBMISSION;;VEV_4500;XIREC;737.0;11
421200;SUBMISSION;;VEV_5000;XIREC;236.0;6
421200;SUBMISSION;;VEV_5000;XIREC;237.0;11
421200;SUBMISSION;;VEV_5200;XIREC;85.0;12
421300;SUBMISSION;;VELVETFRUIT_EXTRACT;XIREC;5232.0;17
421300;SUBMISSION;;VEV_4000;XIREC;1239.0;15
421300;SUBMISSION;;VEV_4000;XIREC;1242.0;2
421300;SUBMISSION;;VEV_4500;XIREC;737.0;11
421300;SUBMISSION;;VEV_4500;XIREC;739.0;6
421300;SUBMISSION;;VEV_5000;XIREC;238.0;17
421300;SUBMISSION;;VEV_5200;XIREC;86.0;12
421400;SUBMISSION;;VELVETFRUIT_EXTRACT;XIREC;5231.0;17
421400;SUBMISSION;;VEV_4000;XIREC;1239.0;8
421400;SUBMISSION;;VEV_4000;XIREC;1241.0;9
421400;SUBMISSION;;VEV_4500;XIREC;736.0;11
421400;SUBMISSION;;VEV_4500;XIREC;738.0;6
421400;SUBMISSION;;VEV_5000;XIREC;237.0;11
421400;SUBMISSION;;VEV_5000;XIREC;238.0;6
421400;SUBMISSION;;VEV_5200;XIREC;86.0;12
421500;SUBMISSION;;VELVETFRUIT_EXTRACT;XIREC;5230.0;17
421500;SUBMISSION;;VEV_4000;XIREC;1238.0;15
421500;SUBMISSION;;VEV_4000;XIREC;1241.0;2
421500;SUBMISSION;;VEV_4500;XIREC;736.0;12
421500;SUBMISSION;;VEV_4500;XIREC;737.0;5
421500;SUBMISSION;;VEV_5000;XIREC;236.0;12
421500;SUBMISSION;;VEV_5000;XIREC;237.0;5
421500;SUBMISSION;;VEV_5200;XIREC;85.0;12
421500;Mark 14;Mark 38;HYDROGEL_PACK;XIREC;9946.0;3
421600;SUBMISSION;;VELVETFRUIT_EXTRACT;XIREC;5231.0;17
421600;SUBMISSION;;VEV_4000;XIREC;1239.0;12
421600;SUBMISSION;;VEV_4000;XIREC;1241.0;5
421600;SUBMISSION;;VEV_4500;XIREC;736.0;9
421600;SUBMISSION;;VEV_4500;XIREC;738.0;8
421600;SUBMISSION;;VEV_5000;XIREC;237.0;17
421600;SUBMISSION;;VEV_5200;XIREC;86.0;12
421700;SUBMISSION;;VELVETFRUIT_EXTRACT;XIREC;5231.0;17
421700;SUBMISSION;;VEV_4000;XIREC;1239.0;12
421700;SUBMISSION;;VEV_4000;XIREC;1241.0;5
421700;SUBMISSION;;VEV_4500;XIREC;736.0;12
421700;SUBMISSION;;VEV_4500;XIREC;738.0;5
421700;SUBMISSION;;VEV_5000;XIREC;237.0;17
421700;SUBMISSION;;VEV_5200;XIREC;86.0;12
421800;SUBMISSION;;VELVETFRUIT_EXTRACT;XIREC;5231.0;17
421800;SUBMISSION;;VEV_4000;XIREC;1239.0;14
421800;SUBMISSION;;VEV_4000;XIREC;1241.0;3
421800;SUBMISSION;;VEV_4500;XIREC;736.0;11
421800;SUBMISSION;;VEV_4500;XIREC;738.0;6
421800;SUBMISSION;;VEV_5000;XIREC;237.0;11
421800;SUBMISSION;;VEV_5000;XIREC;238.0;6
421800;SUBMISSION;;VEV_5200;XIREC;86.0;12
421900;SUBMISSION;;VELVETFRUIT_EXTRACT;XIREC;5232.0;17
421900;SUBMISSION;;VEV_4000;XIREC;1239.0;13
421900;SUBMISSION;;VEV_4000;XIREC;1242.0;4
421900;SUBMISSION;;VEV_4500;XIREC;737.0;9
421900;SUBMISSION;;VEV_4500;XIREC;739.0;8
421900;SUBMISSION;;VEV_5000;XIREC;238.0;17
421900;SUBMISSION;;VEV_5200;XIREC;86.0;12
422000;SUBMISSION;;VELVETFRUIT_EXTRACT;XIREC;5232.0;17
422000;SUBMISSION;;VEV_4000;XIREC;1239.0;14
422000;SUBMISSION;;VEV_4000;XIREC;1242.0;3
422000;SUBMISSION;;VEV_4500;XIREC;737.0;8
422000;SUBMISSION;;VEV_4500;XIREC;739.0;9
422000;SUBMISSION;;VEV_5000;XIREC;237.0;8
422000;SUBMISSION;;VEV_5000;XIREC;238.0;9
422000;SUBMISSION;;VEV_5200;XIREC;86.0;12
422100;SUBMISSION;;VELVETFRUIT_EXTRACT;XIREC;5232.0;9
422100;SUBMISSION;;VEV_4000;XIREC;1240.0;14
422100;SUBMISSION;;VEV_4000;XIREC;1242.0;3
422100;SUBMISSION;;VEV_4500;XIREC;737.0;8
422100;SUBMISSION;;VEV_4500;XIREC;739.0;9
422100;SUBMISSION;;VEV_5000;XIREC;238.0;8
422100;SUBMISSION;;VEV_5000;XIREC;239.0;9
422100;SUBMISSION;;VEV_5200;XIREC;86.0;8
422100;SUBMISSION;;VEV_5200;XIREC;87.0;4
422200;SUBMISSION;;VEV_4000;XIREC;1240.0;14
422200;SUBMISSION;;VEV_4000;XIREC;1243.0;3
422200;SUBMISSION;;VEV_5000;XIREC;238.0;11
422200;SUBMISSION;;VEV_5000;XIREC;239.0;6
422200;SUBMISSION;;VEV_5200;XIREC;86.0;11
422200;SUBMISSION;;VEV_5200;XIREC;87.0;1
422300;SUBMISSION;;VEV_5200;XIREC;87.0;12
422400;SUBMISSION;;VEV_5000;XIREC;238.0;11
422400;SUBMISSION;;VEV_5000;XIREC;239.0;6
422400;SUBMISSION;;VEV_5200;XIREC;87.0;12
422500;SUBMISSION;;VEV_4000;XIREC;1239.0;15
422500;SUBMISSION;;VEV_4000;XIREC;1242.0;2
422500;SUBMISSION;;VEV_4500;XIREC;737.0;11
422500;SUBMISSION;;VEV_4500;XIREC;738.0;6
422500;SUBMISSION;;VEV_5000;XIREC;237.0;11
422500;SUBMISSION;;VEV_5000;XIREC;238.0;6
422500;SUBMISSION;;VEV_5200;XIREC;86.0;12
422600;SUBMISSION;;VEV_4000;XIREC;1238.0;14
422600;SUBMISSION;;VEV_4000;XIREC;1240.0;3
422600;SUBMISSION;;VEV_4500;XIREC;735.0;7
422600;SUBMISSION;;VEV_4500;XIREC;737.0;10
422600;SUBMISSION;;VEV_5000;XIREC;236.0;7
422600;SUBMISSION;;VEV_5000;XIREC;237.0;10
422600;SUBMISSION;;VEV_5200;XIREC;85.0;12
422700;SUBMISSION;;VEV_4000;XIREC;1239.0;11
422700;SUBMISSION;;VEV_4000;XIREC;1241.0;6
422700;SUBMISSION;;VEV_4500;XIREC;736.0;9
422700;SUBMISSION;;VEV_4500;XIREC;738.0;8
422700;SUBMISSION;;VEV_5000;XIREC;237.0;17
422700;SUBMISSION;;VEV_5200;XIREC;86.0;12
422800;SUBMISSION;;VEV_4000;XIREC;1238.0;15
422800;SUBMISSION;;VEV_4000;XIREC;1241.0;2
422800;SUBMISSION;;VEV_4500;XIREC;736.0;8
422800;SUBMISSION;;VEV_4500;XIREC;737.0;9
422800;SUBMISSION;;VEV_5000;XIREC;236.0;8
422800;SUBMISSION;;VEV_5000;XIREC;237.0;9
422800;SUBMISSION;;VEV_5200;XIREC;85.0;12
422900;SUBMISSION;;VEV_4000;XIREC;1239.0;13
422900;SUBMISSION;;VEV_4000;XIREC;1241.0;4
422900;SUBMISSION;;VEV_4500;XIREC;736.0;8
422900;SUBMISSION;;VEV_4500;XIREC;738.0;9
422900;SUBMISSION;;VEV_5000;XIREC;237.0;8
422900;SUBMISSION;;VEV_5000;XIREC;238.0;9
422900;SUBMISSION;;VEV_5200;XIREC;86.0;12
423000;SUBMISSION;;VEV_4000;XIREC;1239.0;12
423000;SUBMISSION;;VEV_4000;XIREC;1242.0;5
423000;SUBMISSION;;VEV_4500;XIREC;737.0;9
423000;SUBMISSION;;VEV_4500;XIREC;739.0;8
423000;SUBMISSION;;VEV_5000;XIREC;238.0;17
423000;SUBMISSION;;VEV_5200;XIREC;86.0;12
423100;SUBMISSION;;VEV_4000;XIREC;1239.0;7
423100;SUBMISSION;;VEV_4000;XIREC;1241.0;10
423100;SUBMISSION;;VEV_4500;XIREC;736.0;10
423100;SUBMISSION;;VEV_4500;XIREC;738.0;7
423100;SUBMISSION;;VEV_5000;XIREC;237.0;10
423100;SUBMISSION;;VEV_5000;XIREC;238.0;7
423100;SUBMISSION;;VEV_5200;XIREC;86.0;12
423200;SUBMISSION;;VEV_4000;XIREC;1239.0;10
423200;SUBMISSION;;VEV_4000;XIREC;1241.0;7
423200;SUBMISSION;;VEV_4500;XIREC;736.0;10
423200;SUBMISSION;;VEV_4500;XIREC;738.0;7
423200;SUBMISSION;;VEV_5000;XIREC;237.0;10
423200;SUBMISSION;;VEV_5000;XIREC;238.0;7
423200;SUBMISSION;;VEV_5200;XIREC;86.0;12
423300;SUBMISSION;;VEV_4000;XIREC;1239.0;9
423300;SUBMISSION;;VEV_4000;XIREC;1242.0;8
423300;SUBMISSION;;VEV_4500;XIREC;737.0;6
423300;SUBMISSION;;VEV_4500;XIREC;738.0;11
423300;SUBMISSION;;VEV_5000;XIREC;237.0;6
423300;SUBMISSION;;VEV_5000;XIREC;238.0;11
423300;SUBMISSION;;VEV_5200;XIREC;86.0;12
423400;SUBMISSION;;VEV_4000;XIREC;1239.0;11
423400;SUBMISSION;;VEV_4000;XIREC;1242.0;6
423400;SUBMISSION;;VEV_4500;XIREC;737.0;9
423400;SUBMISSION;;VEV_4500;XIREC;738.0;8
423400;SUBMISSION;;VEV_5000;XIREC;237.0;5
423400;SUBMISSION;;VEV_5200;XIREC;86.0;12
423500;SUBMISSION;;VEV_4000;XIREC;1239.0;5
423500;SUBMISSION;;VEV_4500;XIREC;737.0;6
423500;SUBMISSION;;VEV_4500;XIREC;739.0;11
423500;SUBMISSION;;VEV_5200;XIREC;86.0;12
423600;SUBMISSION;;VEV_5200;XIREC;87.0;12
423700;SUBMISSION;;VEV_5200;XIREC;87.0;11
423700;SUBMISSION;;VEV_5200;XIREC;88.0;1
424300;SUBMISSION;;VEV_5200;XIREC;87.0;12
424500;Mark 55;Mark 14;VELVETFRUIT_EXTRACT;XIREC;5235.0;7
425400;Mark 38;Mark 14;VEV_4000;XIREC;1246.0;1
426800;Mark 14;Mark 55;VELVETFRUIT_EXTRACT;XIREC;5232.0;8
427000;Mark 14;Mark 38;HYDROGEL_PACK;XIREC;9950.0;2
427600;Mark 55;Mark 14;VELVETFRUIT_EXTRACT;XIREC;5237.0;8
428000;SUBMISSION;;VEV_4500;XIREC;732.0;2
428000;SUBMISSION;;VEV_4500;XIREC;740.0;3
428000;SUBMISSION;;VEV_5200;XIREC;86.0;2
428000;SUBMISSION;;VEV_5200;XIREC;88.0;10
428000;Mark 01;Mark 22;VEV_5400;XIREC;13.0;2
428000;Mark 01;Mark 22;VEV_5500;XIREC;5.0;2
428000;Mark 01;Mark 22;VEV_6000;XIREC;0.0;2
428000;Mark 01;Mark 22;VEV_6500;XIREC;0.0;2
428500;SUBMISSION;;VEV_5200;XIREC;86.0;12
428600;SUBMISSION;;VEV_5200;XIREC;87.0;12
428700;SUBMISSION;;VEV_5200;XIREC;87.0;10
430200;Mark 55;Mark 14;VELVETFRUIT_EXTRACT;XIREC;5230.0;3
430300;SUBMISSION;;VEV_5100;XIREC;149.0;6
430300;SUBMISSION;;VEV_5100;XIREC;150.0;11
431000;Mark 55;Mark 01;VELVETFRUIT_EXTRACT;XIREC;5233.0;5
431700;Mark 55;Mark 14;VELVETFRUIT_EXTRACT;XIREC;5233.0;4
432100;Mark 55;Mark 14;VELVETFRUIT_EXTRACT;XIREC;5234.0;3
435300;Mark 01;Mark 55;VELVETFRUIT_EXTRACT;XIREC;5225.0;8
436200;Mark 38;Mark 14;HYDROGEL_PACK;XIREC;9935.0;5
437100;Mark 38;SUBMISSION;VEV_5200;XIREC;87.0;1
437100;Mark 38;Mark 22;VEV_4000;XIREC;1233.0;1
437100;Mark 38;Mark 22;VEV_4500;XIREC;733.0;1
437100;Mark 38;Mark 22;VEV_5000;XIREC;238.0;1
437100;Mark 38;Mark 22;VEV_5100;XIREC;152.0;1
437100;Mark 38;Mark 22;VEV_5300;XIREC;41.0;1
437100;Mark 01;Mark 22;VEV_5400;XIREC;13.0;4
437100;Mark 01;Mark 22;VEV_5500;XIREC;5.0;4
437100;Mark 01;Mark 22;VEV_6000;XIREC;0.0;4
437100;Mark 01;Mark 22;VEV_6500;XIREC;0.0;4
437700;SUBMISSION;;VEV_5200;XIREC;87.0;1
438000;Mark 01;Mark 55;VELVETFRUIT_EXTRACT;XIREC;5230.0;7
440300;Mark 38;Mark 14;HYDROGEL_PACK;XIREC;9922.0;2
441300;Mark 14;Mark 38;HYDROGEL_PACK;XIREC;9902.0;2
443600;Mark 14;Mark 38;HYDROGEL_PACK;XIREC;9908.0;2
444000;Mark 14;Mark 38;VEV_4000;XIREC;1230.0;3
444300;Mark 01;Mark 55;VELVETFRUIT_EXTRACT;XIREC;5238.0;7
445900;Mark 55;Mark 14;VELVETFRUIT_EXTRACT;XIREC;5249.0;4
448100;Mark 55;Mark 01;VELVETFRUIT_EXTRACT;XIREC;5254.0;3
448700;Mark 14;Mark 38;VEV_4000;XIREC;1238.0;3
450000;Mark 14;Mark 38;HYDROGEL_PACK;XIREC;9932.0;5
453500;Mark 01;Mark 55;VELVETFRUIT_EXTRACT;XIREC;5245.0;8
453600;Mark 55;Mark 01;VELVETFRUIT_EXTRACT;XIREC;5252.0;4
454800;Mark 01;Mark 55;VELVETFRUIT_EXTRACT;XIREC;5245.0;3
455200;Mark 01;Mark 55;VELVETFRUIT_EXTRACT;XIREC;5244.0;6
455400;Mark 38;Mark 14;VEV_4000;XIREC;1257.0;1
455700;Mark 01;Mark 22;VEV_5400;XIREC;15.0;4
455700;Mark 01;Mark 22;VEV_5500;XIREC;6.0;4
455700;Mark 01;Mark 22;VEV_6000;XIREC;0.0;4
455700;Mark 01;Mark 22;VEV_6500;XIREC;0.0;4
457700;Mark 14;Mark 38;HYDROGEL_PACK;XIREC;9914.0;4
458400;Mark 55;Mark 14;VELVETFRUIT_EXTRACT;XIREC;5248.0;3
459900;Mark 55;Mark 01;VELVETFRUIT_EXTRACT;XIREC;5252.0;8
459900;Mark 14;Mark 38;VEV_4000;XIREC;1239.0;2
460400;Mark 01;Mark 22;VEV_5300;XIREC;47.0;3
460400;Mark 14;Mark 22;VEV_5400;XIREC;16.0;3
460400;Mark 01;Mark 22;VEV_5500;XIREC;6.0;3
460400;Mark 01;Mark 22;VEV_6000;XIREC;0.0;3
460400;Mark 01;Mark 22;VEV_6500;XIREC;0.0;3
460700;Mark 55;Mark 14;VELVETFRUIT_EXTRACT;XIREC;5254.0;6
462300;Mark 55;Mark 01;VELVETFRUIT_EXTRACT;XIREC;5259.0;8
462500;Mark 38;Mark 14;HYDROGEL_PACK;XIREC;9932.0;2
464200;Mark 14;Mark 38;VEV_4000;XIREC;1241.0;1
465300;Mark 55;Mark 14;VELVETFRUIT_EXTRACT;XIREC;5255.0;8
468000;Mark 01;Mark 55;VELVETFRUIT_EXTRACT;XIREC;5247.0;3
469300;Mark 01;Mark 55;VELVETFRUIT_EXTRACT;XIREC;5252.0;6
469600;Mark 14;Mark 55;VELVETFRUIT_EXTRACT;XIREC;5252.0;7
470400;Mark 55;Mark 14;VELVETFRUIT_EXTRACT;XIREC;5257.0;4
472600;Mark 14;Mark 55;VELVETFRUIT_EXTRACT;XIREC;5249.0;3
475400;Mark 55;Mark 49;VELVETFRUIT_EXTRACT;XIREC;5254.0;7
475500;Mark 14;Mark 38;VEV_4000;XIREC;1244.0;1
476200;Mark 38;Mark 14;HYDROGEL_PACK;XIREC;9959.0;3
476500;Mark 01;Mark 22;VEV_5400;XIREC;17.0;2
476500;Mark 01;Mark 22;VEV_5500;XIREC;7.0;2
476500;Mark 01;Mark 22;VEV_6000;XIREC;0.0;2
476500;Mark 01;Mark 22;VEV_6500;XIREC;0.0;2
477600;Mark 14;Mark 38;HYDROGEL_PACK;XIREC;9941.0;5
477900;Mark 55;Mark 01;VELVETFRUIT_EXTRACT;XIREC;5258.0;5
478900;Mark 14;Mark 55;VELVETFRUIT_EXTRACT;XIREC;5250.0;4
479100;Mark 38;Mark 14;HYDROGEL_PACK;XIREC;9973.0;5
480100;Mark 67;Mark 49;VELVETFRUIT_EXTRACT;XIREC;5250.0;10
480700;Mark 38;Mark 14;VEV_4000;XIREC;1259.0;2
480900;Mark 14;Mark 38;VEV_4000;XIREC;1239.0;2
481300;Mark 38;Mark 14;VEV_4000;XIREC;1257.0;3
483100;Mark 55;Mark 14;VELVETFRUIT_EXTRACT;XIREC;5245.0;8
483200;Mark 38;Mark 14;VEV_4000;XIREC;1252.0;3
483800;Mark 01;Mark 55;VELVETFRUIT_EXTRACT;XIREC;5238.0;7
485300;Mark 14;Mark 38;HYDROGEL_PACK;XIREC;9952.0;3
486400;Mark 01;Mark 55;VELVETFRUIT_EXTRACT;XIREC;5239.0;7
489600;Mark 14;Mark 38;HYDROGEL_PACK;XIREC;9948.0;4
489700;Mark 14;Mark 55;VELVETFRUIT_EXTRACT;XIREC;5237.0;6
489700;Mark 01;Mark 22;VEV_5300;XIREC;43.0;4
489700;Mark 01;Mark 22;VEV_5400;XIREC;14.0;4
489700;Mark 01;Mark 22;VEV_5500;XIREC;5.0;4
489700;Mark 01;Mark 22;VEV_6000;XIREC;0.0;4
489700;Mark 01;Mark 22;VEV_6500;XIREC;0.0;4
490900;Mark 55;Mark 14;VELVETFRUIT_EXTRACT;XIREC;5246.0;5
491100;Mark 14;Mark 38;VEV_4000;XIREC;1233.0;3
492100;Mark 14;Mark 55;VELVETFRUIT_EXTRACT;XIREC;5241.0;5
493900;Mark 01;Mark 55;VELVETFRUIT_EXTRACT;XIREC;5237.0;3
494500;Mark 38;Mark 14;HYDROGEL_PACK;XIREC;9975.0;4
494700;Mark 14;Mark 38;VEV_4000;XIREC;1228.0;2
495300;Mark 14;Mark 38;HYDROGEL_PACK;XIREC;9964.0;5
496200;Mark 14;Mark 55;VELVETFRUIT_EXTRACT;XIREC;5239.0;5
496300;Mark 14;Mark 38;VEV_4000;XIREC;1230.0;2
498200;Mark 22;Mark 49;VELVETFRUIT_EXTRACT;XIREC;5241.0;5
498400;Mark 14;Mark 55;VELVETFRUIT_EXTRACT;XIREC;5238.0;7
499900;Mark 14;Mark 38;HYDROGEL_PACK;XIREC;9990.0;6
500800;Mark 14;Mark 38;HYDROGEL_PACK;XIREC;9987.0;4
501400;Mark 14;Mark 38;HYDROGEL_PACK;XIREC;9987.0;6
502000;Mark 14;Mark 38;HYDROGEL_PACK;XIREC;9985.0;3
502700;Mark 01;Mark 22;VEV_5500;XIREC;6.0;2
502700;Mark 01;Mark 22;VEV_6000;XIREC;0.0;2
502700;Mark 01;Mark 22;VEV_6500;XIREC;0.0;2
503500;Mark 14;Mark 38;HYDROGEL_PACK;XIREC;9994.0;6
503500;Mark 14;Mark 38;VEV_4000;XIREC;1240.0;3
504300;;SUBMISSION;HYDROGEL_PACK;XIREC;10004.0;8
504800;;SUBMISSION;HYDROGEL_PACK;XIREC;10004.0;8
505300;Mark 55;Mark 22;VELVETFRUIT_EXTRACT;XIREC;5256.0;3
506200;Mark 14;Mark 55;VELVETFRUIT_EXTRACT;XIREC;5254.0;5
507200;Mark 38;SUBMISSION;HYDROGEL_PACK;XIREC;10011.0;4
507800;SUBMISSION;Mark 38;HYDROGEL_PACK;XIREC;9993.0;4
507800;Mark 14;Mark 38;HYDROGEL_PACK;XIREC;9992.0;2
509100;Mark 14;Mark 38;VEV_4000;XIREC;1250.0;3
509700;Mark 67;Mark 49;VELVETFRUIT_EXTRACT;XIREC;5260.0;13
509900;Mark 14;Mark 38;HYDROGEL_PACK;XIREC;10005.0;5
510000;;SUBMISSION;VEV_4000;XIREC;1262.0;3
510000;;SUBMISSION;VEV_4000;XIREC;1252.0;8
510000;;SUBMISSION;VEV_4000;XIREC;1249.0;6
510000;;SUBMISSION;VEV_4500;XIREC;762.0;3
510000;;SUBMISSION;VEV_4500;XIREC;754.0;9
510000;;SUBMISSION;VEV_4500;XIREC;753.0;5
510100;Mark 14;Mark 38;HYDROGEL_PACK;XIREC;10003.0;3
510900;;SUBMISSION;VELVETFRUIT_EXTRACT;XIREC;5262.0;17
510900;;SUBMISSION;VEV_4000;XIREC;1254.0;10
510900;;SUBMISSION;VEV_4000;XIREC;1252.0;7
510900;;SUBMISSION;VEV_4500;XIREC;757.0;11
510900;;SUBMISSION;VEV_4500;XIREC;755.0;6
510900;;SUBMISSION;VEV_5000;XIREC;265.0;17
511000;;SUBMISSION;VELVETFRUIT_EXTRACT;XIREC;5263.0;17
511000;;SUBMISSION;VEV_4000;XIREC;1255.0;10
511000;;SUBMISSION;VEV_4000;XIREC;1252.0;7
511000;;SUBMISSION;VEV_4500;XIREC;757.0;7
511000;;SUBMISSION;VEV_4500;XIREC;756.0;10
511000;;SUBMISSION;VEV_5000;XIREC;266.0;7
511000;;SUBMISSION;VEV_5000;XIREC;265.0;10
511000;;SUBMISSION;VEV_5100;XIREC;176.0;17
511100;;SUBMISSION;VELVETFRUIT_EXTRACT;XIREC;5264.0;15
511100;;SUBMISSION;VELVETFRUIT_EXTRACT;XIREC;5263.0;2
511100;;SUBMISSION;VEV_4000;XIREC;1256.0;12
511100;;SUBMISSION;VEV_4000;XIREC;1253.0;5
511100;;SUBMISSION;VEV_4500;XIREC;758.0;7
511100;;SUBMISSION;VEV_4500;XIREC;756.0;10
511100;;SUBMISSION;VEV_5000;XIREC;267.0;7
511100;;SUBMISSION;VEV_5000;XIREC;266.0;10
511100;;SUBMISSION;VEV_5100;XIREC;177.0;7
511100;;SUBMISSION;VEV_5100;XIREC;176.0;10
511200;;SUBMISSION;VELVETFRUIT_EXTRACT;XIREC;5262.0;17
511200;;SUBMISSION;VEV_4000;XIREC;1254.0;13
511200;;SUBMISSION;VEV_4000;XIREC;1252.0;4
511200;;SUBMISSION;VEV_4500;XIREC;757.0;6
511200;;SUBMISSION;VEV_4500;XIREC;755.0;11
511200;;SUBMISSION;VEV_5000;XIREC;265.0;17
511300;;SUBMISSION;VELVETFRUIT_EXTRACT;XIREC;5263.0;17
511300;;SUBMISSION;VEV_4000;XIREC;1255.0;13
511300;;SUBMISSION;VEV_4000;XIREC;1252.0;4
511300;;SUBMISSION;VEV_4500;XIREC;757.0;10
511300;;SUBMISSION;VEV_4500;XIREC;755.0;7
511300;;SUBMISSION;VEV_5000;XIREC;266.0;10
511300;;SUBMISSION;VEV_5000;XIREC;265.0;7
511300;;SUBMISSION;VEV_5100;XIREC;176.0;17
511400;;SUBMISSION;VELVETFRUIT_EXTRACT;XIREC;5263.0;17
511400;;SUBMISSION;VEV_4000;XIREC;1255.0;8
511400;;SUBMISSION;VEV_4000;XIREC;1253.0;9
511400;;SUBMISSION;VEV_4500;XIREC;758.0;12
511400;;SUBMISSION;VEV_4500;XIREC;756.0;5
511400;;SUBMISSION;VEV_5000;XIREC;266.0;17
511400;;SUBMISSION;VEV_5100;XIREC;176.0;17
511500;;SUBMISSION;VELVETFRUIT_EXTRACT;XIREC;5263.0;17
511500;;SUBMISSION;VEV_4000;XIREC;1255.0;15
511500;;SUBMISSION;VEV_4000;XIREC;1252.0;2
511500;;SUBMISSION;VEV_4500;XIREC;757.0;8
511500;;SUBMISSION;VEV_4500;XIREC;755.0;9
511500;;SUBMISSION;VEV_5000;XIREC;266.0;8
511500;;SUBMISSION;VEV_5000;XIREC;265.0;9
511500;;SUBMISSION;VEV_5100;XIREC;176.0;17
511600;;SUBMISSION;VELVETFRUIT_EXTRACT;XIREC;5264.0;17
511600;;SUBMISSION;VEV_4000;XIREC;1256.0;9
511600;;SUBMISSION;VEV_4000;XIREC;1253.0;8
511600;;SUBMISSION;VEV_4500;XIREC;758.0;11
511600;;SUBMISSION;VEV_4500;XIREC;756.0;6
511600;;SUBMISSION;VEV_5000;XIREC;267.0;11
511600;;SUBMISSION;VEV_5000;XIREC;266.0;6
511600;;SUBMISSION;VEV_5100;XIREC;177.0;11
511600;;SUBMISSION;VEV_5100;XIREC;176.0;6
511700;;SUBMISSION;VELVETFRUIT_EXTRACT;XIREC;5263.0;17
511700;;SUBMISSION;VEV_4000;XIREC;1255.0;7
511700;;SUBMISSION;VEV_4000;XIREC;1252.0;10
511700;;SUBMISSION;VEV_4500;XIREC;757.0;12
511700;;SUBMISSION;VEV_4500;XIREC;755.0;5
511700;;SUBMISSION;VEV_5000;XIREC;266.0;12
511700;;SUBMISSION;VEV_5000;XIREC;265.0;5
511700;;SUBMISSION;VEV_5100;XIREC;176.0;17
511800;;SUBMISSION;VELVETFRUIT_EXTRACT;XIREC;5267.0;8
511800;;SUBMISSION;VELVETFRUIT_EXTRACT;XIREC;5265.0;9
511800;;SUBMISSION;VEV_4000;XIREC;1257.0;8
511800;;SUBMISSION;VEV_4000;XIREC;1254.0;9
511800;;SUBMISSION;VEV_4500;XIREC;759.0;12
511800;;SUBMISSION;VEV_4500;XIREC;757.0;5
511800;;SUBMISSION;VEV_5000;XIREC;268.0;12
511800;;SUBMISSION;VEV_5000;XIREC;267.0;5
511900;;SUBMISSION;VELVETFRUIT_EXTRACT;XIREC;5264.0;17
511900;;SUBMISSION;VEV_4000;XIREC;1256.0;7
511900;;SUBMISSION;VEV_4000;XIREC;1253.0;10
511900;;SUBMISSION;VEV_4500;XIREC;758.0;7
511900;;SUBMISSION;VEV_4500;XIREC;756.0;10
511900;;SUBMISSION;VEV_5000;XIREC;267.0;7
511900;;SUBMISSION;VEV_5000;XIREC;266.0;10
512000;;SUBMISSION;VELVETFRUIT_EXTRACT;XIREC;5263.0;17
512000;;SUBMISSION;VEV_4000;XIREC;1255.0;12
512000;;SUBMISSION;VEV_4000;XIREC;1252.0;5
512000;;SUBMISSION;VEV_4500;XIREC;757.0;11
512000;;SUBMISSION;VEV_4500;XIREC;755.0;6
512000;;SUBMISSION;VEV_5000;XIREC;266.0;11
512000;;SUBMISSION;VEV_5000;XIREC;265.0;6
512100;;SUBMISSION;VELVETFRUIT_EXTRACT;XIREC;5264.0;17
512100;;SUBMISSION;VEV_4000;XIREC;1256.0;12
512100;;SUBMISSION;VEV_4000;XIREC;1253.0;5
512100;;SUBMISSION;VEV_4500;XIREC;758.0;9
512100;;SUBMISSION;VEV_4500;XIREC;756.0;8
512100;;SUBMISSION;VEV_5000;XIREC;267.0;9
512100;;SUBMISSION;VEV_5000;XIREC;266.0;8
512200;;SUBMISSION;VELVETFRUIT_EXTRACT;XIREC;5263.0;17
512200;;SUBMISSION;VEV_4000;XIREC;1255.0;8
512200;;SUBMISSION;VEV_4000;XIREC;1253.0;9
512200;;SUBMISSION;VEV_4500;XIREC;758.0;12
512200;;SUBMISSION;VEV_4500;XIREC;756.0;5
512200;;SUBMISSION;VEV_5000;XIREC;266.0;17
512300;;SUBMISSION;VELVETFRUIT_EXTRACT;XIREC;5262.0;17
512300;;SUBMISSION;VEV_4000;XIREC;1254.0;14
512300;;SUBMISSION;VEV_4000;XIREC;1252.0;3
512300;;SUBMISSION;VEV_4500;XIREC;757.0;12
512300;;SUBMISSION;VEV_4500;XIREC;755.0;5
512300;;SUBMISSION;VEV_5000;XIREC;266.0;12
512300;;SUBMISSION;VEV_5000;XIREC;265.0;5
512400;;SUBMISSION;VELVETFRUIT_EXTRACT;XIREC;5263.0;17
512400;;SUBMISSION;VEV_4000;XIREC;1255.0;8
512400;;SUBMISSION;VEV_4000;XIREC;1253.0;9
512400;;SUBMISSION;VEV_4500;XIREC;758.0;6
512400;;SUBMISSION;VEV_4500;XIREC;756.0;11
512400;;SUBMISSION;VEV_5000;XIREC;266.0;17
512500;;SUBMISSION;VELVETFRUIT_EXTRACT;XIREC;5264.0;16
512500;;SUBMISSION;VELVETFRUIT_EXTRACT;XIREC;5263.0;1
512500;;SUBMISSION;VEV_4000;XIREC;1256.0;8
512500;;SUBMISSION;VEV_4000;XIREC;1253.0;9
512500;;SUBMISSION;VEV_4500;XIREC;758.0;12
512500;;SUBMISSION;VEV_4500;XIREC;756.0;5
512500;;SUBMISSION;VEV_5000;XIREC;267.0;12
512500;;SUBMISSION;VEV_5000;XIREC;266.0;5
512600;;SUBMISSION;VELVETFRUIT_EXTRACT;XIREC;5264.0;17
512600;;SUBMISSION;VEV_4000;XIREC;1256.0;14
512600;;SUBMISSION;VEV_4000;XIREC;1254.0;3
512600;;SUBMISSION;VEV_4500;XIREC;759.0;6
512600;;SUBMISSION;VEV_4500;XIREC;757.0;11
512600;;SUBMISSION;VEV_5000;XIREC;267.0;17
512700;;SUBMISSION;VELVETFRUIT_EXTRACT;XIREC;5265.0;17
512700;;SUBMISSION;VEV_4000;XIREC;1257.0;11
512700;;SUBMISSION;VEV_4000;XIREC;1255.0;6
512700;;SUBMISSION;VEV_4500;XIREC;760.0;12
512700;;SUBMISSION;VEV_4500;XIREC;758.0;5
512700;;SUBMISSION;VEV_5000;XIREC;268.0;12
512700;;SUBMISSION;VEV_5000;XIREC;267.0;5
512700;;SUBMISSION;VEV_5200;XIREC;106.0;12
512800;;SUBMISSION;VELVETFRUIT_EXTRACT;XIREC;5264.0;17
512800;;SUBMISSION;VEV_4000;XIREC;1256.0;15
512800;;SUBMISSION;VEV_4000;XIREC;1254.0;2
512800;;SUBMISSION;VEV_4500;XIREC;759.0;8
512800;;SUBMISSION;VEV_4500;XIREC;757.0;9
512800;;SUBMISSION;VEV_5000;XIREC;267.0;17
512900;;SUBMISSION;VELVETFRUIT_EXTRACT;XIREC;5263.0;17
512900;;SUBMISSION;VEV_4000;XIREC;1255.0;14
512900;;SUBMISSION;VEV_4000;XIREC;1252.0;3
512900;;SUBMISSION;VEV_4500;XIREC;757.0;12
512900;;SUBMISSION;VEV_4500;XIREC;755.0;5
512900;;SUBMISSION;VEV_5000;XIREC;266.0;12
512900;;SUBMISSION;VEV_5000;XIREC;265.0;5
513000;;SUBMISSION;VELVETFRUIT_EXTRACT;XIREC;5263.0;17
513000;;SUBMISSION;VEV_4000;XIREC;1255.0;12
513000;;SUBMISSION;VEV_4000;XIREC;1252.0;5
513000;;SUBMISSION;VEV_4500;XIREC;757.0;10
513000;;SUBMISSION;VEV_4500;XIREC;755.0;7
513000;;SUBMISSION;VEV_5000;XIREC;266.0;10
513000;;SUBMISSION;VEV_5000;XIREC;265.0;7
513100;;SUBMISSION;VELVETFRUIT_EXTRACT;XIREC;5262.0;17
513100;;SUBMISSION;VEV_4000;XIREC;1254.0;12
513100;;SUBMISSION;VEV_4000;XIREC;1251.0;5
513100;;SUBMISSION;VEV_4500;XIREC;756.0;12
513100;;SUBMISSION;VEV_4500;XIREC;755.0;5
513200;Mark 38;SUBMISSION;HYDROGEL_PACK;XIREC;10009.0;5
514100;;SUBMISSION;VELVETFRUIT_EXTRACT;XIREC;5263.0;5
514100;;SUBMISSION;VELVETFRUIT_EXTRACT;XIREC;5261.0;4
514100;Mark 49;Mark 22;VELVETFRUIT_EXTRACT;XIREC;5263.0;7
514300;;SUBMISSION;VEV_4000;XIREC;1254.0;13
514300;;SUBMISSION;VEV_4000;XIREC;1251.0;4
514300;;SUBMISSION;VEV_4500;XIREC;756.0;8
514300;;SUBMISSION;VEV_4500;XIREC;755.0;9
514300;;SUBMISSION;VEV_5000;XIREC;265.0;17
514400;;SUBMISSION;VEV_4000;XIREC;1256.0;15
514400;;SUBMISSION;VEV_4000;XIREC;1254.0;2
514400;;SUBMISSION;VEV_4500;XIREC;759.0;11
514400;;SUBMISSION;VEV_4500;XIREC;757.0;6
514400;;SUBMISSION;VEV_5000;XIREC;267.0;17
514500;;SUBMISSION;VEV_4000;XIREC;1257.0;12
514500;;SUBMISSION;VEV_4000;XIREC;1254.0;5
514500;;SUBMISSION;VEV_4500;XIREC;759.0;12
514500;;SUBMISSION;VEV_4500;XIREC;757.0;5
514500;;SUBMISSION;VEV_5000;XIREC;268.0;12
514500;;SUBMISSION;VEV_5000;XIREC;267.0;5
514500;Mark 14;Mark 55;VELVETFRUIT_EXTRACT;XIREC;5265.0;6
514600;;SUBMISSION;VEV_4000;XIREC;1257.0;9
514600;;SUBMISSION;VEV_4000;XIREC;1255.0;8
514600;;SUBMISSION;VEV_4500;XIREC;760.0;12
514600;;SUBMISSION;VEV_4500;XIREC;758.0;5
514600;;SUBMISSION;VEV_5000;XIREC;268.0;12
514600;;SUBMISSION;VEV_5000;XIREC;267.0;5
514600;;SUBMISSION;VEV_5200;XIREC;106.0;12
514700;;SUBMISSION;VEV_4000;XIREC;1258.0;14
514700;;SUBMISSION;VEV_4000;XIREC;1255.0;3
514700;;SUBMISSION;VEV_4500;XIREC;760.0;12
514700;;SUBMISSION;VEV_4500;XIREC;758.0;5
514700;;SUBMISSION;VEV_5000;XIREC;269.0;12
514700;;SUBMISSION;VEV_5000;XIREC;268.0;5
514700;;SUBMISSION;VEV_5200;XIREC;106.0;12
514800;;SUBMISSION;VEV_4000;XIREC;1258.0;8
514800;;SUBMISSION;VEV_4000;XIREC;1256.0;9
514800;;SUBMISSION;VEV_4500;XIREC;761.0;8
514800;;SUBMISSION;VEV_4500;XIREC;759.0;9
514800;;SUBMISSION;VEV_5000;XIREC;269.0;8
514800;;SUBMISSION;VEV_5000;XIREC;268.0;9
514800;;SUBMISSION;VEV_5200;XIREC;106.0;12
514900;;SUBMISSION;VEV_4000;XIREC;1256.0;14
514900;;SUBMISSION;VEV_4000;XIREC;1254.0;3
514900;;SUBMISSION;VEV_4500;XIREC;759.0;6
514900;;SUBMISSION;VEV_4500;XIREC;757.0;11
514900;;SUBMISSION;VEV_5000;XIREC;267.0;17
515000;;SUBMISSION;VEV_4000;XIREC;1258.0;8
515000;;SUBMISSION;VEV_4000;XIREC;1255.0;9
515000;;SUBMISSION;VEV_4500;XIREC;760.0;7
515000;;SUBMISSION;VEV_4500;XIREC;758.0;10
515000;;SUBMISSION;VEV_5000;XIREC;269.0;7
515000;;SUBMISSION;VEV_5000;XIREC;268.0;10
515100;;SUBMISSION;VEV_4000;XIREC;1257.0;13
515100;;SUBMISSION;VEV_4000;XIREC;1254.0;4
515100;;SUBMISSION;VEV_4500;XIREC;759.0;7
515100;;SUBMISSION;VEV_4500;XIREC;757.0;10
515100;;SUBMISSION;VEV_5000;XIREC;268.0;7
515100;;SUBMISSION;VEV_5000;XIREC;267.0;10
515200;SUBMISSION;Mark 38;HYDROGEL_PACK;XIREC;10001.0;4
515200;;SUBMISSION;VEV_4000;XIREC;1256.0;7
515200;;SUBMISSION;VEV_4000;XIREC;1254.0;10
515200;;SUBMISSION;VEV_4500;XIREC;759.0;8
515200;;SUBMISSION;VEV_4500;XIREC;757.0;9
515200;;SUBMISSION;VEV_5000;XIREC;267.0;17
515300;;SUBMISSION;VEV_4000;XIREC;1257.0;11
515300;;SUBMISSION;VEV_4000;XIREC;1255.0;6
515300;;SUBMISSION;VEV_4500;XIREC;760.0;10
515300;;SUBMISSION;VEV_4500;XIREC;758.0;7
515300;;SUBMISSION;VEV_5000;XIREC;268.0;10
515300;;SUBMISSION;VEV_5000;XIREC;267.0;7
515400;;SUBMISSION;VEV_4000;XIREC;1257.0;5
515400;;SUBMISSION;VEV_4500;XIREC;760.0;5
515400;;SUBMISSION;VEV_5000;XIREC;268.0;17
515500;;SUBMISSION;VEV_5000;XIREC;268.0;17
515600;;SUBMISSION;VEV_5000;XIREC;267.0;5
516800;Mark 14;Mark 55;VELVETFRUIT_EXTRACT;XIREC;5261.0;5
517900;Mark 14;Mark 38;VEV_4000;XIREC;1249.0;1
518800;Mark 38;Mark 14;VEV_4000;XIREC;1271.0;1
519000;Mark 14;Mark 38;HYDROGEL_PACK;XIREC;10002.0;5
519100;Mark 14;Mark 38;VEV_4000;XIREC;1246.0;2
519400;Mark 38;SUBMISSION;HYDROGEL_PACK;XIREC;10016.0;2
519500;Mark 01;Mark 22;VEV_5300;XIREC;50.0;4
519500;Mark 01;Mark 22;VEV_5400;XIREC;17.0;4
519500;Mark 01;Mark 22;VEV_5500;XIREC;6.0;4
519500;Mark 01;Mark 22;VEV_6000;XIREC;0.0;4
519500;Mark 01;Mark 22;VEV_6500;XIREC;0.0;4
520400;Mark 38;SUBMISSION;HYDROGEL_PACK;XIREC;10018.0;2
520500;Mark 01;Mark 55;VELVETFRUIT_EXTRACT;XIREC;5256.0;4
521100;Mark 14;Mark 38;VEV_4000;XIREC;1248.0;2
521800;Mark 55;Mark 14;VELVETFRUIT_EXTRACT;XIREC;5265.0;3
523300;Mark 55;Mark 01;VELVETFRUIT_EXTRACT;XIREC;5262.0;3
524000;Mark 01;Mark 22;VEV_5400;XIREC;17.0;4
524000;Mark 14;Mark 22;VEV_5500;XIREC;7.0;4
524000;Mark 01;Mark 22;VEV_6000;XIREC;0.0;4
524000;Mark 01;Mark 22;VEV_6500;XIREC;0.0;4
524500;Mark 67;Mark 22;VELVETFRUIT_EXTRACT;XIREC;5259.0;7
525500;Mark 14;Mark 38;VEV_4000;XIREC;1247.0;1
526200;Mark 01;Mark 55;VELVETFRUIT_EXTRACT;XIREC;5250.0;8
526600;Mark 38;SUBMISSION;HYDROGEL_PACK;XIREC;10020.0;4
527700;Mark 38;SUBMISSION;HYDROGEL_PACK;XIREC;10020.0;6
527700;Mark 55;Mark 14;VELVETFRUIT_EXTRACT;XIREC;5255.0;6
528100;;SUBMISSION;HYDROGEL_PACK;XIREC;10013.0;1
528200;;SUBMISSION;HYDROGEL_PACK;XIREC;10013.0;1
528300;;SUBMISSION;HYDROGEL_PACK;XIREC;10013.0;1
528400;;SUBMISSION;HYDROGEL_PACK;XIREC;10014.0;1
528500;;SUBMISSION;HYDROGEL_PACK;XIREC;10014.0;1
528600;;SUBMISSION;HYDROGEL_PACK;XIREC;10017.0;3
528600;Mark 55;Mark 14;VELVETFRUIT_EXTRACT;XIREC;5254.0;4
528700;;SUBMISSION;HYDROGEL_PACK;XIREC;10016.0;2
528800;;SUBMISSION;HYDROGEL_PACK;XIREC;10017.0;3
528900;;SUBMISSION;HYDROGEL_PACK;XIREC;10016.0;2
529000;;SUBMISSION;HYDROGEL_PACK;XIREC;10014.0;1
529100;;SUBMISSION;HYDROGEL_PACK;XIREC;10017.0;3
529200;;SUBMISSION;HYDROGEL_PACK;XIREC;10013.0;1
529300;;SUBMISSION;HYDROGEL_PACK;XIREC;10015.0;2
529400;;SUBMISSION;HYDROGEL_PACK;XIREC;10018.0;3
529400;Mark 55;Mark 14;VELVETFRUIT_EXTRACT;XIREC;5256.0;4
529500;;SUBMISSION;HYDROGEL_PACK;XIREC;10026.0;5
529600;;SUBMISSION;HYDROGEL_PACK;XIREC;10019.0;4
529700;;SUBMISSION;HYDROGEL_PACK;XIREC;10017.0;3
529800;;SUBMISSION;HYDROGEL_PACK;XIREC;10015.0;2
529900;;SUBMISSION;HYDROGEL_PACK;XIREC;10013.0;1
530000;;SUBMISSION;HYDROGEL_PACK;XIREC;10013.0;1
530000;Mark 01;Mark 55;VELVETFRUIT_EXTRACT;XIREC;5249.0;6
530100;;SUBMISSION;HYDROGEL_PACK;XIREC;10013.0;1
530300;Mark 14;Mark 38;HYDROGEL_PACK;XIREC;10010.0;3
530600;Mark 14;Mark 38;HYDROGEL_PACK;XIREC;10010.0;5
530700;;SUBMISSION;HYDROGEL_PACK;XIREC;10013.0;1
530800;;SUBMISSION;HYDROGEL_PACK;XIREC;10015.0;2
530900;;SUBMISSION;HYDROGEL_PACK;XIREC;10017.0;3
531000;;SUBMISSION;HYDROGEL_PACK;XIREC;10016.0;2
531100;;SUBMISSION;HYDROGEL_PACK;XIREC;10016.0;2
531200;;SUBMISSION;HYDROGEL_PACK;XIREC;10016.0;2
531300;;SUBMISSION;HYDROGEL_PACK;XIREC;10014.0;1
531400;;SUBMISSION;HYDROGEL_PACK;XIREC;10015.0;2
531500;;SUBMISSION;HYDROGEL_PACK;XIREC;10013.0;1
531600;;SUBMISSION;HYDROGEL_PACK;XIREC;10013.0;1
531700;;SUBMISSION;HYDROGEL_PACK;XIREC;10015.0;2
531800;;SUBMISSION;HYDROGEL_PACK;XIREC;10018.0;3
531900;;SUBMISSION;HYDROGEL_PACK;XIREC;10017.0;3
532000;;SUBMISSION;HYDROGEL_PACK;XIREC;10026.0;4
532000;;SUBMISSION;HYDROGEL_PACK;XIREC;10018.0;1
532100;;SUBMISSION;HYDROGEL_PACK;XIREC;10018.0;3
532200;;SUBMISSION;HYDROGEL_PACK;XIREC;10020.0;4
532300;;SUBMISSION;HYDROGEL_PACK;XIREC;10018.0;3
532400;;SUBMISSION;HYDROGEL_PACK;XIREC;10017.0;3
532500;;SUBMISSION;HYDROGEL_PACK;XIREC;10015.0;2
532600;;SUBMISSION;HYDROGEL_PACK;XIREC;10014.0;1
532700;;SUBMISSION;HYDROGEL_PACK;XIREC;10015.0;2
532800;;SUBMISSION;HYDROGEL_PACK;XIREC;10016.0;2
532900;;SUBMISSION;HYDROGEL_PACK;XIREC;10017.0;3
533000;;SUBMISSION;HYDROGEL_PACK;XIREC;10018.0;3
533100;;SUBMISSION;HYDROGEL_PACK;XIREC;10013.0;1
533100;Mark 38;SUBMISSION;HYDROGEL_PACK;XIREC;10028.0;2
533200;;SUBMISSION;HYDROGEL_PACK;XIREC;10013.0;1
