timestamp;buyer;seller;symbol;currency;price;quantity
0;SUBMISSION;;HYDROGEL_PACK;XIREC;9966.0;13
0;SUBMISSION;;HYDROGEL_PACK;XIREC;9968.0;11
100;SUBMISSION;;HYDROGEL_PACK;XIREC;9969.0;15
100;SUBMISSION;;HYDROGEL_PACK;XIREC;9971.0;21
200;SUBMISSION;;HYDROGEL_PACK;XIREC;9969.0;14
200;SUBMISSION;;HYDROGEL_PACK;XIREC;9972.0;21
300;SUBMISSION;;HYDROGEL_PACK;XIREC;9968.0;15
300;SUBMISSION;;HYDROGEL_PACK;XIREC;9971.0;26
400;SUBMISSION;;HYDROGEL_PACK;XIREC;9969.0;10
400;SUBMISSION;;HYDROGEL_PACK;XIREC;9972.0;17
1000;SUBMISSION;;HYDROGEL_PACK;XIREC;9967.0;2
1700;;SUBMISSION;VEV_5500;XIREC;8.0;21
2500;;SUBMISSION;VEV_5500;XIREC;8.0;24
3100;;SUBMISSION;VEV_5500;XIREC;8.0;28
3200;;SUBMISSION;VEV_5500;XIREC;8.0;25
3300;;SUBMISSION;VEV_5500;XIREC;8.0;20
3400;;SUBMISSION;VEV_5500;XIREC;8.0;17
3500;;SUBMISSION;VEV_5500;XIREC;8.0;24
3600;;SUBMISSION;VEV_5500;XIREC;8.0;18
3700;;SUBMISSION;VEV_5500;XIREC;8.0;23
3800;;SUBMISSION;VEV_5500;XIREC;8.0;24
3900;;SUBMISSION;VEV_5500;XIREC;8.0;20
4000;;SUBMISSION;VEV_5500;XIREC;8.0;23
4100;;SUBMISSION;VEV_5500;XIREC;8.0;28
4200;;SUBMISSION;VEV_5500;XIREC;8.0;5
4500;;;VEV_5400;XIREC;18.0;2
4500;;;VEV_5500;XIREC;8.0;2
4500;;;VEV_6000;XIREC;0.0;2
4500;;;VEV_6500;XIREC;0.0;2
5100;;;HYDROGEL_PACK;XIREC;9960.0;4
5300;;;VEV_4000;XIREC;1264.0;2
6100;;;VELVETFRUIT_EXTRACT;XIREC;5255.0;3
6200;;;HYDROGEL_PACK;XIREC;9955.0;5
9400;;;VELVETFRUIT_EXTRACT;XIREC;5244.0;8
9600;;;VEV_5400;XIREC;16.0;4
9600;;;VEV_5500;XIREC;7.0;4
9600;;;VEV_6000;XIREC;0.0;4
9600;;;VEV_6500;XIREC;0.0;4
10400;;;VELVETFRUIT_EXTRACT;XIREC;5240.0;12
11800;;;VEV_5500;XIREC;7.0;4
11800;;;VEV_6000;XIREC;0.0;4
11800;;;VEV_6500;XIREC;0.0;4
14300;;;VELVETFRUIT_EXTRACT;XIREC;5238.0;6
14800;SUBMISSION;;VEV_4000;XIREC;1234.0;4
14800;SUBMISSION;;VEV_4000;XIREC;1245.0;7
14800;;;VELVETFRUIT_EXTRACT;XIREC;5232.0;6
14800;;;VEV_5300;XIREC;42.0;4
14800;;;VEV_5400;XIREC;14.0;4
14800;;;VEV_5500;XIREC;6.0;4
14800;;;VEV_6000;XIREC;0.0;4
14800;;;VEV_6500;XIREC;0.0;4
15000;;;HYDROGEL_PACK;XIREC;9966.0;4
16700;SUBMISSION;;VEV_4000;XIREC;1231.0;2
16700;SUBMISSION;;VEV_4000;XIREC;1242.0;13
16700;SUBMISSION;;VEV_4000;XIREC;1244.0;15
16700;SUBMISSION;;VEV_4500;XIREC;731.0;2
16700;SUBMISSION;;VEV_4500;XIREC;739.0;8
16700;SUBMISSION;;VEV_4500;XIREC;741.0;12
16700;;;VEV_4000;XIREC;1221.0;2
16700;;;VEV_5300;XIREC;41.0;2
16700;;;VEV_5400;XIREC;14.0;2
16700;;;VEV_5500;XIREC;6.0;2
16700;;;VEV_6000;XIREC;0.0;2
16700;;;VEV_6500;XIREC;0.0;2
16900;SUBMISSION;;VELVETFRUIT_EXTRACT;XIREC;5232.0;18
16900;SUBMISSION;;VELVETFRUIT_EXTRACT;XIREC;5233.0;32
16900;SUBMISSION;;VEV_4000;XIREC;1240.0;9
16900;SUBMISSION;;VEV_4000;XIREC;1242.0;30
16900;SUBMISSION;;VEV_4500;XIREC;737.0;9
16900;SUBMISSION;;VEV_4500;XIREC;739.0;22
17000;SUBMISSION;;VELVETFRUIT_EXTRACT;XIREC;5232.0;21
17000;SUBMISSION;;VELVETFRUIT_EXTRACT;XIREC;5233.0;29
17000;SUBMISSION;;VEV_4000;XIREC;1240.0;15
17000;SUBMISSION;;VEV_4000;XIREC;1243.0;26
17100;SUBMISSION;;VELVETFRUIT_EXTRACT;XIREC;5230.0;8
17100;SUBMISSION;;VELVETFRUIT_EXTRACT;XIREC;5234.0;42
17300;;;VEV_4000;XIREC;1221.0;1
17400;SUBMISSION;;VELVETFRUIT_EXTRACT;XIREC;5230.0;8
17400;SUBMISSION;;VELVETFRUIT_EXTRACT;XIREC;5234.0;42
17400;;;VELVETFRUIT_EXTRACT;XIREC;5230.0;8
17900;;;VEV_4000;XIREC;1243.0;1
18400;SUBMISSION;;VEV_4000;XIREC;1240.0;14
18400;SUBMISSION;;VEV_4000;XIREC;1242.0;16
18400;SUBMISSION;;VEV_4500;XIREC;737.0;8
18400;SUBMISSION;;VEV_4500;XIREC;739.0;13
18500;SUBMISSION;;VEV_4000;XIREC;1238.0;8
18500;SUBMISSION;;VEV_4000;XIREC;1241.0;17
18500;SUBMISSION;;VEV_4500;XIREC;736.0;9
18500;SUBMISSION;;VEV_4500;XIREC;738.0;22
18600;SUBMISSION;;VEV_4000;XIREC;1238.0;8
18600;SUBMISSION;;VEV_4000;XIREC;1241.0;27
18600;SUBMISSION;;VEV_4500;XIREC;736.0;9
18600;SUBMISSION;;VEV_4500;XIREC;738.0;20
18700;SUBMISSION;;VEV_4000;XIREC;1238.0;14
18700;SUBMISSION;;VEV_4000;XIREC;1241.0;17
18700;SUBMISSION;;VEV_4500;XIREC;736.0;8
18700;SUBMISSION;;VEV_4500;XIREC;738.0;23
18800;SUBMISSION;;VEV_4000;XIREC;1238.0;12
18800;SUBMISSION;;VEV_4000;XIREC;1241.0;26
18800;SUBMISSION;;VEV_4500;XIREC;736.0;7
18800;SUBMISSION;;VEV_4500;XIREC;737.0;15
18900;SUBMISSION;;VEV_4000;XIREC;1239.0;9
18900;SUBMISSION;;VEV_4000;XIREC;1241.0;11
18900;SUBMISSION;;VEV_4500;XIREC;736.0;11
18900;SUBMISSION;;VEV_4500;XIREC;738.0;23
19000;SUBMISSION;;VEV_4500;XIREC;737.0;9
19000;SUBMISSION;;VEV_4500;XIREC;738.0;17
19100;SUBMISSION;;VEV_4500;XIREC;737.0;12
19100;SUBMISSION;;VEV_4500;XIREC;739.0;20
19200;SUBMISSION;;VEV_4500;XIREC;736.0;6
19200;SUBMISSION;;VEV_4500;XIREC;738.0;12
19300;SUBMISSION;;VEV_4500;XIREC;736.0;3
19300;;;VELVETFRUIT_EXTRACT;XIREC;5226.0;5
19900;SUBMISSION;;VEV_5000;XIREC;237.0;8
19900;SUBMISSION;;VEV_5000;XIREC;238.0;18
20000;SUBMISSION;;VEV_5000;XIREC;238.0;25
20100;SUBMISSION;;VEV_5000;XIREC;237.0;10
20100;SUBMISSION;;VEV_5000;XIREC;238.0;21
20200;SUBMISSION;;VEV_5000;XIREC;237.0;8
20200;SUBMISSION;;VEV_5000;XIREC;238.0;21
20200;;;VELVETFRUIT_EXTRACT;XIREC;5224.0;5
20300;SUBMISSION;;VEV_5000;XIREC;237.0;6
20300;SUBMISSION;;VEV_5000;XIREC;238.0;23
20700;SUBMISSION;;VEV_5000;XIREC;238.0;7
20700;SUBMISSION;;VEV_5000;XIREC;239.0;23
20800;SUBMISSION;;VEV_5000;XIREC;238.0;35
20900;SUBMISSION;;VEV_5000;XIREC;238.0;34
21000;SUBMISSION;;VEV_5000;XIREC;237.0;8
21000;SUBMISSION;;VEV_5000;XIREC;238.0;12
21100;SUBMISSION;;VEV_5000;XIREC;238.0;10
21100;SUBMISSION;;VEV_5000;XIREC;239.0;24
21200;SUBMISSION;;VEV_5000;XIREC;238.0;7
22800;SUBMISSION;;HYDROGEL_PACK;XIREC;9947.0;6
25700;;;VEV_4000;XIREC;1241.0;3
29300;;;VELVETFRUIT_EXTRACT;XIREC;5237.0;4
30800;SUBMISSION;;HYDROGEL_PACK;XIREC;9941.0;2
31400;;;HYDROGEL_PACK;XIREC;9953.0;3
31700;;;VELVETFRUIT_EXTRACT;XIREC;5237.0;4
32000;SUBMISSION;;HYDROGEL_PACK;XIREC;9939.0;5
32600;;;VELVETFRUIT_EXTRACT;XIREC;5240.0;5
32800;;;VELVETFRUIT_EXTRACT;XIREC;5238.0;7
33600;SUBMISSION;;HYDROGEL_PACK;XIREC;9949.0;6
36200;;;VEV_4000;XIREC;1244.0;3
36500;;;VELVETFRUIT_EXTRACT;XIREC;5232.0;7
37400;SUBMISSION;;HYDROGEL_PACK;XIREC;9937.0;4
38500;;;VEV_5500;XIREC;6.0;5
38500;;;VEV_6000;XIREC;0.0;5
38500;;;VEV_6500;XIREC;0.0;5
38700;;;VELVETFRUIT_EXTRACT;XIREC;5228.0;8
39400;;;VELVETFRUIT_EXTRACT;XIREC;5234.0;5
39400;;;VELVETFRUIT_EXTRACT;XIREC;5233.0;9
39800;;;VELVETFRUIT_EXTRACT;XIREC;5232.0;4
40400;;;VEV_5300;XIREC;41.0;4
40400;;;VEV_5400;XIREC;14.0;4
40400;;;VEV_5500;XIREC;6.0;4
40400;;;VEV_6000;XIREC;0.0;4
40400;;;VEV_6500;XIREC;0.0;4
40900;;;HYDROGEL_PACK;XIREC;9951.0;5
41300;;;HYDROGEL_PACK;XIREC;9953.0;5
43400;;;VEV_5400;XIREC;13.0;5
43400;;;VEV_5500;XIREC;6.0;5
43400;;;VEV_6000;XIREC;0.0;5
43400;;;VEV_6500;XIREC;0.0;5
43600;;;VELVETFRUIT_EXTRACT;XIREC;5229.0;4
43900;SUBMISSION;;HYDROGEL_PACK;XIREC;9953.0;5
43900;;;HYDROGEL_PACK;XIREC;9952.0;1
45200;SUBMISSION;;HYDROGEL_PACK;XIREC;9962.0;2
45400;;;VELVETFRUIT_EXTRACT;XIREC;5241.0;8
47700;;;VELVETFRUIT_EXTRACT;XIREC;5243.0;4
48300;SUBMISSION;;HYDROGEL_PACK;XIREC;9961.0;1
48300;;;HYDROGEL_PACK;XIREC;9960.0;2
48900;;;VELVETFRUIT_EXTRACT;XIREC;5241.0;6
49800;;;VELVETFRUIT_EXTRACT;XIREC;5244.0;3
50200;;;VEV_4000;XIREC;1236.0;2
50300;;;VEV_4000;XIREC;1257.0;3
50700;;;VEV_5400;XIREC;16.0;5
50700;;;VEV_5500;XIREC;7.0;5
50700;;;VEV_6000;XIREC;0.0;5
50700;;;VEV_6500;XIREC;0.0;5
51700;;;VELVETFRUIT_EXTRACT;XIREC;5243.0;4
52400;SUBMISSION;;HYDROGEL_PACK;XIREC;9962.0;1
52400;;;HYDROGEL_PACK;XIREC;9961.0;4
52800;;;VEV_5400;XIREC;16.0;3
52800;;;VEV_5500;XIREC;7.0;3
52800;;;VEV_6000;XIREC;0.0;3
52800;;;VEV_6500;XIREC;0.0;3
53000;SUBMISSION;;HYDROGEL_PACK;XIREC;9962.0;1
53000;;;HYDROGEL_PACK;XIREC;9961.0;3
53400;;;VEV_5500;XIREC;7.0;2
53400;;;VEV_6000;XIREC;0.0;2
53400;;;VEV_6500;XIREC;0.0;2
53800;;;VEV_4000;XIREC;1255.0;2
54400;;;VEV_4000;XIREC;1234.0;3
57600;;;VEV_4000;XIREC;1257.0;3
59300;SUBMISSION;;HYDROGEL_PACK;XIREC;9950.0;1
59300;;;HYDROGEL_PACK;XIREC;9949.0;3
59600;;;VELVETFRUIT_EXTRACT;XIREC;5244.0;4
60300;;;VELVETFRUIT_EXTRACT;XIREC;5245.0;5
61100;;;HYDROGEL_PACK;XIREC;9961.0;2
61400;;;HYDROGEL_PACK;XIREC;9962.0;2
62100;;;VELVETFRUIT_EXTRACT;XIREC;5243.0;6
62600;;;VEV_4000;XIREC;1254.0;1
63100;;;VEV_4000;XIREC;1252.0;3
63200;;;HYDROGEL_PACK;XIREC;9950.0;5
63200;;;VELVETFRUIT_EXTRACT;XIREC;5240.0;8
64200;;;VELVETFRUIT_EXTRACT;XIREC;5245.0;6
64300;;;HYDROGEL_PACK;XIREC;9933.0;4
65400;;;HYDROGEL_PACK;XIREC;9930.0;4
65700;;;VELVETFRUIT_EXTRACT;XIREC;5240.0;8
65900;;;HYDROGEL_PACK;XIREC;9935.0;2
67700;;;VELVETFRUIT_EXTRACT;XIREC;5250.0;4
68000;;;VEV_4000;XIREC;1258.0;2
69500;;;HYDROGEL_PACK;XIREC;9952.0;2
70500;;;VEV_4000;XIREC;1232.0;1
73400;;;VELVETFRUIT_EXTRACT;XIREC;5237.0;8
73400;;;VELVETFRUIT_EXTRACT;XIREC;5236.0;6
73500;;;HYDROGEL_PACK;XIREC;9966.0;3
74100;;;VEV_5300;XIREC;42.0;3
74100;;;VEV_5400;XIREC;14.0;3
74100;;;VEV_5500;XIREC;6.0;3
74100;;;VEV_6000;XIREC;0.0;3
74100;;;VEV_6500;XIREC;0.0;3
74300;;;VELVETFRUIT_EXTRACT;XIREC;5238.0;6
74400;;;VELVETFRUIT_EXTRACT;XIREC;5235.0;4
76600;;;HYDROGEL_PACK;XIREC;9995.0;3
77300;;;VELVETFRUIT_EXTRACT;XIREC;5241.0;8
78300;;;VEV_4000;XIREC;1229.0;3
78400;;;VELVETFRUIT_EXTRACT;XIREC;5238.0;7
78500;;;HYDROGEL_PACK;XIREC;10000.0;4
79000;;;HYDROGEL_PACK;XIREC;9982.0;3
79800;;;HYDROGEL_PACK;XIREC;9994.0;6
81300;;;HYDROGEL_PACK;XIREC;9970.0;6
81700;;;HYDROGEL_PACK;XIREC;9980.0;3
81900;;;HYDROGEL_PACK;XIREC;9978.0;2
82300;;;HYDROGEL_PACK;XIREC;9977.0;3
82300;;;VELVETFRUIT_EXTRACT;XIREC;5235.0;3
83200;;;VELVETFRUIT_EXTRACT;XIREC;5237.0;7
84300;;;VEV_4000;XIREC;1243.0;1
84600;;;VELVETFRUIT_EXTRACT;XIREC;5233.0;8
85300;;;VEV_5300;XIREC;42.0;2
85300;;;VEV_5400;XIREC;14.0;2
85300;;;VEV_5500;XIREC;6.0;2
85300;;;VEV_6000;XIREC;0.0;2
85300;;;VEV_6500;XIREC;0.0;2
86100;;;VEV_5400;XIREC;14.0;5
86100;;;VEV_5500;XIREC;6.0;5
86100;;;VEV_6000;XIREC;0.0;5
86100;;;VEV_6500;XIREC;0.0;5
87900;;;VELVETFRUIT_EXTRACT;XIREC;5239.0;3
88500;;;VELVETFRUIT_EXTRACT;XIREC;5242.0;6
89300;;;VEV_4000;XIREC;1232.0;3
89800;;;VEV_5300;XIREC;45.0;4
89800;;;VEV_5400;XIREC;15.0;4
89800;;;VEV_6000;XIREC;0.0;4
89800;;;VEV_6500;XIREC;0.0;4
91100;;;VELVETFRUIT_EXTRACT;XIREC;5244.0;6
92000;;;VELVETFRUIT_EXTRACT;XIREC;5243.0;8
92100;;;HYDROGEL_PACK;XIREC;9955.0;4
92500;;;HYDROGEL_PACK;XIREC;9956.0;2
93700;;;VELVETFRUIT_EXTRACT;XIREC;5246.0;6
93800;;;VELVETFRUIT_EXTRACT;XIREC;5246.0;7
94400;;;HYDROGEL_PACK;XIREC;9974.0;4
97100;;;HYDROGEL_PACK;XIREC;9950.0;2
98600;;;HYDROGEL_PACK;XIREC;9962.0;2
99000;;;HYDROGEL_PACK;XIREC;9961.0;3
100500;;;VELVETFRUIT_EXTRACT;XIREC;5248.0;4
101400;;;HYDROGEL_PACK;XIREC;9936.0;5
101500;;;HYDROGEL_PACK;XIREC;9935.0;6
102500;;;VEV_4000;XIREC;1235.0;1
102800;;;VEV_4000;XIREC;1236.0;1
103100;;;HYDROGEL_PACK;XIREC;9952.0;4
103500;;;HYDROGEL_PACK;XIREC;9940.0;3
104400;;;VELVETFRUIT_EXTRACT;XIREC;5252.0;6
105800;;SUBMISSION;VEV_5400;XIREC;18.0;28
106000;;SUBMISSION;VEV_5400;XIREC;18.0;25
106200;;SUBMISSION;VEV_5400;XIREC;18.0;23
106300;;SUBMISSION;VEV_5300;XIREC;51.0;25
106300;;SUBMISSION;VEV_5400;XIREC;19.0;7
106300;;SUBMISSION;VEV_5400;XIREC;18.0;18
106400;;SUBMISSION;VEV_5400;XIREC;18.0;25
106500;;SUBMISSION;VEV_5300;XIREC;51.0;25
106500;;SUBMISSION;VEV_5400;XIREC;18.0;25
106600;;SUBMISSION;VEV_5400;XIREC;18.0;21
106700;;SUBMISSION;VEV_5400;XIREC;18.0;29
106800;;SUBMISSION;VEV_5300;XIREC;51.0;7
106800;;SUBMISSION;VEV_5300;XIREC;50.0;13
106800;;SUBMISSION;VEV_5400;XIREC;18.0;20
106900;;SUBMISSION;VEV_5400;XIREC;18.0;20
107000;;SUBMISSION;VEV_5400;XIREC;18.0;21
107100;;SUBMISSION;VEV_5300;XIREC;51.0;25
107100;;SUBMISSION;VEV_5400;XIREC;19.0;6
107100;;SUBMISSION;VEV_5400;XIREC;18.0;19
107100;;;HYDROGEL_PACK;XIREC;9952.0;5
107200;;SUBMISSION;VEV_5100;XIREC;176.0;35
107200;;SUBMISSION;VEV_5200;XIREC;104.0;35
107200;;SUBMISSION;VEV_5300;XIREC;52.0;24
107200;;SUBMISSION;VEV_5400;XIREC;19.0;13
107300;;SUBMISSION;VEV_5100;XIREC;176.0;23
107300;;SUBMISSION;VEV_5200;XIREC;104.0;23
107300;;SUBMISSION;VEV_5300;XIREC;52.0;26
107400;;SUBMISSION;VEV_5100;XIREC;176.0;19
107400;;SUBMISSION;VEV_5200;XIREC;104.0;19
107400;;SUBMISSION;VEV_5300;XIREC;52.0;21
107500;;SUBMISSION;VEV_5200;XIREC;104.0;26
107500;;SUBMISSION;VEV_5300;XIREC;52.0;8
107500;;SUBMISSION;VEV_5300;XIREC;51.0;13
107600;;SUBMISSION;VEV_5200;XIREC;103.0;23
107600;;SUBMISSION;VEV_5300;XIREC;51.0;23
107700;;SUBMISSION;VEV_5100;XIREC;176.0;25
107700;;SUBMISSION;VEV_5200;XIREC;104.0;25
107700;;SUBMISSION;VEV_5300;XIREC;52.0;19
107800;;SUBMISSION;VEV_5100;XIREC;177.0;11
107800;;SUBMISSION;VEV_5100;XIREC;176.0;22
107800;;SUBMISSION;VEV_5200;XIREC;104.0;33
107800;;SUBMISSION;VEV_5300;XIREC;52.0;17
107900;;SUBMISSION;VEV_5000;XIREC;266.0;9
107900;;SUBMISSION;VEV_5000;XIREC;265.0;18
107900;;SUBMISSION;VEV_5100;XIREC;177.0;27
107900;;SUBMISSION;VEV_5200;XIREC;105.0;27
107900;;SUBMISSION;VEV_5300;XIREC;52.0;20
107900;;;VELVETFRUIT_EXTRACT;XIREC;5267.0;3
108000;;SUBMISSION;VEV_5100;XIREC;176.0;23
108000;;SUBMISSION;VEV_5200;XIREC;104.0;23
108000;;SUBMISSION;VEV_5300;XIREC;52.0;21
108100;;SUBMISSION;VEV_5200;XIREC;104.0;10
108100;;SUBMISSION;VEV_5200;XIREC;103.0;24
108100;;SUBMISSION;VEV_5300;XIREC;52.0;5
108100;;SUBMISSION;VEV_5300;XIREC;51.0;8
108200;;SUBMISSION;VEV_5100;XIREC;177.0;6
108200;;SUBMISSION;VEV_5100;XIREC;176.0;15
108200;;SUBMISSION;VEV_5200;XIREC;105.0;6
108200;;SUBMISSION;VEV_5200;XIREC;104.0;15
108300;;SUBMISSION;VEV_5200;XIREC;104.0;10
108300;;SUBMISSION;VEV_5200;XIREC;103.0;1
108400;;SUBMISSION;VEV_4000;XIREC;1263.0;3
108400;;SUBMISSION;VEV_4000;XIREC;1253.0;15
108400;;SUBMISSION;VEV_4000;XIREC;1251.0;15
108400;;SUBMISSION;VEV_4500;XIREC;763.0;3
108400;;SUBMISSION;VEV_4500;XIREC;756.0;8
108400;;SUBMISSION;VEV_4500;XIREC;754.0;21
108400;;SUBMISSION;VEV_5000;XIREC;268.0;3
108400;;SUBMISSION;VEV_5000;XIREC;266.0;8
108400;;SUBMISSION;VEV_5000;XIREC;265.0;21
108400;;SUBMISSION;VEV_5100;XIREC;179.0;3
108400;;SUBMISSION;VEV_5100;XIREC;177.0;29
108500;;SUBMISSION;VELVETFRUIT_EXTRACT;XIREC;5262.0;50
108500;;SUBMISSION;VEV_4000;XIREC;1254.0;8
108500;;SUBMISSION;VEV_4000;XIREC;1252.0;25
108500;;SUBMISSION;VEV_4500;XIREC;757.0;12
108500;;SUBMISSION;VEV_4500;XIREC;755.0;21
108500;;SUBMISSION;VEV_5000;XIREC;266.0;33
108500;;SUBMISSION;VEV_5100;XIREC;178.0;12
108500;;SUBMISSION;VEV_5100;XIREC;177.0;21
108600;;SUBMISSION;VELVETFRUIT_EXTRACT;XIREC;5262.0;22
108600;;SUBMISSION;VELVETFRUIT_EXTRACT;XIREC;5261.0;28
108600;;SUBMISSION;VEV_4000;XIREC;1254.0;10
108600;;SUBMISSION;VEV_4000;XIREC;1251.0;28
108600;;SUBMISSION;VEV_4500;XIREC;756.0;8
108600;;SUBMISSION;VEV_4500;XIREC;754.0;18
108600;;SUBMISSION;VEV_5000;XIREC;266.0;8
108600;;SUBMISSION;VEV_5000;XIREC;265.0;18
108600;;SUBMISSION;VEV_5100;XIREC;178.0;8
108600;;SUBMISSION;VEV_5100;XIREC;177.0;18
108700;;SUBMISSION;VELVETFRUIT_EXTRACT;XIREC;5262.0;17
108700;;SUBMISSION;VELVETFRUIT_EXTRACT;XIREC;5261.0;33
108700;;SUBMISSION;VEV_4000;XIREC;1254.0;7
108700;;SUBMISSION;VEV_4000;XIREC;1251.0;19
108700;;SUBMISSION;VEV_4500;XIREC;756.0;7
108700;;SUBMISSION;VEV_4500;XIREC;754.0;21
108700;;SUBMISSION;VEV_5000;XIREC;266.0;7
108700;;SUBMISSION;VEV_5000;XIREC;265.0;21
108700;;SUBMISSION;VEV_5100;XIREC;178.0;3
108800;;SUBMISSION;VELVETFRUIT_EXTRACT;XIREC;5264.0;25
108800;;SUBMISSION;VELVETFRUIT_EXTRACT;XIREC;5263.0;25
108800;;SUBMISSION;VEV_4000;XIREC;1256.0;11
108800;;SUBMISSION;VEV_4000;XIREC;1253.0;16
108800;;SUBMISSION;VEV_4500;XIREC;758.0;12
108800;;SUBMISSION;VEV_4500;XIREC;756.0;16
108800;;SUBMISSION;VEV_5000;XIREC;268.0;12
108800;;SUBMISSION;VEV_5000;XIREC;267.0;16
108900;;SUBMISSION;VELVETFRUIT_EXTRACT;XIREC;5264.0;18
108900;;SUBMISSION;VELVETFRUIT_EXTRACT;XIREC;5263.0;31
108900;;SUBMISSION;VEV_4000;XIREC;1256.0;7
108900;;SUBMISSION;VEV_4000;XIREC;1253.0;20
108900;;SUBMISSION;VEV_4500;XIREC;758.0;8
108900;;SUBMISSION;VEV_4500;XIREC;756.0;12
108900;;SUBMISSION;VEV_5000;XIREC;268.0;8
108900;;SUBMISSION;VEV_5000;XIREC;267.0;12
109000;;SUBMISSION;VELVETFRUIT_EXTRACT;XIREC;5264.0;23
109000;;SUBMISSION;VELVETFRUIT_EXTRACT;XIREC;5263.0;27
109000;;SUBMISSION;VEV_4000;XIREC;1256.0;15
109000;;SUBMISSION;VEV_4000;XIREC;1253.0;29
109000;;SUBMISSION;VEV_4500;XIREC;758.0;11
109000;;SUBMISSION;VEV_4500;XIREC;756.0;16
109000;;SUBMISSION;VEV_5000;XIREC;268.0;11
109000;;SUBMISSION;VEV_5000;XIREC;267.0;16
109000;;;VELVETFRUIT_EXTRACT;XIREC;5265.0;12
109100;;SUBMISSION;VELVETFRUIT_EXTRACT;XIREC;5264.0;50
109100;;SUBMISSION;VEV_4000;XIREC;1256.0;11
109100;;SUBMISSION;VEV_4000;XIREC;1254.0;22
109100;;SUBMISSION;VEV_4500;XIREC;759.0;7
109100;;SUBMISSION;VEV_4500;XIREC;757.0;15
109100;;SUBMISSION;VEV_5000;XIREC;268.0;22
109100;;;HYDROGEL_PACK;XIREC;9957.0;2
109200;;SUBMISSION;VELVETFRUIT_EXTRACT;XIREC;5263.0;23
109200;;SUBMISSION;VELVETFRUIT_EXTRACT;XIREC;5262.0;27
109200;;SUBMISSION;VEV_4000;XIREC;1255.0;7
109200;;SUBMISSION;VEV_4000;XIREC;1252.0;21
109200;;SUBMISSION;VEV_4500;XIREC;757.0;12
109200;;SUBMISSION;VEV_4500;XIREC;755.0;20
109200;;SUBMISSION;VEV_5000;XIREC;267.0;12
109200;;SUBMISSION;VEV_5000;XIREC;266.0;20
109300;;SUBMISSION;VELVETFRUIT_EXTRACT;XIREC;5264.0;1
109300;;SUBMISSION;VEV_4000;XIREC;1256.0;12
109300;;SUBMISSION;VEV_4000;XIREC;1254.0;26
109300;;SUBMISSION;VEV_4500;XIREC;759.0;11
109300;;SUBMISSION;VEV_4500;XIREC;757.0;12
109300;;SUBMISSION;VEV_5000;XIREC;268.0;23
109400;;SUBMISSION;VEV_4000;XIREC;1258.0;8
109400;;SUBMISSION;VEV_4000;XIREC;1256.0;22
109400;;SUBMISSION;VEV_4500;XIREC;761.0;6
109400;;SUBMISSION;VEV_4500;XIREC;759.0;15
109400;;SUBMISSION;VEV_5000;XIREC;270.0;6
109400;;SUBMISSION;VEV_5000;XIREC;269.0;15
109500;;SUBMISSION;VEV_4000;XIREC;1258.0;11
109500;;SUBMISSION;VEV_4000;XIREC;1255.0;28
109500;;SUBMISSION;VEV_4500;XIREC;760.0;12
109500;;SUBMISSION;VEV_4500;XIREC;759.0;18
109500;;SUBMISSION;VEV_5000;XIREC;270.0;12
109500;;SUBMISSION;VEV_5000;XIREC;269.0;18
109600;;SUBMISSION;VEV_4000;XIREC;1259.0;8
109600;;SUBMISSION;VEV_4000;XIREC;1257.0;16
109600;;SUBMISSION;VEV_4500;XIREC;762.0;10
109600;;SUBMISSION;VEV_4500;XIREC;760.0;20
109600;;SUBMISSION;VEV_5000;XIREC;271.0;30
109700;;SUBMISSION;VEV_4000;XIREC;1260.0;8
109700;;SUBMISSION;VEV_4000;XIREC;1257.0;19
109700;;SUBMISSION;VEV_4500;XIREC;762.0;12
109700;;SUBMISSION;VEV_4500;XIREC;760.0;22
109700;;SUBMISSION;VEV_5000;XIREC;272.0;12
109700;;SUBMISSION;VEV_5000;XIREC;271.0;22
109800;;SUBMISSION;VEV_4000;XIREC;1261.0;9
109800;;SUBMISSION;VEV_4000;XIREC;1258.0;20
109800;;SUBMISSION;VEV_4500;XIREC;763.0;8
109800;;SUBMISSION;VEV_4500;XIREC;761.0;15
109800;;SUBMISSION;VEV_5000;XIREC;272.0;23
109900;;SUBMISSION;VEV_4000;XIREC;1259.0;11
109900;;SUBMISSION;VEV_4000;XIREC;1257.0;24
109900;;SUBMISSION;VEV_4500;XIREC;762.0;10
109900;;SUBMISSION;VEV_4500;XIREC;760.0;22
109900;;SUBMISSION;VEV_5000;XIREC;271.0;32
110000;;SUBMISSION;VEV_4000;XIREC;1259.0;8
110000;;SUBMISSION;VEV_4000;XIREC;1257.0;22
110000;;SUBMISSION;VEV_4500;XIREC;762.0;10
110000;;SUBMISSION;VEV_4500;XIREC;760.0;12
110000;;SUBMISSION;VEV_5000;XIREC;271.0;10
110000;;SUBMISSION;VEV_5000;XIREC;270.0;12
110100;;SUBMISSION;VEV_4000;XIREC;1257.0;13
110100;;SUBMISSION;VEV_4000;XIREC;1255.0;27
110100;;SUBMISSION;VEV_4500;XIREC;760.0;11
110100;;SUBMISSION;VEV_4500;XIREC;758.0;22
110100;;SUBMISSION;VEV_5000;XIREC;269.0;33
110100;;;VELVETFRUIT_EXTRACT;XIREC;5265.0;4
110200;;SUBMISSION;VEV_4000;XIREC;1257.0;9
110200;;SUBMISSION;VEV_4000;XIREC;1254.0;10
110200;;SUBMISSION;VEV_4500;XIREC;759.0;10
110200;;SUBMISSION;VEV_4500;XIREC;757.0;17
110200;;SUBMISSION;VEV_5000;XIREC;269.0;10
110200;;SUBMISSION;VEV_5000;XIREC;268.0;17
110300;;SUBMISSION;VEV_4500;XIREC;759.0;10
110300;;SUBMISSION;VEV_4500;XIREC;757.0;21
110300;;SUBMISSION;VEV_5000;XIREC;269.0;10
110300;;SUBMISSION;VEV_5000;XIREC;268.0;21
110400;;SUBMISSION;VEV_4500;XIREC;760.0;7
110400;;SUBMISSION;VEV_4500;XIREC;758.0;14
110400;;SUBMISSION;VEV_5000;XIREC;269.0;19
110500;;SUBMISSION;VEV_4500;XIREC;759.0;11
110500;;SUBMISSION;VEV_4500;XIREC;757.0;14
112000;;;VELVETFRUIT_EXTRACT;XIREC;5260.0;3
112700;;;HYDROGEL_PACK;XIREC;9948.0;2
113900;;;HYDROGEL_PACK;XIREC;9956.0;2
115500;;;HYDROGEL_PACK;XIREC;9937.0;3
118800;;;VELVETFRUIT_EXTRACT;XIREC;5257.0;3
119400;;;HYDROGEL_PACK;XIREC;9962.0;3
120300;;;VEV_5400;XIREC;18.0;4
120300;;;VEV_5500;XIREC;8.0;4
120300;;;VEV_6000;XIREC;0.0;4
120300;;;VEV_6500;XIREC;0.0;4
120700;;;HYDROGEL_PACK;XIREC;9958.0;2
123300;;;VELVETFRUIT_EXTRACT;XIREC;5262.0;7
125600;;;VELVETFRUIT_EXTRACT;XIREC;5265.0;3
126000;;;HYDROGEL_PACK;XIREC;9953.0;4
127200;;;VEV_5500;XIREC;8.0;3
127200;;;VEV_6000;XIREC;0.0;3
127200;;;VEV_6500;XIREC;0.0;3
129100;;;VEV_4000;XIREC;1275.0;3
129500;;;HYDROGEL_PACK;XIREC;9967.0;6
129800;;;HYDROGEL_PACK;XIREC;9951.0;4
130800;;;HYDROGEL_PACK;XIREC;9946.0;5
131300;;;VELVETFRUIT_EXTRACT;XIREC;5265.0;5
131800;;;VELVETFRUIT_EXTRACT;XIREC;5261.0;5
132600;;;VELVETFRUIT_EXTRACT;XIREC;5263.0;10
133100;;;VEV_4000;XIREC;1253.0;3
133700;;;HYDROGEL_PACK;XIREC;9948.0;4
134000;;;VELVETFRUIT_EXTRACT;XIREC;5264.0;8
134500;;;HYDROGEL_PACK;XIREC;9944.0;6
135200;;;VELVETFRUIT_EXTRACT;XIREC;5264.0;8
135500;;;VELVETFRUIT_EXTRACT;XIREC;5257.0;7
135900;;;VEV_5300;XIREC;52.0;3
135900;;;VEV_5400;XIREC;19.0;3
135900;;;VEV_5500;XIREC;8.0;3
135900;;;VEV_6000;XIREC;0.0;3
135900;;;VEV_6500;XIREC;0.0;3
137000;;;VEV_4000;XIREC;1252.0;3
137300;;;VEV_4000;XIREC;1251.0;3
137600;;;VEV_4000;XIREC;1269.0;3
137800;;;HYDROGEL_PACK;XIREC;9942.0;3
138000;;;VELVETFRUIT_EXTRACT;XIREC;5254.0;7
138100;;;HYDROGEL_PACK;XIREC;9959.0;2
139700;;;VELVETFRUIT_EXTRACT;XIREC;5257.0;8
140000;;;VELVETFRUIT_EXTRACT;XIREC;5261.0;5
140100;;;VELVETFRUIT_EXTRACT;XIREC;5260.0;4
141000;;;VELVETFRUIT_EXTRACT;XIREC;5260.0;4
142000;;;VELVETFRUIT_EXTRACT;XIREC;5262.0;6
144500;;;VELVETFRUIT_EXTRACT;XIREC;5258.0;5
145500;;;VEV_5400;XIREC;19.0;2
145500;;;VEV_5500;XIREC;8.0;2
145500;;;VEV_6000;XIREC;0.0;2
145500;;;VEV_6500;XIREC;0.0;2
145600;;;HYDROGEL_PACK;XIREC;9962.0;5
146500;;;HYDROGEL_PACK;XIREC;9963.0;6
146700;;;VELVETFRUIT_EXTRACT;XIREC;5260.0;7
147900;;;VEV_4000;XIREC;1256.0;1
148000;;;HYDROGEL_PACK;XIREC;9972.0;3
148300;;;VELVETFRUIT_EXTRACT;XIREC;5265.0;4
150600;;;VEV_5300;XIREC;53.0;2
150600;;;VEV_5400;XIREC;20.0;2
150600;;;VEV_5500;XIREC;8.0;2
150600;;;VEV_6000;XIREC;0.0;2
150600;;;VEV_6500;XIREC;0.0;2
150700;;;VELVETFRUIT_EXTRACT;XIREC;5268.0;7
151100;;;HYDROGEL_PACK;XIREC;9945.0;4
151200;;;HYDROGEL_PACK;XIREC;9944.0;6
151400;;;VELVETFRUIT_EXTRACT;XIREC;5261.0;7
152700;;;HYDROGEL_PACK;XIREC;9944.0;5
153000;;;VEV_5400;XIREC;18.0;4
153000;;;VEV_5500;XIREC;7.0;4
153000;;;VEV_6000;XIREC;0.0;4
153000;;;VEV_6500;XIREC;0.0;4
154100;;;VEV_4000;XIREC;1242.0;3
155900;;;HYDROGEL_PACK;XIREC;9966.0;4
156200;;;VEV_4000;XIREC;1237.0;1
156400;;;HYDROGEL_PACK;XIREC;9949.0;6
159900;;;HYDROGEL_PACK;XIREC;9961.0;3
161200;;;HYDROGEL_PACK;XIREC;9956.0;6
163300;;;VELVETFRUIT_EXTRACT;XIREC;5254.0;10
164000;;;VELVETFRUIT_EXTRACT;XIREC;5251.0;5
164300;;;HYDROGEL_PACK;XIREC;9973.0;5
165500;;;VELVETFRUIT_EXTRACT;XIREC;5250.0;4
167300;;;HYDROGEL_PACK;XIREC;9957.0;3
167600;;;VELVETFRUIT_EXTRACT;XIREC;5249.0;6
167600;;;VEV_4000;XIREC;1242.0;2
168400;;;VELVETFRUIT_EXTRACT;XIREC;5248.0;3
168500;;;VEV_4000;XIREC;1261.0;2
168700;;;VEV_4000;XIREC;1260.0;1
170400;;;VEV_5400;XIREC;17.0;5
170400;;;VEV_5500;XIREC;7.0;5
170400;;;VEV_6000;XIREC;0.0;5
170400;;;VEV_6500;XIREC;0.0;5
170500;;;VEV_5300;XIREC;46.0;3
170500;;;VEV_5500;XIREC;7.0;3
170500;;;VEV_6000;XIREC;0.0;3
170500;;;VEV_6500;XIREC;0.0;3
170900;;;VEV_4000;XIREC;1260.0;3
171400;;;HYDROGEL_PACK;XIREC;9992.0;6
171700;;;VELVETFRUIT_EXTRACT;XIREC;5248.0;7
172400;;;VEV_4000;XIREC;1238.0;1
172500;;;VEV_5300;XIREC;46.0;5
172500;;;VEV_5400;XIREC;17.0;5
172500;;;VEV_5500;XIREC;7.0;5
172500;;;VEV_6000;XIREC;0.0;5
172500;;;VEV_6500;XIREC;0.0;5
174200;;;HYDROGEL_PACK;XIREC;9988.0;5
174400;;;HYDROGEL_PACK;XIREC;9991.0;6
178000;;;HYDROGEL_PACK;XIREC;9988.0;3
179200;;;VELVETFRUIT_EXTRACT;XIREC;5243.0;4
180100;;;VELVETFRUIT_EXTRACT;XIREC;5248.0;3
181300;;SUBMISSION;HYDROGEL_PACK;XIREC;10000.0;13
182100;;;HYDROGEL_PACK;XIREC;10012.0;3
182800;;;HYDROGEL_PACK;XIREC;10010.0;5
184200;;;VEV_4000;XIREC;1251.0;3
185400;;SUBMISSION;HYDROGEL_PACK;XIREC;10017.0;2
185500;;SUBMISSION;HYDROGEL_PACK;XIREC;10018.0;3
185600;;SUBMISSION;HYDROGEL_PACK;XIREC;10023.0;10
185700;;SUBMISSION;HYDROGEL_PACK;XIREC;10023.0;10
185800;;SUBMISSION;HYDROGEL_PACK;XIREC;10024.0;11
185800;;SUBMISSION;HYDROGEL_PACK;XIREC;10039.0;4
185900;;SUBMISSION;HYDROGEL_PACK;XIREC;10024.0;11
186000;;SUBMISSION;HYDROGEL_PACK;XIREC;10023.0;10
186100;;SUBMISSION;HYDROGEL_PACK;XIREC;10022.0;8
186200;;SUBMISSION;HYDROGEL_PACK;XIREC;10017.0;3
186400;;SUBMISSION;HYDROGEL_PACK;XIREC;10017.0;2
186500;;SUBMISSION;HYDROGEL_PACK;XIREC;10021.0;7
186600;;SUBMISSION;HYDROGEL_PACK;XIREC;10020.0;6
186700;;SUBMISSION;HYDROGEL_PACK;XIREC;10022.0;9
186800;;SUBMISSION;HYDROGEL_PACK;XIREC;10020.0;6
186900;;SUBMISSION;HYDROGEL_PACK;XIREC;10020.0;6
187000;;SUBMISSION;HYDROGEL_PACK;XIREC;10022.0;9
187100;;SUBMISSION;HYDROGEL_PACK;XIREC;10021.0;7
187200;;SUBMISSION;HYDROGEL_PACK;XIREC;10022.0;9
187300;;SUBMISSION;HYDROGEL_PACK;XIREC;10022.0;9
187400;;SUBMISSION;HYDROGEL_PACK;XIREC;10019.0;5
187400;;;VELVETFRUIT_EXTRACT;XIREC;5235.0;8
187500;;SUBMISSION;HYDROGEL_PACK;XIREC;10018.0;4
187600;;SUBMISSION;HYDROGEL_PACK;XIREC;10016.0;1
187600;;;VELVETFRUIT_EXTRACT;XIREC;5235.0;5
187700;;SUBMISSION;HYDROGEL_PACK;XIREC;10017.0;2
187800;;SUBMISSION;HYDROGEL_PACK;XIREC;10018.0;4
187900;;SUBMISSION;HYDROGEL_PACK;XIREC;10017.0;3
188000;;SUBMISSION;HYDROGEL_PACK;XIREC;10018.0;4
188100;;SUBMISSION;HYDROGEL_PACK;XIREC;10021.0;8
188200;;SUBMISSION;HYDROGEL_PACK;XIREC;10022.0;10
188300;;SUBMISSION;HYDROGEL_PACK;XIREC;10020.0;7
188400;;SUBMISSION;HYDROGEL_PACK;XIREC;10021.0;8
188400;;;HYDROGEL_PACK;XIREC;10021.0;4
188500;;SUBMISSION;HYDROGEL_PACK;XIREC;10021.0;8
188600;;SUBMISSION;HYDROGEL_PACK;XIREC;10022.0;9
188700;;SUBMISSION;HYDROGEL_PACK;XIREC;10023.0;10
188800;;SUBMISSION;HYDROGEL_PACK;XIREC;10021.0;8
188800;;;VELVETFRUIT_EXTRACT;XIREC;5232.0;6
188900;;SUBMISSION;HYDROGEL_PACK;XIREC;10018.0;4
189000;;SUBMISSION;HYDROGEL_PACK;XIREC;10019.0;5
189100;;SUBMISSION;HYDROGEL_PACK;XIREC;10020.0;7
189200;;SUBMISSION;HYDROGEL_PACK;XIREC;10022.0;9
189300;;SUBMISSION;HYDROGEL_PACK;XIREC;10025.0;13
189400;;SUBMISSION;HYDROGEL_PACK;XIREC;10026.0;14
189500;;SUBMISSION;HYDROGEL_PACK;XIREC;10023.0;11
189600;;SUBMISSION;HYDROGEL_PACK;XIREC;10026.0;7
190100;;;VEV_5300;XIREC;42.0;3
190100;;;VEV_5400;XIREC;15.0;3
190100;;;VEV_5500;XIREC;6.0;3
190100;;;VEV_6000;XIREC;0.0;3
190100;;;VEV_6500;XIREC;0.0;3
190600;;;VELVETFRUIT_EXTRACT;XIREC;5234.0;6
190700;;;VELVETFRUIT_EXTRACT;XIREC;5239.0;3
191100;;;VELVETFRUIT_EXTRACT;XIREC;5237.0;8
192600;;;VELVETFRUIT_EXTRACT;XIREC;5231.0;3
192800;;;HYDROGEL_PACK;XIREC;10007.0;5
193400;;SUBMISSION;HYDROGEL_PACK;XIREC;10025.0;4
194200;;;VEV_4000;XIREC;1247.0;2
194400;;;VELVETFRUIT_EXTRACT;XIREC;5234.0;5
195200;;;VELVETFRUIT_EXTRACT;XIREC;5236.0;3
195600;;;VEV_5300;XIREC;41.0;3
195600;;;VEV_5400;XIREC;14.0;3
195600;;;VEV_5500;XIREC;6.0;3
195600;;;VEV_6000;XIREC;0.0;3
195600;;;VEV_6500;XIREC;0.0;3
196100;;;VELVETFRUIT_EXTRACT;XIREC;5236.0;5
196700;;;VEV_4000;XIREC;1225.0;1
197600;;;VELVETFRUIT_EXTRACT;XIREC;5237.0;9
198900;;;VELVETFRUIT_EXTRACT;XIREC;5243.0;5
199200;;;VELVETFRUIT_EXTRACT;XIREC;5243.0;5
199400;;SUBMISSION;HYDROGEL_PACK;XIREC;10028.0;3
202300;;;VEV_4000;XIREC;1252.0;3
202700;;SUBMISSION;HYDROGEL_PACK;XIREC;10032.0;5
203200;;;HYDROGEL_PACK;XIREC;10014.0;6
203700;;;VELVETFRUIT_EXTRACT;XIREC;5241.0;3
206200;;;VEV_5400;XIREC;16.0;3
206200;;;VEV_6000;XIREC;0.0;3
206200;;;VEV_6500;XIREC;0.0;3
206600;;;VEV_4000;XIREC;1255.0;1
206800;;;VELVETFRUIT_EXTRACT;XIREC;5241.0;6
207600;;;VELVETFRUIT_EXTRACT;XIREC;5251.0;4
210300;;;VELVETFRUIT_EXTRACT;XIREC;5250.0;5
210600;SUBMISSION;;HYDROGEL_PACK;XIREC;9991.0;5
211100;SUBMISSION;;HYDROGEL_PACK;XIREC;9997.0;6
213700;;;VELVETFRUIT_EXTRACT;XIREC;5259.0;5
213800;SUBMISSION;;HYDROGEL_PACK;XIREC;9996.0;1
214200;SUBMISSION;;HYDROGEL_PACK;XIREC;9996.0;1
214300;SUBMISSION;;HYDROGEL_PACK;XIREC;9995.0;3
214400;SUBMISSION;;HYDROGEL_PACK;XIREC;9994.0;5
214400;;;VELVETFRUIT_EXTRACT;XIREC;5250.0;3
214500;SUBMISSION;;HYDROGEL_PACK;XIREC;9991.0;10
214600;SUBMISSION;;HYDROGEL_PACK;XIREC;9989.0;15
214700;SUBMISSION;;HYDROGEL_PACK;XIREC;9992.0;9
214800;SUBMISSION;;HYDROGEL_PACK;XIREC;9991.0;11
214900;SUBMISSION;;HYDROGEL_PACK;XIREC;9990.0;13
215000;SUBMISSION;;HYDROGEL_PACK;XIREC;9992.0;9
215000;;;VELVETFRUIT_EXTRACT;XIREC;5249.0;4
215100;SUBMISSION;;HYDROGEL_PACK;XIREC;9994.0;5
215200;SUBMISSION;;HYDROGEL_PACK;XIREC;9994.0;5
215300;SUBMISSION;;HYDROGEL_PACK;XIREC;9994.0;5
215400;SUBMISSION;;HYDROGEL_PACK;XIREC;9992.0;9
215500;SUBMISSION;;HYDROGEL_PACK;XIREC;9994.0;5
215600;SUBMISSION;;HYDROGEL_PACK;XIREC;9995.0;3
215700;SUBMISSION;;HYDROGEL_PACK;XIREC;9995.0;3
215800;SUBMISSION;;HYDROGEL_PACK;XIREC;9995.0;4
216000;;;VEV_4000;XIREC;1263.0;1
217100;;;VELVETFRUIT_EXTRACT;XIREC;5257.0;4
217500;;SUBMISSION;HYDROGEL_PACK;XIREC;10010.0;4
217800;;;VEV_4000;XIREC;1263.0;1
218500;;SUBMISSION;HYDROGEL_PACK;XIREC;10016.0;5
218900;;SUBMISSION;HYDROGEL_PACK;XIREC;10013.0;3
218900;;;VELVETFRUIT_EXTRACT;XIREC;5249.0;8
221200;;SUBMISSION;HYDROGEL_PACK;XIREC;10010.0;5
221800;;;VELVETFRUIT_EXTRACT;XIREC;5241.0;7
222900;;;VEV_4000;XIREC;1236.0;3
223300;;;VEV_4000;XIREC;1257.0;2
223500;SUBMISSION;;HYDROGEL_PACK;XIREC;9998.0;2
223600;SUBMISSION;;HYDROGEL_PACK;XIREC;9994.0;12
223700;SUBMISSION;;HYDROGEL_PACK;XIREC;9992.0;14
223700;SUBMISSION;;HYDROGEL_PACK;XIREC;9995.0;3
223800;SUBMISSION;;HYDROGEL_PACK;XIREC;9994.0;10
223800;SUBMISSION;;HYDROGEL_PACK;XIREC;9997.0;2
223900;SUBMISSION;;HYDROGEL_PACK;XIREC;9996.0;7
224000;SUBMISSION;;HYDROGEL_PACK;XIREC;9997.0;5
224100;SUBMISSION;;HYDROGEL_PACK;XIREC;9994.0;12
224100;;;VEV_4000;XIREC;1258.0;2
224200;SUBMISSION;;HYDROGEL_PACK;XIREC;9996.0;7
224300;SUBMISSION;;HYDROGEL_PACK;XIREC;9994.0;12
224400;SUBMISSION;;HYDROGEL_PACK;XIREC;9994.0;12
224500;SUBMISSION;;HYDROGEL_PACK;XIREC;9994.0;12
224600;SUBMISSION;;HYDROGEL_PACK;XIREC;9993.0;10
224600;SUBMISSION;;HYDROGEL_PACK;XIREC;9996.0;4
224700;SUBMISSION;;HYDROGEL_PACK;XIREC;9993.0;10
224700;SUBMISSION;;HYDROGEL_PACK;XIREC;9995.0;2
224800;SUBMISSION;;HYDROGEL_PACK;XIREC;9992.0;3
224900;SUBMISSION;;HYDROGEL_PACK;XIREC;9990.0;6
225000;SUBMISSION;;HYDROGEL_PACK;XIREC;9989.0;3
225100;;;VELVETFRUIT_EXTRACT;XIREC;5254.0;5
225500;SUBMISSION;;HYDROGEL_PACK;XIREC;9988.0;3
225800;SUBMISSION;;HYDROGEL_PACK;XIREC;9987.0;2
226100;SUBMISSION;;HYDROGEL_PACK;XIREC;9975.0;5
229100;;;VEV_4000;XIREC;1258.0;1
230000;;;HYDROGEL_PACK;XIREC;9998.0;4
230800;;SUBMISSION;HYDROGEL_PACK;XIREC;10006.0;3
235000;;SUBMISSION;HYDROGEL_PACK;XIREC;10006.0;4
235100;;SUBMISSION;HYDROGEL_PACK;XIREC;10005.0;1
235300;;;VEV_5400;XIREC;16.0;3
235300;;;VEV_5500;XIREC;7.0;3
235300;;;VEV_6000;XIREC;0.0;3
235300;;;VEV_6500;XIREC;0.0;3
235900;SUBMISSION;;HYDROGEL_PACK;XIREC;9999.0;3
236400;;SUBMISSION;HYDROGEL_PACK;XIREC;10005.0;2
236600;;SUBMISSION;HYDROGEL_PACK;XIREC;10008.0;10
236700;;SUBMISSION;HYDROGEL_PACK;XIREC;10010.0;11
236700;;SUBMISSION;HYDROGEL_PACK;XIREC;10008.0;4
236800;;SUBMISSION;HYDROGEL_PACK;XIREC;10007.0;7
236900;;SUBMISSION;HYDROGEL_PACK;XIREC;10006.0;5
237000;;SUBMISSION;HYDROGEL_PACK;XIREC;10009.0;13
237100;;SUBMISSION;HYDROGEL_PACK;XIREC;10011.0;11
237100;;SUBMISSION;HYDROGEL_PACK;XIREC;10008.0;7
237200;;SUBMISSION;HYDROGEL_PACK;XIREC;10011.0;12
237200;;SUBMISSION;HYDROGEL_PACK;XIREC;10009.0;6
237300;;SUBMISSION;HYDROGEL_PACK;XIREC;10011.0;10
237300;;SUBMISSION;HYDROGEL_PACK;XIREC;10008.0;8
237400;;SUBMISSION;HYDROGEL_PACK;XIREC;10009.0;12
237500;;SUBMISSION;HYDROGEL_PACK;XIREC;10010.0;10
237500;;SUBMISSION;HYDROGEL_PACK;XIREC;10008.0;5
237600;;SUBMISSION;HYDROGEL_PACK;XIREC;10012.0;13
237600;;SUBMISSION;HYDROGEL_PACK;XIREC;10010.0;7
237700;;SUBMISSION;HYDROGEL_PACK;XIREC;10010.0;15
237800;;SUBMISSION;HYDROGEL_PACK;XIREC;10011.0;14
237800;;SUBMISSION;HYDROGEL_PACK;XIREC;10008.0;4
237900;;SUBMISSION;HYDROGEL_PACK;XIREC;10011.0;10
237900;;SUBMISSION;HYDROGEL_PACK;XIREC;10008.0;8
237900;;;VELVETFRUIT_EXTRACT;XIREC;5254.0;6
238000;;SUBMISSION;HYDROGEL_PACK;XIREC;10011.0;14
238000;;SUBMISSION;HYDROGEL_PACK;XIREC;10009.0;4
238100;;SUBMISSION;HYDROGEL_PACK;XIREC;10010.0;12
238100;;SUBMISSION;HYDROGEL_PACK;XIREC;10007.0;3
238200;;SUBMISSION;HYDROGEL_PACK;XIREC;10009.0;12
238200;;SUBMISSION;HYDROGEL_PACK;XIREC;10024.0;2
239400;;;VELVETFRUIT_EXTRACT;XIREC;5251.0;6
239500;;SUBMISSION;HYDROGEL_PACK;XIREC;10010.0;1
239600;;;HYDROGEL_PACK;XIREC;10006.0;4
239600;;;VELVETFRUIT_EXTRACT;XIREC;5255.0;5
239700;;SUBMISSION;HYDROGEL_PACK;XIREC;10020.0;6
240200;;;VELVETFRUIT_EXTRACT;XIREC;5258.0;3
240500;;SUBMISSION;HYDROGEL_PACK;XIREC;10014.0;8
240600;;;HYDROGEL_PACK;XIREC;10013.0;3
240700;;SUBMISSION;HYDROGEL_PACK;XIREC;10015.0;3
240800;;SUBMISSION;HYDROGEL_PACK;XIREC;10015.0;1
241900;;;HYDROGEL_PACK;XIREC;10005.0;2
242900;;;VELVETFRUIT_EXTRACT;XIREC;5254.0;5
245600;;;VELVETFRUIT_EXTRACT;XIREC;5256.0;6
248200;;SUBMISSION;HYDROGEL_PACK;XIREC;10024.0;5
248300;;;VELVETFRUIT_EXTRACT;XIREC;5257.0;5
250500;;;VELVETFRUIT_EXTRACT;XIREC;5260.0;4
250600;;;VEV_4000;XIREC;1252.0;2
251200;;;VELVETFRUIT_EXTRACT;XIREC;5262.0;8
251600;;;VEV_4000;XIREC;1275.0;3
251900;;;VELVETFRUIT_EXTRACT;XIREC;5263.0;14
252400;;;VELVETFRUIT_EXTRACT;XIREC;5267.0;6
252500;SUBMISSION;;HYDROGEL_PACK;XIREC;9989.0;3
252500;;;VEV_5300;XIREC;53.0;2
252500;;;VEV_5400;XIREC;19.0;2
252500;;;VEV_5500;XIREC;8.0;2
252500;;;VEV_6000;XIREC;0.0;2
252500;;;VEV_6500;XIREC;0.0;2
253100;SUBMISSION;;HYDROGEL_PACK;XIREC;10001.0;1
253900;SUBMISSION;;HYDROGEL_PACK;XIREC;10001.0;2
253900;;;VELVETFRUIT_EXTRACT;XIREC;5266.0;3
254200;SUBMISSION;;HYDROGEL_PACK;XIREC;10001.0;2
254300;SUBMISSION;;HYDROGEL_PACK;XIREC;10001.0;2
254400;SUBMISSION;;HYDROGEL_PACK;XIREC;9998.0;12
254500;SUBMISSION;;HYDROGEL_PACK;XIREC;10000.0;5
254600;SUBMISSION;;HYDROGEL_PACK;XIREC;9999.0;8
254700;SUBMISSION;;HYDROGEL_PACK;XIREC;9997.0;4
254700;;;HYDROGEL_PACK;XIREC;9997.0;5
254800;SUBMISSION;;HYDROGEL_PACK;XIREC;9997.0;11
254800;SUBMISSION;;HYDROGEL_PACK;XIREC;9999.0;4
254900;SUBMISSION;;HYDROGEL_PACK;XIREC;9997.0;15
255000;SUBMISSION;;HYDROGEL_PACK;XIREC;9996.0;13
255000;SUBMISSION;;HYDROGEL_PACK;XIREC;9998.0;5
255000;SUBMISSION;;HYDROGEL_PACK;XIREC;9981.0;4
255100;SUBMISSION;;HYDROGEL_PACK;XIREC;9995.0;11
255100;SUBMISSION;;HYDROGEL_PACK;XIREC;9998.0;9
255200;SUBMISSION;;HYDROGEL_PACK;XIREC;9993.0;12
255200;SUBMISSION;;HYDROGEL_PACK;XIREC;9996.0;15
255300;SUBMISSION;;HYDROGEL_PACK;XIREC;9989.0;13
255300;SUBMISSION;;HYDROGEL_PACK;XIREC;9991.0;20
255300;SUBMISSION;;HYDROGEL_PACK;XIREC;9974.0;2
255400;SUBMISSION;;HYDROGEL_PACK;XIREC;9989.0;14
255400;SUBMISSION;;HYDROGEL_PACK;XIREC;9991.0;26
255400;SUBMISSION;;HYDROGEL_PACK;XIREC;9974.0;3
255500;SUBMISSION;;HYDROGEL_PACK;XIREC;9986.0;13
255500;SUBMISSION;;HYDROGEL_PACK;XIREC;9989.0;23
255600;SUBMISSION;;HYDROGEL_PACK;XIREC;9985.0;14
255600;SUBMISSION;;HYDROGEL_PACK;XIREC;9988.0;21
255700;SUBMISSION;;HYDROGEL_PACK;XIREC;9987.0;9
255800;SUBMISSION;;HYDROGEL_PACK;XIREC;9983.0;7
258400;;;VELVETFRUIT_EXTRACT;XIREC;5257.0;8
262200;;;VELVETFRUIT_EXTRACT;XIREC;5250.0;4
262300;;SUBMISSION;HYDROGEL_PACK;XIREC;10004.0;4
262800;;SUBMISSION;HYDROGEL_PACK;XIREC;10007.0;2
263100;;;VEV_4000;XIREC;1268.0;3
263900;;;VELVETFRUIT_EXTRACT;XIREC;5257.0;7
265400;;;VELVETFRUIT_EXTRACT;XIREC;5250.0;9
265600;;;VELVETFRUIT_EXTRACT;XIREC;5248.0;5
265800;;;VELVETFRUIT_EXTRACT;XIREC;5252.0;7
265900;;;VEV_4000;XIREC;1240.0;1
266300;;;HYDROGEL_PACK;XIREC;9999.0;4
266500;;;VELVETFRUIT_EXTRACT;XIREC;5253.0;5
266600;;;HYDROGEL_PACK;XIREC;9997.0;4
267400;;;VELVETFRUIT_EXTRACT;XIREC;5253.0;3
268300;;;VEV_4000;XIREC;1257.0;2
268700;;;VELVETFRUIT_EXTRACT;XIREC;5251.0;5
269300;SUBMISSION;;HYDROGEL_PACK;XIREC;9974.0;3
269300;;;VELVETFRUIT_EXTRACT;XIREC;5247.0;5
271600;;;VEV_4000;XIREC;1248.0;1
272600;;;VELVETFRUIT_EXTRACT;XIREC;5261.0;7
274600;;;HYDROGEL_PACK;XIREC;9989.0;2
275300;;;VELVETFRUIT_EXTRACT;XIREC;5259.0;8
275700;;;HYDROGEL_PACK;XIREC;9996.0;2
276500;;;VELVETFRUIT_EXTRACT;XIREC;5255.0;7
277400;;;VELVETFRUIT_EXTRACT;XIREC;5254.0;4
278300;;;VELVETFRUIT_EXTRACT;XIREC;5258.0;5
279600;;;VELVETFRUIT_EXTRACT;XIREC;5260.0;4
280000;SUBMISSION;;HYDROGEL_PACK;XIREC;9967.0;3
280500;;;HYDROGEL_PACK;XIREC;9973.0;2
281100;SUBMISSION;;HYDROGEL_PACK;XIREC;9953.0;3
281400;;;VELVETFRUIT_EXTRACT;XIREC;5253.0;15
281500;;;VEV_4000;XIREC;1267.0;1
282200;;;HYDROGEL_PACK;XIREC;9979.0;2
282200;;;VELVETFRUIT_EXTRACT;XIREC;5260.0;7
283400;;;VELVETFRUIT_EXTRACT;XIREC;5259.0;7
285400;SUBMISSION;;HYDROGEL_PACK;XIREC;9966.0;5
286300;;;VELVETFRUIT_EXTRACT;XIREC;5266.0;6
286600;;;VEV_4000;XIREC;1277.0;2
288800;;;VEV_4000;XIREC;1278.0;1
289100;;;VELVETFRUIT_EXTRACT;XIREC;5271.0;5
289200;;;VELVETFRUIT_EXTRACT;XIREC;5266.0;11
290900;;;HYDROGEL_PACK;XIREC;9965.0;3
291400;;;VELVETFRUIT_EXTRACT;XIREC;5274.0;5
291800;;;VELVETFRUIT_EXTRACT;XIREC;5270.0;5
292400;;;VELVETFRUIT_EXTRACT;XIREC;5275.0;8
292800;SUBMISSION;;HYDROGEL_PACK;XIREC;9952.0;6
295000;;;HYDROGEL_PACK;XIREC;9959.0;5
296900;;;VELVETFRUIT_EXTRACT;XIREC;5270.0;5
297100;;;HYDROGEL_PACK;XIREC;9958.0;3
297400;;;VELVETFRUIT_EXTRACT;XIREC;5275.0;4
297500;;;VEV_4000;XIREC;1262.0;1
301100;;;HYDROGEL_PACK;XIREC;9966.0;3
301300;;;HYDROGEL_PACK;XIREC;9967.0;2
302400;SUBMISSION;;HYDROGEL_PACK;XIREC;9937.0;6
304000;;;VEV_5400;XIREC;19.0;3
304000;;;VEV_5500;XIREC;8.0;3
304000;;;VEV_6000;XIREC;0.0;3
304000;;;VEV_6500;XIREC;0.0;3
304200;SUBMISSION;;HYDROGEL_PACK;XIREC;9945.0;2
306500;;;HYDROGEL_PACK;XIREC;9967.0;5
307100;;;VEV_4000;XIREC;1279.0;1
307500;;;VELVETFRUIT_EXTRACT;XIREC;5275.0;8
308000;SUBMISSION;;HYDROGEL_PACK;XIREC;9944.0;3
308100;SUBMISSION;;HYDROGEL_PACK;XIREC;9946.0;4
308100;;;VELVETFRUIT_EXTRACT;XIREC;5271.0;6
309500;;;VELVETFRUIT_EXTRACT;XIREC;5268.0;4
310100;;;VEV_5400;XIREC;20.0;5
310100;;;VEV_5500;XIREC;8.0;5
310100;;;VEV_6000;XIREC;0.0;5
310100;;;VEV_6500;XIREC;0.0;5
310500;;;VELVETFRUIT_EXTRACT;XIREC;5266.0;11
310600;;;VELVETFRUIT_EXTRACT;XIREC;5264.0;3
313000;;;VELVETFRUIT_EXTRACT;XIREC;5267.0;5
314500;;;VELVETFRUIT_EXTRACT;XIREC;5251.0;4
316200;;;HYDROGEL_PACK;XIREC;9939.0;5
317100;SUBMISSION;;HYDROGEL_PACK;XIREC;9930.0;3
317100;;;HYDROGEL_PACK;XIREC;9929.0;1
318300;;;HYDROGEL_PACK;XIREC;9950.0;4
318900;;;VELVETFRUIT_EXTRACT;XIREC;5250.0;4
321900;;;VELVETFRUIT_EXTRACT;XIREC;5253.0;7
322000;;;VEV_5400;XIREC;16.0;2
322000;;;VEV_5500;XIREC;7.0;2
322000;;;VEV_6000;XIREC;0.0;2
322000;;;VEV_6500;XIREC;0.0;2
322600;;;VEV_5200;XIREC;98.0;4
322600;;;VEV_5500;XIREC;7.0;4
322600;;;VEV_6000;XIREC;0.0;4
322600;;;VEV_6500;XIREC;0.0;4
323300;;;HYDROGEL_PACK;XIREC;9956.0;5
323300;;;VEV_4000;XIREC;1262.0;3
324100;;;VELVETFRUIT_EXTRACT;XIREC;5254.0;7
324600;;;HYDROGEL_PACK;XIREC;9946.0;6
325300;;;VEV_4000;XIREC;1237.0;2
326300;;;VEV_4000;XIREC;1261.0;1
327600;SUBMISSION;;HYDROGEL_PACK;XIREC;9929.0;2
327600;;;HYDROGEL_PACK;XIREC;9928.0;3
327700;;;HYDROGEL_PACK;XIREC;9946.0;6
328000;;;VEV_4000;XIREC;1243.0;1
328400;;;VEV_4000;XIREC;1240.0;1
328500;;;VELVETFRUIT_EXTRACT;XIREC;5249.0;4
331400;;;VEV_4000;XIREC;1232.0;1
333100;;;VELVETFRUIT_EXTRACT;XIREC;5236.0;4
334900;;;VEV_4000;XIREC;1237.0;1
335300;SUBMISSION;;HYDROGEL_PACK;XIREC;9944.0;1
335300;;;HYDROGEL_PACK;XIREC;9943.0;4
335300;;;VELVETFRUIT_EXTRACT;XIREC;5245.0;3
335500;;;HYDROGEL_PACK;XIREC;9961.0;4
338100;SUBMISSION;;HYDROGEL_PACK;XIREC;9932.0;1
338100;;;HYDROGEL_PACK;XIREC;9931.0;2
339500;SUBMISSION;;HYDROGEL_PACK;XIREC;9933.0;1
339500;;;HYDROGEL_PACK;XIREC;9932.0;2
340100;;;VEV_4000;XIREC;1260.0;2
340500;;;VELVETFRUIT_EXTRACT;XIREC;5249.0;9
342000;;;VELVETFRUIT_EXTRACT;XIREC;5249.0;6
342400;;;HYDROGEL_PACK;XIREC;9944.0;5
343100;;;HYDROGEL_PACK;XIREC;9966.0;2
343400;;;VELVETFRUIT_EXTRACT;XIREC;5251.0;13
344000;;;HYDROGEL_PACK;XIREC;9953.0;5
344200;;;VELVETFRUIT_EXTRACT;XIREC;5253.0;4
345700;;;HYDROGEL_PACK;XIREC;9957.0;6
345700;;;VELVETFRUIT_EXTRACT;XIREC;5245.0;7
345900;;;HYDROGEL_PACK;XIREC;9958.0;3
348500;;;HYDROGEL_PACK;XIREC;9964.0;5
350300;;;VEV_5400;XIREC;15.0;4
350300;;;VEV_5500;XIREC;6.0;4
350300;;;VEV_6000;XIREC;0.0;4
350300;;;VEV_6500;XIREC;0.0;4
350900;;;VEV_4000;XIREC;1256.0;3
351000;;;HYDROGEL_PACK;XIREC;9973.0;3
356800;;;VEV_4000;XIREC;1234.0;2
357100;;;HYDROGEL_PACK;XIREC;9963.0;6
358100;;;VELVETFRUIT_EXTRACT;XIREC;5245.0;6
358300;;;VEV_4000;XIREC;1237.0;3
358500;;;HYDROGEL_PACK;XIREC;9960.0;6
360600;;;HYDROGEL_PACK;XIREC;9951.0;2
362700;;;HYDROGEL_PACK;XIREC;9961.0;3
363100;;;HYDROGEL_PACK;XIREC;9983.0;4
364800;;;HYDROGEL_PACK;XIREC;9978.0;5
364900;;;VELVETFRUIT_EXTRACT;XIREC;5251.0;7
365000;;;VEV_4000;XIREC;1242.0;2
365600;;;VELVETFRUIT_EXTRACT;XIREC;5250.0;8
367900;;;VELVETFRUIT_EXTRACT;XIREC;5248.0;5
368500;;;HYDROGEL_PACK;XIREC;9983.0;6
371400;;;HYDROGEL_PACK;XIREC;9953.0;2
373400;;;HYDROGEL_PACK;XIREC;9970.0;3
373700;;;HYDROGEL_PACK;XIREC;9954.0;5
374100;;;VELVETFRUIT_EXTRACT;XIREC;5253.0;6
374400;;;VELVETFRUIT_EXTRACT;XIREC;5253.0;4
374800;;;VEV_4000;XIREC;1242.0;3
375100;;;HYDROGEL_PACK;XIREC;9947.0;2
376300;;;VEV_4000;XIREC;1236.0;2
376600;;;VEV_5300;XIREC;46.0;5
376600;;;VEV_5400;XIREC;15.0;5
376600;;;VEV_5500;XIREC;6.0;5
376600;;;VEV_6000;XIREC;0.0;5
376600;;;VEV_6500;XIREC;0.0;5
377900;;;VEV_5300;XIREC;47.0;2
377900;;;VEV_5500;XIREC;6.0;2
377900;;;VEV_6000;XIREC;0.0;2
377900;;;VEV_6500;XIREC;0.0;2
380100;;;HYDROGEL_PACK;XIREC;9957.0;6
380700;;;HYDROGEL_PACK;XIREC;9948.0;4
380900;;;VELVETFRUIT_EXTRACT;XIREC;5250.0;8
381700;;;VELVETFRUIT_EXTRACT;XIREC;5255.0;8
383300;;;HYDROGEL_PACK;XIREC;9945.0;5
383600;;;HYDROGEL_PACK;XIREC;9948.0;4
383700;;;VELVETFRUIT_EXTRACT;XIREC;5246.0;7
384200;;;VEV_4000;XIREC;1239.0;1
384500;;;VEV_4000;XIREC;1238.0;3
385800;;;HYDROGEL_PACK;XIREC;9943.0;6
385900;;;VELVETFRUIT_EXTRACT;XIREC;5245.0;3
386000;;;VELVETFRUIT_EXTRACT;XIREC;5244.0;8
386800;;;VEV_4000;XIREC;1257.0;2
390100;;;VELVETFRUIT_EXTRACT;XIREC;5244.0;10
390800;;;VEV_4000;XIREC;1233.0;3
392300;;;VELVETFRUIT_EXTRACT;XIREC;5242.0;5
393000;;;VELVETFRUIT_EXTRACT;XIREC;5242.0;4
393900;;;VELVETFRUIT_EXTRACT;XIREC;5241.0;6
394700;;;VELVETFRUIT_EXTRACT;XIREC;5237.0;8
394800;;;HYDROGEL_PACK;XIREC;9941.0;5
396000;;;VELVETFRUIT_EXTRACT;XIREC;5246.0;8
396200;;;VELVETFRUIT_EXTRACT;XIREC;5240.0;7
396300;;;HYDROGEL_PACK;XIREC;9956.0;4
397800;;;HYDROGEL_PACK;XIREC;9950.0;4
398400;;;VELVETFRUIT_EXTRACT;XIREC;5235.0;6
399700;;;VEV_5400;XIREC;14.0;5
399700;;;VEV_5500;XIREC;6.0;5
399700;;;VEV_6000;XIREC;0.0;5
399700;;;VEV_6500;XIREC;0.0;5
399900;;;VEV_4000;XIREC;1231.0;1
400100;;;VELVETFRUIT_EXTRACT;XIREC;5240.0;8
401900;;;VELVETFRUIT_EXTRACT;XIREC;5242.0;8
402400;;;VELVETFRUIT_EXTRACT;XIREC;5240.0;6
403500;;;VELVETFRUIT_EXTRACT;XIREC;5239.0;8
403600;;;HYDROGEL_PACK;XIREC;9922.0;6
404200;;;VELVETFRUIT_EXTRACT;XIREC;5247.0;4
406400;;;VELVETFRUIT_EXTRACT;XIREC;5246.0;5
409300;;;HYDROGEL_PACK;XIREC;9929.0;6
410400;;;VEV_5400;XIREC;13.0;3
410400;;;VEV_5500;XIREC;5.0;3
410400;;;VEV_6000;XIREC;0.0;3
410400;;;VEV_6500;XIREC;0.0;3
410600;;;VELVETFRUIT_EXTRACT;XIREC;5239.0;6
411000;;;HYDROGEL_PACK;XIREC;9951.0;4
411200;;;VELVETFRUIT_EXTRACT;XIREC;5236.0;7
411300;;;VELVETFRUIT_EXTRACT;XIREC;5236.0;7
411400;;;HYDROGEL_PACK;XIREC;9952.0;3
412300;;;HYDROGEL_PACK;XIREC;9953.0;2
414000;;;HYDROGEL_PACK;XIREC;9962.0;2
414400;;;HYDROGEL_PACK;XIREC;9945.0;3
414800;;;HYDROGEL_PACK;XIREC;9940.0;3
415700;;;VELVETFRUIT_EXTRACT;XIREC;5234.0;3
419700;;;VEV_4000;XIREC;1241.0;1
419800;SUBMISSION;;VELVETFRUIT_EXTRACT;XIREC;5231.0;48
419800;SUBMISSION;;VEV_4000;XIREC;1238.0;11
419800;SUBMISSION;;VEV_4000;XIREC;1241.0;18
419800;SUBMISSION;;VEV_4500;XIREC;736.0;7
419800;SUBMISSION;;VEV_4500;XIREC;738.0;19
419800;SUBMISSION;;VEV_5000;XIREC;237.0;26
419900;SUBMISSION;;VELVETFRUIT_EXTRACT;XIREC;5231.0;50
419900;SUBMISSION;;VEV_4000;XIREC;1239.0;12
419900;SUBMISSION;;VEV_4000;XIREC;1241.0;19
419900;SUBMISSION;;VEV_4500;XIREC;736.0;12
419900;SUBMISSION;;VEV_4500;XIREC;738.0;24
419900;SUBMISSION;;VEV_5000;XIREC;237.0;12
419900;SUBMISSION;;VEV_5000;XIREC;238.0;24
419900;;;VELVETFRUIT_EXTRACT;XIREC;5231.0;6
420000;SUBMISSION;;VELVETFRUIT_EXTRACT;XIREC;5231.0;50
420000;SUBMISSION;;VEV_4000;XIREC;1238.0;10
420000;SUBMISSION;;VEV_4000;XIREC;1241.0;25
420000;SUBMISSION;;VEV_4500;XIREC;736.0;12
420000;SUBMISSION;;VEV_4500;XIREC;738.0;18
420000;SUBMISSION;;VEV_5000;XIREC;237.0;30
420100;SUBMISSION;;VELVETFRUIT_EXTRACT;XIREC;5229.0;19
420100;SUBMISSION;;VELVETFRUIT_EXTRACT;XIREC;5230.0;31
420100;SUBMISSION;;VEV_4000;XIREC;1237.0;13
420100;SUBMISSION;;VEV_4000;XIREC;1239.0;27
420100;SUBMISSION;;VEV_4500;XIREC;734.0;11
420100;SUBMISSION;;VEV_4500;XIREC;736.0;12
420100;SUBMISSION;;VEV_5000;XIREC;235.0;11
420100;SUBMISSION;;VEV_5000;XIREC;236.0;12
420100;SUBMISSION;;VEV_5100;XIREC;149.0;11
420100;SUBMISSION;;VEV_5100;XIREC;150.0;12
420200;SUBMISSION;;VELVETFRUIT_EXTRACT;XIREC;5230.0;19
420200;SUBMISSION;;VELVETFRUIT_EXTRACT;XIREC;5231.0;31
420200;SUBMISSION;;VEV_4000;XIREC;1238.0;11
420200;SUBMISSION;;VEV_4000;XIREC;1240.0;29
420200;SUBMISSION;;VEV_4500;XIREC;735.0;9
420200;SUBMISSION;;VEV_4500;XIREC;737.0;17
420200;SUBMISSION;;VEV_5000;XIREC;236.0;9
420200;SUBMISSION;;VEV_5000;XIREC;237.0;17
420300;SUBMISSION;;VELVETFRUIT_EXTRACT;XIREC;5230.0;50
420300;SUBMISSION;;VEV_4000;XIREC;1238.0;10
420300;SUBMISSION;;VEV_4000;XIREC;1240.0;30
420300;SUBMISSION;;VEV_4500;XIREC;735.0;6
420300;SUBMISSION;;VEV_4500;XIREC;737.0;22
420300;SUBMISSION;;VEV_5000;XIREC;236.0;28
420400;SUBMISSION;;VELVETFRUIT_EXTRACT;XIREC;5230.0;50
420400;SUBMISSION;;VEV_4000;XIREC;1237.0;13
420400;SUBMISSION;;VEV_4000;XIREC;1240.0;16
420400;SUBMISSION;;VEV_4500;XIREC;735.0;10
420400;SUBMISSION;;VEV_4500;XIREC;737.0;22
420400;SUBMISSION;;VEV_5000;XIREC;236.0;32
420500;SUBMISSION;;VELVETFRUIT_EXTRACT;XIREC;5229.0;21
420500;SUBMISSION;;VELVETFRUIT_EXTRACT;XIREC;5230.0;29
420500;SUBMISSION;;VEV_4000;XIREC;1237.0;15
420500;SUBMISSION;;VEV_4000;XIREC;1240.0;30
420500;SUBMISSION;;VEV_4500;XIREC;735.0;7
420500;SUBMISSION;;VEV_4500;XIREC;736.0;22
420500;SUBMISSION;;VEV_5000;XIREC;236.0;29
420500;SUBMISSION;;VEV_5100;XIREC;149.0;7
420500;SUBMISSION;;VEV_5100;XIREC;150.0;22
420600;SUBMISSION;;VELVETFRUIT_EXTRACT;XIREC;5228.0;2
420600;SUBMISSION;;VEV_4000;XIREC;1236.0;11
420600;SUBMISSION;;VEV_4000;XIREC;1239.0;27
420600;SUBMISSION;;VEV_4500;XIREC;734.0;6
420600;SUBMISSION;;VEV_4500;XIREC;735.0;21
420600;SUBMISSION;;VEV_5000;XIREC;235.0;27
420600;SUBMISSION;;VEV_5100;XIREC;149.0;27
420700;SUBMISSION;;VEV_4000;XIREC;1236.0;11
420700;SUBMISSION;;VEV_4000;XIREC;1239.0;19
420700;SUBMISSION;;VEV_4500;XIREC;734.0;6
420700;SUBMISSION;;VEV_4500;XIREC;735.0;12
420700;SUBMISSION;;VEV_5000;XIREC;235.0;18
420700;SUBMISSION;;VEV_5100;XIREC;149.0;18
420800;SUBMISSION;;VEV_4000;XIREC;1236.0;9
420800;SUBMISSION;;VEV_4000;XIREC;1239.0;26
420800;SUBMISSION;;VEV_4500;XIREC;734.0;8
420800;SUBMISSION;;VEV_4500;XIREC;736.0;20
420800;SUBMISSION;;VEV_5000;XIREC;235.0;28
420800;SUBMISSION;;VEV_5100;XIREC;149.0;28
420900;SUBMISSION;;VEV_4000;XIREC;1237.0;7
420900;SUBMISSION;;VEV_4000;XIREC;1240.0;17
420900;SUBMISSION;;VEV_4500;XIREC;735.0;7
420900;SUBMISSION;;VEV_4500;XIREC;736.0;24
420900;SUBMISSION;;VEV_5000;XIREC;235.0;7
420900;SUBMISSION;;VEV_5000;XIREC;236.0;24
420900;SUBMISSION;;VEV_5100;XIREC;149.0;7
420900;SUBMISSION;;VEV_5100;XIREC;150.0;24
421000;SUBMISSION;;VEV_4000;XIREC;1239.0;12
421000;SUBMISSION;;VEV_4000;XIREC;1242.0;28
421000;SUBMISSION;;VEV_4500;XIREC;737.0;11
421000;SUBMISSION;;VEV_4500;XIREC;738.0;20
421000;SUBMISSION;;VEV_5000;XIREC;237.0;11
421000;SUBMISSION;;VEV_5000;XIREC;238.0;20
421100;SUBMISSION;;VEV_4000;XIREC;1239.0;15
421100;SUBMISSION;;VEV_4000;XIREC;1241.0;16
421100;SUBMISSION;;VEV_4500;XIREC;736.0;9
421100;SUBMISSION;;VEV_4500;XIREC;738.0;22
421100;SUBMISSION;;VEV_5000;XIREC;237.0;31
421200;SUBMISSION;;VEV_4000;XIREC;1238.0;10
421200;SUBMISSION;;VEV_4000;XIREC;1240.0;19
421200;SUBMISSION;;VEV_4500;XIREC;735.0;6
421200;SUBMISSION;;VEV_4500;XIREC;737.0;14
421200;SUBMISSION;;VEV_5000;XIREC;236.0;6
421200;SUBMISSION;;VEV_5000;XIREC;237.0;14
421300;SUBMISSION;;VEV_4000;XIREC;1239.0;15
421300;SUBMISSION;;VEV_4000;XIREC;1242.0;19
421300;SUBMISSION;;VEV_4500;XIREC;737.0;11
421300;SUBMISSION;;VEV_4500;XIREC;739.0;20
421300;SUBMISSION;;VEV_5000;XIREC;238.0;31
421400;SUBMISSION;;VEV_4000;XIREC;1239.0;8
421400;SUBMISSION;;VEV_4000;XIREC;1241.0;30
421400;SUBMISSION;;VEV_4500;XIREC;736.0;11
421400;SUBMISSION;;VEV_4500;XIREC;738.0;17
421400;SUBMISSION;;VEV_5000;XIREC;237.0;11
421400;SUBMISSION;;VEV_5000;XIREC;238.0;17
421500;SUBMISSION;;VEV_4000;XIREC;1238.0;12
421500;SUBMISSION;;VEV_4500;XIREC;736.0;12
421500;SUBMISSION;;VEV_4500;XIREC;737.0;16
421500;SUBMISSION;;VEV_5000;XIREC;236.0;12
421500;SUBMISSION;;VEV_5000;XIREC;237.0;16
421500;;;HYDROGEL_PACK;XIREC;9946.0;3
421600;SUBMISSION;;VEV_4500;XIREC;736.0;9
421600;SUBMISSION;;VEV_4500;XIREC;738.0;16
421600;SUBMISSION;;VEV_5000;XIREC;237.0;25
421700;SUBMISSION;;VEV_4500;XIREC;736.0;12
421700;SUBMISSION;;VEV_4500;XIREC;738.0;12
421700;SUBMISSION;;VEV_5000;XIREC;237.0;24
421800;SUBMISSION;;VEV_4500;XIREC;736.0;11
421800;SUBMISSION;;VEV_4500;XIREC;738.0;18
421800;SUBMISSION;;VEV_5000;XIREC;237.0;11
421800;SUBMISSION;;VEV_5000;XIREC;238.0;18
421900;SUBMISSION;;VEV_4500;XIREC;737.0;9
421900;SUBMISSION;;VEV_4500;XIREC;739.0;10
421900;SUBMISSION;;VEV_5000;XIREC;238.0;19
424500;;;VELVETFRUIT_EXTRACT;XIREC;5235.0;7
425400;;;VEV_4000;XIREC;1246.0;1
426800;;;VELVETFRUIT_EXTRACT;XIREC;5232.0;8
427000;;;HYDROGEL_PACK;XIREC;9950.0;2
427600;;;VELVETFRUIT_EXTRACT;XIREC;5237.0;8
428000;;;VEV_5400;XIREC;13.0;2
428000;;;VEV_5500;XIREC;5.0;2
428000;;;VEV_6000;XIREC;0.0;2
428000;;;VEV_6500;XIREC;0.0;2
430200;;;VELVETFRUIT_EXTRACT;XIREC;5230.0;3
430300;SUBMISSION;;VEV_5100;XIREC;149.0;6
430300;SUBMISSION;;VEV_5100;XIREC;150.0;22
431000;;;VELVETFRUIT_EXTRACT;XIREC;5233.0;5
431700;;;VELVETFRUIT_EXTRACT;XIREC;5233.0;4
432100;;;VELVETFRUIT_EXTRACT;XIREC;5234.0;3
435300;;;VELVETFRUIT_EXTRACT;XIREC;5225.0;8
436200;;;HYDROGEL_PACK;XIREC;9935.0;5
437100;;;VEV_4000;XIREC;1233.0;1
437100;;;VEV_4500;XIREC;733.0;1
437100;;;VEV_5000;XIREC;238.0;1
437100;;;VEV_5100;XIREC;152.0;1
437100;;;VEV_5200;XIREC;87.0;1
437100;;;VEV_5300;XIREC;41.0;1
437100;;;VEV_5400;XIREC;13.0;4
437100;;;VEV_5500;XIREC;5.0;4
437100;;;VEV_6000;XIREC;0.0;4
437100;;;VEV_6500;XIREC;0.0;4
438000;;;VELVETFRUIT_EXTRACT;XIREC;5230.0;7
440300;;;HYDROGEL_PACK;XIREC;9922.0;2
441300;;;HYDROGEL_PACK;XIREC;9902.0;2
443600;;;HYDROGEL_PACK;XIREC;9908.0;2
444000;;;VEV_4000;XIREC;1230.0;3
444300;;;VELVETFRUIT_EXTRACT;XIREC;5238.0;7
445900;;;VELVETFRUIT_EXTRACT;XIREC;5249.0;4
448100;;;VELVETFRUIT_EXTRACT;XIREC;5254.0;3
448700;;;VEV_4000;XIREC;1238.0;3
450000;;;HYDROGEL_PACK;XIREC;9932.0;5
453500;;;VELVETFRUIT_EXTRACT;XIREC;5245.0;8
453600;;;VELVETFRUIT_EXTRACT;XIREC;5252.0;4
454800;;;VELVETFRUIT_EXTRACT;XIREC;5245.0;3
455200;;;VELVETFRUIT_EXTRACT;XIREC;5244.0;6
455400;;;VEV_4000;XIREC;1257.0;1
455700;;;VEV_5400;XIREC;15.0;4
455700;;;VEV_5500;XIREC;6.0;4
455700;;;VEV_6000;XIREC;0.0;4
455700;;;VEV_6500;XIREC;0.0;4
457700;;;HYDROGEL_PACK;XIREC;9914.0;4
458400;;;VELVETFRUIT_EXTRACT;XIREC;5248.0;3
459900;;;VELVETFRUIT_EXTRACT;XIREC;5252.0;8
459900;;;VEV_4000;XIREC;1239.0;2
460400;;;VEV_5300;XIREC;47.0;3
460400;;;VEV_5400;XIREC;16.0;3
460400;;;VEV_5500;XIREC;6.0;3
460400;;;VEV_6000;XIREC;0.0;3
460400;;;VEV_6500;XIREC;0.0;3
460700;;;VELVETFRUIT_EXTRACT;XIREC;5254.0;6
462300;;;VELVETFRUIT_EXTRACT;XIREC;5259.0;8
462500;;;HYDROGEL_PACK;XIREC;9932.0;2
464200;;;VEV_4000;XIREC;1241.0;1
465300;;;VELVETFRUIT_EXTRACT;XIREC;5255.0;8
468000;;;VELVETFRUIT_EXTRACT;XIREC;5247.0;3
469300;;;VELVETFRUIT_EXTRACT;XIREC;5252.0;6
469600;;;VELVETFRUIT_EXTRACT;XIREC;5252.0;7
470400;;;VELVETFRUIT_EXTRACT;XIREC;5257.0;4
472600;;;VELVETFRUIT_EXTRACT;XIREC;5249.0;3
475400;;;VELVETFRUIT_EXTRACT;XIREC;5254.0;7
475500;;;VEV_4000;XIREC;1244.0;1
476200;;;HYDROGEL_PACK;XIREC;9959.0;3
476500;;;VEV_5400;XIREC;17.0;2
476500;;;VEV_5500;XIREC;7.0;2
476500;;;VEV_6000;XIREC;0.0;2
476500;;;VEV_6500;XIREC;0.0;2
477600;;;HYDROGEL_PACK;XIREC;9941.0;5
477900;;;VELVETFRUIT_EXTRACT;XIREC;5258.0;5
478900;;;VELVETFRUIT_EXTRACT;XIREC;5250.0;4
479100;;;HYDROGEL_PACK;XIREC;9973.0;5
480100;;;VELVETFRUIT_EXTRACT;XIREC;5250.0;10
480700;;;VEV_4000;XIREC;1259.0;2
480900;;;VEV_4000;XIREC;1239.0;2
481300;;;VEV_4000;XIREC;1257.0;3
483100;;;VELVETFRUIT_EXTRACT;XIREC;5245.0;8
483200;;;VEV_4000;XIREC;1252.0;3
483800;;;VELVETFRUIT_EXTRACT;XIREC;5238.0;7
485300;;;HYDROGEL_PACK;XIREC;9952.0;3
486400;;;VELVETFRUIT_EXTRACT;XIREC;5239.0;7
489600;;;HYDROGEL_PACK;XIREC;9948.0;4
489700;;;VELVETFRUIT_EXTRACT;XIREC;5237.0;6
489700;;;VEV_5300;XIREC;43.0;4
489700;;;VEV_5400;XIREC;14.0;4
489700;;;VEV_5500;XIREC;5.0;4
489700;;;VEV_6000;XIREC;0.0;4
489700;;;VEV_6500;XIREC;0.0;4
490900;;;VELVETFRUIT_EXTRACT;XIREC;5246.0;5
491100;;;VEV_4000;XIREC;1233.0;3
492100;;;VELVETFRUIT_EXTRACT;XIREC;5241.0;5
493900;;;VELVETFRUIT_EXTRACT;XIREC;5237.0;3
494500;;;HYDROGEL_PACK;XIREC;9975.0;4
494700;;;VEV_4000;XIREC;1228.0;2
495300;;;HYDROGEL_PACK;XIREC;9964.0;5
496200;;;VELVETFRUIT_EXTRACT;XIREC;5239.0;5
496300;;;VEV_4000;XIREC;1230.0;2
498200;;;VELVETFRUIT_EXTRACT;XIREC;5241.0;5
498400;;;VELVETFRUIT_EXTRACT;XIREC;5238.0;7
499900;;;HYDROGEL_PACK;XIREC;9990.0;6
500800;;;HYDROGEL_PACK;XIREC;9987.0;4
501400;;;HYDROGEL_PACK;XIREC;9987.0;6
502000;;;HYDROGEL_PACK;XIREC;9985.0;3
502700;;;VEV_5500;XIREC;6.0;2
502700;;;VEV_6000;XIREC;0.0;2
502700;;;VEV_6500;XIREC;0.0;2
503500;;;HYDROGEL_PACK;XIREC;9994.0;6
503500;;;VEV_4000;XIREC;1240.0;3
504300;;SUBMISSION;HYDROGEL_PACK;XIREC;10004.0;8
504800;;SUBMISSION;HYDROGEL_PACK;XIREC;10004.0;8
505300;;;VELVETFRUIT_EXTRACT;XIREC;5256.0;3
506200;;;VELVETFRUIT_EXTRACT;XIREC;5254.0;5
507200;;SUBMISSION;HYDROGEL_PACK;XIREC;10011.0;4
507800;SUBMISSION;;HYDROGEL_PACK;XIREC;9993.0;4
507800;;;HYDROGEL_PACK;XIREC;9992.0;2
509100;;;VEV_4000;XIREC;1250.0;3
509700;;;VELVETFRUIT_EXTRACT;XIREC;5260.0;13
509900;;;HYDROGEL_PACK;XIREC;10005.0;5
510000;;SUBMISSION;VEV_4000;XIREC;1262.0;3
510000;;SUBMISSION;VEV_4000;XIREC;1252.0;8
510000;;SUBMISSION;VEV_4000;XIREC;1249.0;29
510000;;SUBMISSION;VEV_4500;XIREC;762.0;3
510000;;SUBMISSION;VEV_4500;XIREC;754.0;9
510000;;SUBMISSION;VEV_4500;XIREC;753.0;16
510100;;;HYDROGEL_PACK;XIREC;10003.0;3
510900;;SUBMISSION;VELVETFRUIT_EXTRACT;XIREC;5262.0;50
510900;;SUBMISSION;VEV_4000;XIREC;1254.0;10
510900;;SUBMISSION;VEV_4000;XIREC;1252.0;24
510900;;SUBMISSION;VEV_4500;XIREC;757.0;11
510900;;SUBMISSION;VEV_4500;XIREC;755.0;21
510900;;SUBMISSION;VEV_5000;XIREC;265.0;32
511000;;SUBMISSION;VELVETFRUIT_EXTRACT;XIREC;5263.0;20
511000;;SUBMISSION;VELVETFRUIT_EXTRACT;XIREC;5262.0;30
511000;;SUBMISSION;VEV_4000;XIREC;1255.0;10
511000;;SUBMISSION;VEV_4000;XIREC;1252.0;21
511000;;SUBMISSION;VEV_4500;XIREC;757.0;7
511000;;SUBMISSION;VEV_4500;XIREC;756.0;12
511000;;SUBMISSION;VEV_5000;XIREC;266.0;7
511000;;SUBMISSION;VEV_5000;XIREC;265.0;12
511000;;SUBMISSION;VEV_5100;XIREC;176.0;19
511100;;SUBMISSION;VELVETFRUIT_EXTRACT;XIREC;5264.0;15
511100;;SUBMISSION;VELVETFRUIT_EXTRACT;XIREC;5263.0;35
511100;;SUBMISSION;VEV_4000;XIREC;1256.0;12
511100;;SUBMISSION;VEV_4000;XIREC;1253.0;16
511100;;SUBMISSION;VEV_4500;XIREC;758.0;7
511100;;SUBMISSION;VEV_4500;XIREC;756.0;17
511100;;SUBMISSION;VEV_5000;XIREC;267.0;7
511100;;SUBMISSION;VEV_5000;XIREC;266.0;17
511100;;SUBMISSION;VEV_5100;XIREC;177.0;7
511100;;SUBMISSION;VEV_5100;XIREC;176.0;17
511200;;SUBMISSION;VELVETFRUIT_EXTRACT;XIREC;5262.0;50
511200;;SUBMISSION;VEV_4000;XIREC;1254.0;13
511200;;SUBMISSION;VEV_4000;XIREC;1252.0;15
511200;;SUBMISSION;VEV_4500;XIREC;757.0;6
511200;;SUBMISSION;VEV_4500;XIREC;755.0;16
511200;;SUBMISSION;VEV_5000;XIREC;265.0;22
511300;;SUBMISSION;VELVETFRUIT_EXTRACT;XIREC;5263.0;24
511300;;SUBMISSION;VELVETFRUIT_EXTRACT;XIREC;5262.0;26
511300;;SUBMISSION;VEV_4000;XIREC;1255.0;13
511300;;SUBMISSION;VEV_4000;XIREC;1252.0;22
511300;;SUBMISSION;VEV_4500;XIREC;757.0;10
511300;;SUBMISSION;VEV_4500;XIREC;755.0;19
511300;;SUBMISSION;VEV_5000;XIREC;266.0;10
511300;;SUBMISSION;VEV_5000;XIREC;265.0;19
511300;;SUBMISSION;VEV_5100;XIREC;176.0;29
511400;;SUBMISSION;VELVETFRUIT_EXTRACT;XIREC;5263.0;50
511400;;SUBMISSION;VEV_4000;XIREC;1255.0;8
511400;;SUBMISSION;VEV_4000;XIREC;1253.0;24
511400;;SUBMISSION;VEV_4500;XIREC;758.0;12
511400;;SUBMISSION;VEV_4500;XIREC;756.0;12
511400;;SUBMISSION;VEV_5000;XIREC;266.0;24
511400;;SUBMISSION;VEV_5100;XIREC;176.0;24
511500;;SUBMISSION;VELVETFRUIT_EXTRACT;XIREC;5263.0;25
511500;;SUBMISSION;VELVETFRUIT_EXTRACT;XIREC;5262.0;25
511500;;SUBMISSION;VEV_4000;XIREC;1255.0;15
511500;;SUBMISSION;VEV_4000;XIREC;1252.0;19
511500;;SUBMISSION;VEV_4500;XIREC;757.0;8
511500;;SUBMISSION;VEV_4500;XIREC;755.0;13
511500;;SUBMISSION;VEV_5000;XIREC;266.0;8
511500;;SUBMISSION;VEV_5000;XIREC;265.0;13
511500;;SUBMISSION;VEV_5100;XIREC;176.0;21
511600;;SUBMISSION;VELVETFRUIT_EXTRACT;XIREC;5264.0;23
511600;;SUBMISSION;VELVETFRUIT_EXTRACT;XIREC;5263.0;27
511600;;SUBMISSION;VEV_4000;XIREC;1256.0;9
511600;;SUBMISSION;VEV_4000;XIREC;1253.0;18
511600;;SUBMISSION;VEV_4500;XIREC;758.0;11
511600;;SUBMISSION;VEV_4500;XIREC;756.0;14
511600;;SUBMISSION;VEV_5000;XIREC;267.0;11
511600;;SUBMISSION;VEV_5000;XIREC;266.0;14
511600;;SUBMISSION;VEV_5100;XIREC;177.0;11
511600;;SUBMISSION;VEV_5100;XIREC;176.0;14
511700;;SUBMISSION;VEV_4000;XIREC;1255.0;7
511700;;SUBMISSION;VEV_4000;XIREC;1252.0;28
511700;;SUBMISSION;VEV_4500;XIREC;757.0;12
511700;;SUBMISSION;VEV_4500;XIREC;755.0;23
511700;;SUBMISSION;VEV_5000;XIREC;266.0;12
511700;;SUBMISSION;VEV_5000;XIREC;265.0;23
511700;;SUBMISSION;VEV_5100;XIREC;176.0;35
511800;;SUBMISSION;VEV_4000;XIREC;1257.0;8
511800;;SUBMISSION;VEV_4000;XIREC;1254.0;15
511800;;SUBMISSION;VEV_4500;XIREC;759.0;12
511800;;SUBMISSION;VEV_4500;XIREC;757.0;14
511800;;SUBMISSION;VEV_5000;XIREC;268.0;12
511800;;SUBMISSION;VEV_5000;XIREC;267.0;14
511800;;SUBMISSION;VEV_5100;XIREC;178.0;7
511900;;SUBMISSION;VEV_4000;XIREC;1256.0;7
511900;;SUBMISSION;VEV_4000;XIREC;1253.0;23
511900;;SUBMISSION;VEV_4500;XIREC;758.0;7
511900;;SUBMISSION;VEV_4500;XIREC;756.0;23
511900;;SUBMISSION;VEV_5000;XIREC;267.0;7
511900;;SUBMISSION;VEV_5000;XIREC;266.0;23
512000;;SUBMISSION;VEV_4000;XIREC;1255.0;12
512000;;SUBMISSION;VEV_4000;XIREC;1252.0;29
512000;;SUBMISSION;VEV_4500;XIREC;757.0;11
512000;;SUBMISSION;VEV_4500;XIREC;755.0;17
512000;;SUBMISSION;VEV_5000;XIREC;266.0;11
512000;;SUBMISSION;VEV_5000;XIREC;265.0;17
512100;;SUBMISSION;VEV_4000;XIREC;1256.0;12
512100;;SUBMISSION;VEV_4000;XIREC;1253.0;22
512100;;SUBMISSION;VEV_4500;XIREC;758.0;9
512100;;SUBMISSION;VEV_4500;XIREC;756.0;13
512100;;SUBMISSION;VEV_5000;XIREC;267.0;9
512100;;SUBMISSION;VEV_5000;XIREC;266.0;13
512200;;SUBMISSION;VEV_4000;XIREC;1255.0;8
512200;;SUBMISSION;VEV_4000;XIREC;1253.0;23
512200;;SUBMISSION;VEV_4500;XIREC;758.0;12
512200;;SUBMISSION;VEV_4500;XIREC;756.0;17
512200;;SUBMISSION;VEV_5000;XIREC;266.0;29
512300;;SUBMISSION;VEV_4000;XIREC;1254.0;14
512300;;SUBMISSION;VEV_4000;XIREC;1252.0;21
512300;;SUBMISSION;VEV_4500;XIREC;757.0;12
512300;;SUBMISSION;VEV_4500;XIREC;755.0;24
512300;;SUBMISSION;VEV_5000;XIREC;266.0;12
512300;;SUBMISSION;VEV_5000;XIREC;265.0;24
512400;;SUBMISSION;VEV_4000;XIREC;1255.0;8
512400;;SUBMISSION;VEV_4000;XIREC;1253.0;17
512400;;SUBMISSION;VEV_4500;XIREC;758.0;6
512400;;SUBMISSION;VEV_4500;XIREC;756.0;14
512400;;SUBMISSION;VEV_5000;XIREC;266.0;20
512500;;SUBMISSION;VEV_4000;XIREC;1256.0;8
512500;;SUBMISSION;VEV_4000;XIREC;1253.0;18
512500;;SUBMISSION;VEV_4500;XIREC;758.0;12
512500;;SUBMISSION;VEV_4500;XIREC;756.0;23
512500;;SUBMISSION;VEV_5000;XIREC;267.0;12
512500;;SUBMISSION;VEV_5000;XIREC;266.0;23
512600;;SUBMISSION;VEV_4000;XIREC;1256.0;14
512600;;SUBMISSION;VEV_4000;XIREC;1254.0;17
512600;;SUBMISSION;VEV_4500;XIREC;759.0;6
512600;;SUBMISSION;VEV_4500;XIREC;757.0;16
512600;;SUBMISSION;VEV_5000;XIREC;267.0;22
512700;;SUBMISSION;VEV_4500;XIREC;760.0;12
512700;;SUBMISSION;VEV_4500;XIREC;758.0;19
512700;;SUBMISSION;VEV_5000;XIREC;268.0;12
512700;;SUBMISSION;VEV_5000;XIREC;267.0;19
512800;;SUBMISSION;VEV_4500;XIREC;759.0;8
512800;;SUBMISSION;VEV_4500;XIREC;757.0;18
512800;;SUBMISSION;VEV_5000;XIREC;267.0;26
512900;;SUBMISSION;VEV_4500;XIREC;757.0;12
512900;;SUBMISSION;VEV_4500;XIREC;755.0;19
512900;;SUBMISSION;VEV_5000;XIREC;266.0;12
512900;;SUBMISSION;VEV_5000;XIREC;265.0;19
513000;;SUBMISSION;VEV_4500;XIREC;757.0;5
513000;;SUBMISSION;VEV_5000;XIREC;266.0;10
513000;;SUBMISSION;VEV_5000;XIREC;265.0;22
513200;;SUBMISSION;HYDROGEL_PACK;XIREC;10009.0;5
514100;;;VELVETFRUIT_EXTRACT;XIREC;5263.0;7
514300;;SUBMISSION;VEV_5000;XIREC;265.0;1
514500;;;VELVETFRUIT_EXTRACT;XIREC;5265.0;6
515200;SUBMISSION;;HYDROGEL_PACK;XIREC;10001.0;4
516800;;;VELVETFRUIT_EXTRACT;XIREC;5261.0;5
517900;;;VEV_4000;XIREC;1249.0;1
518800;;;VEV_4000;XIREC;1271.0;1
519000;;;HYDROGEL_PACK;XIREC;10002.0;5
519100;;;VEV_4000;XIREC;1246.0;2
519400;;SUBMISSION;HYDROGEL_PACK;XIREC;10016.0;2
519500;;;VEV_5300;XIREC;50.0;4
519500;;;VEV_5400;XIREC;17.0;4
519500;;;VEV_5500;XIREC;6.0;4
519500;;;VEV_6000;XIREC;0.0;4
519500;;;VEV_6500;XIREC;0.0;4
520400;;SUBMISSION;HYDROGEL_PACK;XIREC;10018.0;2
520500;;;VELVETFRUIT_EXTRACT;XIREC;5256.0;4
521100;;;VEV_4000;XIREC;1248.0;2
521800;;;VELVETFRUIT_EXTRACT;XIREC;5265.0;3
523300;;;VELVETFRUIT_EXTRACT;XIREC;5262.0;3
524000;;;VEV_5400;XIREC;17.0;4
524000;;;VEV_5500;XIREC;7.0;4
524000;;;VEV_6000;XIREC;0.0;4
524000;;;VEV_6500;XIREC;0.0;4
524500;;;VELVETFRUIT_EXTRACT;XIREC;5259.0;7
525500;;;VEV_4000;XIREC;1247.0;1
526200;;;VELVETFRUIT_EXTRACT;XIREC;5250.0;8
526600;;SUBMISSION;HYDROGEL_PACK;XIREC;10020.0;4
527700;;SUBMISSION;HYDROGEL_PACK;XIREC;10020.0;6
527700;;;VELVETFRUIT_EXTRACT;XIREC;5255.0;6
528100;;SUBMISSION;HYDROGEL_PACK;XIREC;10013.0;2
528200;;SUBMISSION;HYDROGEL_PACK;XIREC;10013.0;2
528300;;SUBMISSION;HYDROGEL_PACK;XIREC;10013.0;2
528400;;SUBMISSION;HYDROGEL_PACK;XIREC;10014.0;3
528500;;SUBMISSION;HYDROGEL_PACK;XIREC;10014.0;4
528600;;SUBMISSION;HYDROGEL_PACK;XIREC;10017.0;8
528600;;;VELVETFRUIT_EXTRACT;XIREC;5254.0;4
528700;;SUBMISSION;HYDROGEL_PACK;XIREC;10016.0;7
528800;;SUBMISSION;HYDROGEL_PACK;XIREC;10017.0;8
528900;;SUBMISSION;HYDROGEL_PACK;XIREC;10016.0;7
529000;;SUBMISSION;HYDROGEL_PACK;XIREC;10014.0;4
529100;;SUBMISSION;HYDROGEL_PACK;XIREC;10017.0;8
529200;;SUBMISSION;HYDROGEL_PACK;XIREC;10013.0;2
529300;;SUBMISSION;HYDROGEL_PACK;XIREC;10015.0;5
529400;;SUBMISSION;HYDROGEL_PACK;XIREC;10018.0;10
529400;;;VELVETFRUIT_EXTRACT;XIREC;5256.0;4
529500;;SUBMISSION;HYDROGEL_PACK;XIREC;10026.0;9
529500;;SUBMISSION;HYDROGEL_PACK;XIREC;10019.0;8
529600;;SUBMISSION;HYDROGEL_PACK;XIREC;10019.0;11
529700;;SUBMISSION;HYDROGEL_PACK;XIREC;10017.0;8
529800;;SUBMISSION;HYDROGEL_PACK;XIREC;10015.0;5
529900;;SUBMISSION;HYDROGEL_PACK;XIREC;10013.0;2
530000;;SUBMISSION;HYDROGEL_PACK;XIREC;10013.0;2
530000;;;VELVETFRUIT_EXTRACT;XIREC;5249.0;6
530100;;SUBMISSION;HYDROGEL_PACK;XIREC;10013.0;2
530300;;;HYDROGEL_PACK;XIREC;10010.0;3
530600;;;HYDROGEL_PACK;XIREC;10010.0;5
530700;;SUBMISSION;HYDROGEL_PACK;XIREC;10013.0;2
530800;;SUBMISSION;HYDROGEL_PACK;XIREC;10015.0;6
530900;;SUBMISSION;HYDROGEL_PACK;XIREC;10017.0;9
531000;;SUBMISSION;HYDROGEL_PACK;XIREC;10016.0;7
531100;;SUBMISSION;HYDROGEL_PACK;XIREC;10016.0;7
531200;;SUBMISSION;HYDROGEL_PACK;XIREC;10016.0;7
531300;;SUBMISSION;HYDROGEL_PACK;XIREC;10014.0;4
531400;;SUBMISSION;HYDROGEL_PACK;XIREC;10015.0;6
531500;;SUBMISSION;HYDROGEL_PACK;XIREC;10013.0;3
531600;;SUBMISSION;HYDROGEL_PACK;XIREC;10013.0;3
531700;;SUBMISSION;HYDROGEL_PACK;XIREC;10015.0;6
531800;;SUBMISSION;HYDROGEL_PACK;XIREC;10018.0;10
531900;;SUBMISSION;HYDROGEL_PACK;XIREC;10017.0;9
532000;;SUBMISSION;HYDROGEL_PACK;XIREC;10026.0;4
532000;;SUBMISSION;HYDROGEL_PACK;XIREC;10018.0;12
532000;;SUBMISSION;HYDROGEL_PACK;XIREC;10016.0;1
532100;;SUBMISSION;HYDROGEL_PACK;XIREC;10018.0;10
532200;;SUBMISSION;HYDROGEL_PACK;XIREC;10020.0;10
532200;;SUBMISSION;HYDROGEL_PACK;XIREC;10018.0;4
532300;;SUBMISSION;HYDROGEL_PACK;XIREC;10018.0;10
532400;;SUBMISSION;HYDROGEL_PACK;XIREC;10017.0;9
532500;;SUBMISSION;HYDROGEL_PACK;XIREC;10015.0;6
532600;;SUBMISSION;HYDROGEL_PACK;XIREC;10014.0;4
532700;;SUBMISSION;HYDROGEL_PACK;XIREC;10015.0;6
532800;;SUBMISSION;HYDROGEL_PACK;XIREC;10016.0;3
532900;;SUBMISSION;HYDROGEL_PACK;XIREC;10017.0;2
533000;;SUBMISSION;HYDROGEL_PACK;XIREC;10018.0;2
533100;;SUBMISSION;HYDROGEL_PACK;XIREC;10028.0;2
533400;;SUBMISSION;HYDROGEL_PACK;XIREC;10029.0;5
534100;;;VELVETFRUIT_EXTRACT;XIREC;5244.0;3
534800;;SUBMISSION;HYDROGEL_PACK;XIREC;10017.0;3
537500;;;HYDROGEL_PACK;XIREC;10014.0;2
537500;;;VELVETFRUIT_EXTRACT;XIREC;5241.0;4
537900;;;VELVETFRUIT_EXTRACT;XIREC;5239.0;6
538000;;SUBMISSION;HYDROGEL_PACK;XIREC;10023.0;2
538900;;SUBMISSION;HYDROGEL_PACK;XIREC;10021.0;6
540700;;;VELVETFRUIT_EXTRACT;XIREC;5238.0;7
542600;;SUBMISSION;HYDROGEL_PACK;XIREC;10011.0;6
544300;;;VELVETFRUIT_EXTRACT;XIREC;5236.0;4
544400;;;VELVETFRUIT_EXTRACT;XIREC;5240.0;6
544500;;;VEV_4000;XIREC;1246.0;2
545000;;;VELVETFRUIT_EXTRACT;XIREC;5235.0;4
547600;SUBMISSION;;VEV_4000;XIREC;1233.0;4
547600;SUBMISSION;;VEV_4000;XIREC;1243.0;10
547600;SUBMISSION;;VEV_4000;XIREC;1246.0;17
547600;SUBMISSION;;VEV_4500;XIREC;733.0;4
547600;SUBMISSION;;VEV_4500;XIREC;741.0;11
547600;SUBMISSION;;VEV_4500;XIREC;743.0;16
547600;;;VEV_5400;XIREC;12.0;4
547600;;;VEV_6000;XIREC;0.0;4
547600;;;VEV_6500;XIREC;0.0;4
547800;;;VELVETFRUIT_EXTRACT;XIREC;5232.0;3
548400;SUBMISSION;;VEV_4000;XIREC;1232.0;5
548400;SUBMISSION;;VEV_4000;XIREC;1243.0;9
548400;SUBMISSION;;VEV_4000;XIREC;1245.0;27
548400;SUBMISSION;;VEV_4500;XIREC;732.0;5
548400;SUBMISSION;;VEV_4500;XIREC;740.0;9
548400;SUBMISSION;;VEV_4500;XIREC;742.0;15
548400;;;VEV_5400;XIREC;12.0;5
548400;;;VEV_6000;XIREC;0.0;5
548400;;;VEV_6500;XIREC;0.0;5
548800;SUBMISSION;;VELVETFRUIT_EXTRACT;XIREC;5232.0;19
548800;SUBMISSION;;VELVETFRUIT_EXTRACT;XIREC;5233.0;31
548900;SUBMISSION;;VELVETFRUIT_EXTRACT;XIREC;5232.0;50
548900;SUBMISSION;;VEV_4000;XIREC;1240.0;9
548900;SUBMISSION;;VEV_4000;XIREC;1242.0;17
548900;SUBMISSION;;VEV_4500;XIREC;737.0;11
548900;SUBMISSION;;VEV_4500;XIREC;739.0;21
548900;SUBMISSION;;VEV_5000;XIREC;238.0;11
548900;SUBMISSION;;VEV_5000;XIREC;239.0;21
549800;;;VELVETFRUIT_EXTRACT;XIREC;5236.0;5
550300;;;VEV_4000;XIREC;1242.0;1
550400;SUBMISSION;;HYDROGEL_PACK;XIREC;9999.0;2
550900;;;VEV_4000;XIREC;1221.0;2
551600;;;VELVETFRUIT_EXTRACT;XIREC;5234.0;8
552600;;;VEV_4000;XIREC;1244.0;3
553000;SUBMISSION;;VELVETFRUIT_EXTRACT;XIREC;5232.0;22
553000;SUBMISSION;;VELVETFRUIT_EXTRACT;XIREC;5233.0;28
553000;SUBMISSION;;VEV_4000;XIREC;1240.0;8
553000;SUBMISSION;;VEV_4000;XIREC;1243.0;20
553100;SUBMISSION;;VELVETFRUIT_EXTRACT;XIREC;5232.0;50
553100;SUBMISSION;;VEV_4000;XIREC;1229.0;4
553100;SUBMISSION;;VEV_4000;XIREC;1239.0;12
553100;SUBMISSION;;VEV_4000;XIREC;1242.0;30
553100;SUBMISSION;;VEV_4500;XIREC;729.0;4
553100;SUBMISSION;;VEV_4500;XIREC;737.0;12
553100;SUBMISSION;;VEV_4500;XIREC;739.0;23
553100;SUBMISSION;;VEV_5000;XIREC;235.0;4
553100;SUBMISSION;;VEV_5000;XIREC;238.0;12
553100;SUBMISSION;;VEV_5000;XIREC;239.0;23
553100;SUBMISSION;;VEV_5100;XIREC;148.0;4
553100;SUBMISSION;;VEV_5100;XIREC;150.0;12
553100;SUBMISSION;;VEV_5100;XIREC;151.0;23
553100;;;VEV_5300;XIREC;39.0;4
553100;;;VEV_5500;XIREC;4.0;4
553100;;;VEV_6000;XIREC;0.0;4
553100;;;VEV_6500;XIREC;0.0;4
553200;SUBMISSION;;VELVETFRUIT_EXTRACT;XIREC;5231.0;25
553200;SUBMISSION;;VELVETFRUIT_EXTRACT;XIREC;5232.0;25
553200;SUBMISSION;;VEV_4000;XIREC;1239.0;11
553200;SUBMISSION;;VEV_4000;XIREC;1241.0;16
553200;SUBMISSION;;VEV_4500;XIREC;736.0;10
553200;SUBMISSION;;VEV_4500;XIREC;738.0;22
553200;SUBMISSION;;VEV_5000;XIREC;237.0;10
553200;SUBMISSION;;VEV_5000;XIREC;238.0;22
553300;;SUBMISSION;HYDROGEL_PACK;XIREC;10031.0;6
553300;SUBMISSION;;VELVETFRUIT_EXTRACT;XIREC;5231.0;24
553300;SUBMISSION;;VELVETFRUIT_EXTRACT;XIREC;5232.0;26
553300;SUBMISSION;;VEV_4000;XIREC;1239.0;11
553300;SUBMISSION;;VEV_4000;XIREC;1241.0;25
553300;SUBMISSION;;VEV_4500;XIREC;736.0;8
553300;SUBMISSION;;VEV_4500;XIREC;738.0;12
553300;SUBMISSION;;VEV_5000;XIREC;238.0;20
553400;SUBMISSION;;VELVETFRUIT_EXTRACT;XIREC;5231.0;24
553400;SUBMISSION;;VELVETFRUIT_EXTRACT;XIREC;5232.0;26
553400;SUBMISSION;;VEV_4000;XIREC;1239.0;9
553400;SUBMISSION;;VEV_4000;XIREC;1241.0;28
553400;SUBMISSION;;VEV_4500;XIREC;736.0;9
553400;SUBMISSION;;VEV_4500;XIREC;738.0;14
553400;SUBMISSION;;VEV_5000;XIREC;237.0;9
553400;SUBMISSION;;VEV_5000;XIREC;238.0;14
553500;SUBMISSION;;VELVETFRUIT_EXTRACT;XIREC;5231.0;23
553500;SUBMISSION;;VELVETFRUIT_EXTRACT;XIREC;5232.0;27
553500;SUBMISSION;;VEV_4000;XIREC;1239.0;12
553500;SUBMISSION;;VEV_4000;XIREC;1241.0;30
553500;SUBMISSION;;VEV_4500;XIREC;736.0;11
553500;SUBMISSION;;VEV_4500;XIREC;738.0;19
553500;SUBMISSION;;VEV_5000;XIREC;237.0;11
553500;SUBMISSION;;VEV_5000;XIREC;238.0;19
553600;SUBMISSION;;VEV_4000;XIREC;1237.0;9
553600;SUBMISSION;;VEV_4000;XIREC;1240.0;28
553600;SUBMISSION;;VEV_4500;XIREC;735.0;11
553600;SUBMISSION;;VEV_4500;XIREC;737.0;23
553600;SUBMISSION;;VEV_5000;XIREC;236.0;11
553600;SUBMISSION;;VEV_5000;XIREC;237.0;23
553600;SUBMISSION;;VEV_5100;XIREC;149.0;34
553700;SUBMISSION;;VEV_4000;XIREC;1239.0;14
553700;SUBMISSION;;VEV_4000;XIREC;1241.0;27
553700;SUBMISSION;;VEV_4500;XIREC;736.0;10
553700;SUBMISSION;;VEV_4500;XIREC;738.0;17
553700;SUBMISSION;;VEV_5000;XIREC;237.0;10
553700;SUBMISSION;;VEV_5000;XIREC;238.0;17
553800;SUBMISSION;;VEV_4000;XIREC;1237.0;13
553800;SUBMISSION;;VEV_4000;XIREC;1240.0;17
553800;SUBMISSION;;VEV_4500;XIREC;735.0;8
553800;SUBMISSION;;VEV_4500;XIREC;736.0;15
553800;SUBMISSION;;VEV_5000;XIREC;236.0;23
553800;SUBMISSION;;VEV_5100;XIREC;148.0;8
553800;SUBMISSION;;VEV_5100;XIREC;149.0;15
553900;SUBMISSION;;VEV_4000;XIREC;1240.0;9
553900;SUBMISSION;;VEV_4000;XIREC;1242.0;18
553900;SUBMISSION;;VEV_4500;XIREC;737.0;12
553900;SUBMISSION;;VEV_4500;XIREC;739.0;17
553900;SUBMISSION;;VEV_5000;XIREC;238.0;12
553900;SUBMISSION;;VEV_5000;XIREC;239.0;17
554100;SUBMISSION;;VEV_4000;XIREC;1240.0;15
554100;SUBMISSION;;VEV_4000;XIREC;1242.0;17
554100;SUBMISSION;;VEV_4500;XIREC;737.0;11
554100;SUBMISSION;;VEV_4500;XIREC;739.0;12
554100;SUBMISSION;;VEV_5000;XIREC;238.0;11
554100;SUBMISSION;;VEV_5000;XIREC;239.0;12
554200;SUBMISSION;;VEV_4000;XIREC;1240.0;9
554200;SUBMISSION;;VEV_4000;XIREC;1242.0;15
554200;SUBMISSION;;VEV_4500;XIREC;737.0;10
554200;SUBMISSION;;VEV_4500;XIREC;739.0;16
554200;SUBMISSION;;VEV_5000;XIREC;238.0;10
554200;SUBMISSION;;VEV_5000;XIREC;239.0;16
554500;SUBMISSION;;VEV_4000;XIREC;1240.0;13
554500;SUBMISSION;;VEV_4000;XIREC;1242.0;23
554500;SUBMISSION;;VEV_4500;XIREC;737.0;6
554500;SUBMISSION;;VEV_4500;XIREC;739.0;21
554500;SUBMISSION;;VEV_5000;XIREC;238.0;6
554500;SUBMISSION;;VEV_5000;XIREC;239.0;21
554600;SUBMISSION;;VEV_4000;XIREC;1240.0;9
554600;SUBMISSION;;VEV_4000;XIREC;1242.0;16
554600;SUBMISSION;;VEV_4500;XIREC;737.0;7
554600;SUBMISSION;;VEV_4500;XIREC;739.0;23
554600;SUBMISSION;;VEV_5000;XIREC;238.0;7
554600;SUBMISSION;;VEV_5000;XIREC;239.0;23
555600;SUBMISSION;;VEV_4000;XIREC;1239.0;7
555600;SUBMISSION;;VEV_4000;XIREC;1241.0;22
555600;SUBMISSION;;VEV_4500;XIREC;736.0;10
555600;SUBMISSION;;VEV_4500;XIREC;738.0;22
555600;SUBMISSION;;VEV_5000;XIREC;237.0;10
555600;SUBMISSION;;VEV_5000;XIREC;238.0;22
555700;SUBMISSION;;VEV_4000;XIREC;1239.0;5
555700;SUBMISSION;;VEV_4500;XIREC;736.0;6
555700;SUBMISSION;;VEV_4500;XIREC;738.0;21
555700;SUBMISSION;;VEV_5000;XIREC;237.0;6
555700;SUBMISSION;;VEV_5000;XIREC;238.0;21
555800;SUBMISSION;;VEV_4500;XIREC;736.0;12
555800;SUBMISSION;;VEV_4500;XIREC;738.0;15
555800;SUBMISSION;;VEV_5000;XIREC;237.0;12
555800;SUBMISSION;;VEV_5000;XIREC;238.0;15
555800;SUBMISSION;;VEV_5100;XIREC;149.0;12
555800;SUBMISSION;;VEV_5100;XIREC;150.0;15
555900;SUBMISSION;;VEV_4500;XIREC;734.0;10
555900;SUBMISSION;;VEV_4500;XIREC;736.0;22
555900;SUBMISSION;;VEV_5000;XIREC;236.0;32
555900;SUBMISSION;;VEV_5100;XIREC;148.0;10
555900;SUBMISSION;;VEV_5100;XIREC;149.0;22
556000;SUBMISSION;;VEV_4500;XIREC;735.0;6
556000;SUBMISSION;;VEV_4500;XIREC;737.0;13
556000;SUBMISSION;;VEV_5000;XIREC;236.0;6
556000;SUBMISSION;;VEV_5000;XIREC;237.0;13
556000;SUBMISSION;;VEV_5100;XIREC;149.0;19
556100;SUBMISSION;;VEV_4500;XIREC;734.0;8
556100;SUBMISSION;;VEV_5000;XIREC;235.0;8
556100;SUBMISSION;;VEV_5000;XIREC;236.0;18
556100;SUBMISSION;;VEV_5100;XIREC;148.0;26
556200;SUBMISSION;;VEV_5000;XIREC;235.0;6
556200;SUBMISSION;;VEV_5000;XIREC;236.0;20
556200;SUBMISSION;;VEV_5100;XIREC;148.0;26
556300;SUBMISSION;;VEV_5000;XIREC;235.0;9
556300;SUBMISSION;;VEV_5000;XIREC;236.0;7
556300;SUBMISSION;;VEV_5100;XIREC;148.0;30
556400;SUBMISSION;;VEV_5100;XIREC;147.0;22
556400;;;VELVETFRUIT_EXTRACT;XIREC;5228.0;8
556500;SUBMISSION;;VEV_5100;XIREC;148.0;27
556600;SUBMISSION;;VEV_5100;XIREC;147.0;12
556600;SUBMISSION;;VEV_5100;XIREC;148.0;22
556700;SUBMISSION;;VEV_5100;XIREC;149.0;22
556800;SUBMISSION;;VEV_5100;XIREC;149.0;8
556800;SUBMISSION;;VEV_5100;XIREC;150.0;13
556900;;;VEV_4000;XIREC;1219.0;3
557100;SUBMISSION;;VEV_5100;XIREC;149.0;6
557100;SUBMISSION;;VEV_5100;XIREC;150.0;13
557200;SUBMISSION;;VEV_5100;XIREC;149.0;28
557200;;;VELVETFRUIT_EXTRACT;XIREC;5225.0;4
557300;SUBMISSION;;VEV_5100;XIREC;149.0;6
557300;SUBMISSION;;VEV_5100;XIREC;150.0;24
557500;SUBMISSION;;VEV_5100;XIREC;149.0;28
557600;SUBMISSION;;VEV_5100;XIREC;148.0;28
557700;SUBMISSION;;VEV_5100;XIREC;146.0;9
557700;SUBMISSION;;VEV_5100;XIREC;147.0;21
557800;SUBMISSION;;VEV_5100;XIREC;147.0;30
557900;SUBMISSION;;VEV_5100;XIREC;146.0;25
562700;SUBMISSION;;HYDROGEL_PACK;XIREC;9989.0;7
562700;SUBMISSION;;HYDROGEL_PACK;XIREC;9998.0;7
563500;;;VELVETFRUIT_EXTRACT;XIREC;5226.0;8
563600;SUBMISSION;;HYDROGEL_PACK;XIREC;9992.0;2
564000;;;VELVETFRUIT_EXTRACT;XIREC;5231.0;12
564300;;;VEV_5200;XIREC;84.0;2
564300;;;VEV_5300;XIREC;40.0;2
564300;;;VEV_5400;XIREC;12.0;2
564300;;;VEV_5500;XIREC;4.0;2
564300;;;VEV_6000;XIREC;0.0;2
564300;;;VEV_6500;XIREC;0.0;2
564900;;;VELVETFRUIT_EXTRACT;XIREC;5236.0;6
565500;;;VELVETFRUIT_EXTRACT;XIREC;5239.0;7
566100;;;HYDROGEL_PACK;XIREC;10011.0;4
567200;;;VEV_5400;XIREC;13.0;2
567200;;;VEV_5500;XIREC;5.0;2
567200;;;VEV_6000;XIREC;0.0;2
567200;;;VEV_6500;XIREC;0.0;2
567700;;;VEV_4000;XIREC;1246.0;1
568200;;;VELVETFRUIT_EXTRACT;XIREC;5237.0;7
568700;SUBMISSION;;HYDROGEL_PACK;XIREC;10001.0;5
568800;;;VEV_4000;XIREC;1250.0;2
568900;;;VEV_5300;XIREC;43.0;4
568900;;;VEV_5400;XIREC;13.0;4
568900;;;VEV_5500;XIREC;5.0;4
568900;;;VEV_6000;XIREC;0.0;4
568900;;;VEV_6500;XIREC;0.0;4
569900;;;VEV_4000;XIREC;1227.0;1
570200;;;VELVETFRUIT_EXTRACT;XIREC;5236.0;7
571600;;;VELVETFRUIT_EXTRACT;XIREC;5235.0;7
574000;;;VELVETFRUIT_EXTRACT;XIREC;5238.0;3
574800;;;VEV_5400;XIREC;12.0;2
574800;;;VEV_5500;XIREC;4.0;2
574800;;;VEV_6000;XIREC;0.0;2
574800;;;VEV_6500;XIREC;0.0;2
575100;;SUBMISSION;HYDROGEL_PACK;XIREC;10010.0;6
575800;;;VELVETFRUIT_EXTRACT;XIREC;5235.0;8
575800;;;VEV_5500;XIREC;5.0;5
575800;;;VEV_6000;XIREC;0.0;5
575800;;;VEV_6500;XIREC;0.0;5
576400;;;VELVETFRUIT_EXTRACT;XIREC;5233.0;3
576700;;;VEV_4000;XIREC;1245.0;2
578400;;;VELVETFRUIT_EXTRACT;XIREC;5237.0;5
578600;;SUBMISSION;HYDROGEL_PACK;XIREC;10013.0;3
578800;SUBMISSION;;HYDROGEL_PACK;XIREC;9999.0;6
580600;SUBMISSION;;HYDROGEL_PACK;XIREC;10001.0;4
581100;;;VELVETFRUIT_EXTRACT;XIREC;5240.0;7
581700;;;VELVETFRUIT_EXTRACT;XIREC;5237.0;3
582900;;;VELVETFRUIT_EXTRACT;XIREC;5236.0;9
584800;;;VELVETFRUIT_EXTRACT;XIREC;5234.0;7
584900;;;VELVETFRUIT_EXTRACT;XIREC;5234.0;7
587200;;;VELVETFRUIT_EXTRACT;XIREC;5242.0;3
588200;;;VEV_5300;XIREC;45.0;4
588200;;;VEV_5400;XIREC;14.0;4
588200;;;VEV_5500;XIREC;5.0;4
588200;;;VEV_6000;XIREC;0.0;4
588200;;;VEV_6500;XIREC;0.0;4
588600;;;VELVETFRUIT_EXTRACT;XIREC;5245.0;5
589100;;;VEV_4000;XIREC;1234.0;3
590100;SUBMISSION;;HYDROGEL_PACK;XIREC;9990.0;2
590400;SUBMISSION;;HYDROGEL_PACK;XIREC;10003.0;2
590500;SUBMISSION;;HYDROGEL_PACK;XIREC;10003.0;2
590900;SUBMISSION;;HYDROGEL_PACK;XIREC;10003.0;3
592500;SUBMISSION;;HYDROGEL_PACK;XIREC;10003.0;4
592600;SUBMISSION;;HYDROGEL_PACK;XIREC;10002.0;8
594200;;SUBMISSION;HYDROGEL_PACK;XIREC;10003.0;14
594300;;SUBMISSION;HYDROGEL_PACK;XIREC;10005.0;13
594300;;SUBMISSION;HYDROGEL_PACK;XIREC;10002.0;3
594400;;SUBMISSION;HYDROGEL_PACK;XIREC;10007.0;11
594900;;;VELVETFRUIT_EXTRACT;XIREC;5239.0;4
595000;;SUBMISSION;HYDROGEL_PACK;XIREC;10011.0;15
595000;;SUBMISSION;HYDROGEL_PACK;XIREC;10008.0;5
595300;;;VELVETFRUIT_EXTRACT;XIREC;5238.0;8
595700;;SUBMISSION;HYDROGEL_PACK;XIREC;10013.0;3
596300;;SUBMISSION;HYDROGEL_PACK;XIREC;10026.0;2
597200;;;VELVETFRUIT_EXTRACT;XIREC;5237.0;7
597400;;;VELVETFRUIT_EXTRACT;XIREC;5237.0;4
599600;;;VEV_4000;XIREC;1226.0;1
600000;;;VELVETFRUIT_EXTRACT;XIREC;5237.0;7
600100;;;VEV_4000;XIREC;1223.0;2
600400;;SUBMISSION;HYDROGEL_PACK;XIREC;10034.0;4
601200;;;VEV_4000;XIREC;1223.0;1
601700;;;HYDROGEL_PACK;XIREC;10013.0;2
603000;;;VELVETFRUIT_EXTRACT;XIREC;5234.0;6
604600;;;VEV_5300;XIREC;39.0;5
604600;;;VEV_5400;XIREC;11.0;5
604600;;;VEV_5500;XIREC;4.0;5
604600;;;VEV_6000;XIREC;0.0;5
604600;;;VEV_6500;XIREC;0.0;5
604700;;;HYDROGEL_PACK;XIREC;10017.0;5
605700;;;VELVETFRUIT_EXTRACT;XIREC;5226.0;7
606400;;;HYDROGEL_PACK;XIREC;10020.0;5
608100;SUBMISSION;;VEV_5200;XIREC;79.0;22
608100;;;VEV_4000;XIREC;1230.0;2
608300;SUBMISSION;;VEV_5200;XIREC;79.0;7
608300;SUBMISSION;;VEV_5200;XIREC;80.0;20
608400;SUBMISSION;;VEV_5200;XIREC;79.0;27
608500;SUBMISSION;;VEV_5200;XIREC;79.0;23
608500;;;VELVETFRUIT_EXTRACT;XIREC;5218.0;10
608600;SUBMISSION;;VEV_5200;XIREC;78.0;33
608700;SUBMISSION;;VEV_5200;XIREC;79.0;18
608800;SUBMISSION;;VEV_5200;XIREC;79.0;9
608800;SUBMISSION;;VEV_5200;XIREC;80.0;21
609900;;;VELVETFRUIT_EXTRACT;XIREC;5222.0;6
612500;;;VELVETFRUIT_EXTRACT;XIREC;5219.0;5
612900;;;VELVETFRUIT_EXTRACT;XIREC;5225.0;10
612900;;;VELVETFRUIT_EXTRACT;XIREC;5223.0;8
614100;SUBMISSION;;HYDROGEL_PACK;XIREC;9999.0;4
615700;SUBMISSION;;HYDROGEL_PACK;XIREC;9999.0;1
615800;SUBMISSION;;HYDROGEL_PACK;XIREC;9996.0;8
615900;SUBMISSION;;HYDROGEL_PACK;XIREC;9995.0;10
615900;SUBMISSION;;HYDROGEL_PACK;XIREC;9997.0;1
616000;SUBMISSION;;HYDROGEL_PACK;XIREC;9992.0;13
616000;SUBMISSION;;HYDROGEL_PACK;XIREC;9994.0;5
616100;SUBMISSION;;HYDROGEL_PACK;XIREC;9987.0;14
616100;SUBMISSION;;HYDROGEL_PACK;XIREC;9989.0;17
616200;SUBMISSION;;HYDROGEL_PACK;XIREC;9984.0;15
616200;SUBMISSION;;HYDROGEL_PACK;XIREC;9986.0;23
616300;SUBMISSION;;HYDROGEL_PACK;XIREC;9986.0;11
616300;SUBMISSION;;HYDROGEL_PACK;XIREC;9988.0;22
616300;;;VELVETFRUIT_EXTRACT;XIREC;5228.0;5
616400;SUBMISSION;;HYDROGEL_PACK;XIREC;9987.0;15
616400;SUBMISSION;;HYDROGEL_PACK;XIREC;9990.0;15
616500;SUBMISSION;;HYDROGEL_PACK;XIREC;9989.0;12
616500;SUBMISSION;;HYDROGEL_PACK;XIREC;9992.0;13
616600;SUBMISSION;;HYDROGEL_PACK;XIREC;9990.0;15
616600;SUBMISSION;;HYDROGEL_PACK;XIREC;9993.0;7
616700;SUBMISSION;;HYDROGEL_PACK;XIREC;9990.0;12
616700;SUBMISSION;;HYDROGEL_PACK;XIREC;9993.0;10
616800;SUBMISSION;;HYDROGEL_PACK;XIREC;9992.0;15
616800;SUBMISSION;;HYDROGEL_PACK;XIREC;9994.0;2
616900;SUBMISSION;;HYDROGEL_PACK;XIREC;9993.0;15
617000;SUBMISSION;;HYDROGEL_PACK;XIREC;9993.0;10
617000;SUBMISSION;;HYDROGEL_PACK;XIREC;9996.0;1
617400;;;VELVETFRUIT_EXTRACT;XIREC;5231.0;7
617900;;;VEV_5300;XIREC;40.0;2
617900;;;VEV_5400;XIREC;12.0;2
617900;;;VEV_5500;XIREC;4.0;2
617900;;;VEV_6000;XIREC;0.0;2
617900;;;VEV_6500;XIREC;0.0;2
618300;;;VEV_5300;XIREC;40.0;2
618300;;;VEV_5400;XIREC;12.0;2
618300;;;VEV_5500;XIREC;4.0;2
618300;;;VEV_6000;XIREC;0.0;2
618300;;;VEV_6500;XIREC;0.0;2
618900;;;VELVETFRUIT_EXTRACT;XIREC;5231.0;3
619800;;;VELVETFRUIT_EXTRACT;XIREC;5236.0;7
620500;;;VELVETFRUIT_EXTRACT;XIREC;5235.0;3
621700;;;VEV_4000;XIREC;1245.0;3
621800;SUBMISSION;;HYDROGEL_PACK;XIREC;9994.0;2
621900;;;VELVETFRUIT_EXTRACT;XIREC;5236.0;6
622400;;;VELVETFRUIT_EXTRACT;XIREC;5235.0;13
622800;;;VEV_4000;XIREC;1227.0;1
624400;;;VEV_5200;XIREC;88.0;2
624400;;;VEV_5300;XIREC;42.0;2
624400;;;VEV_5400;XIREC;13.0;2
624400;;;VEV_5500;XIREC;5.0;2
624400;;;VEV_6000;XIREC;0.0;2
624400;;;VEV_6500;XIREC;0.0;2
624600;;SUBMISSION;HYDROGEL_PACK;XIREC;10004.0;2
624700;;SUBMISSION;HYDROGEL_PACK;XIREC;10005.0;5
624700;;;VELVETFRUIT_EXTRACT;XIREC;5242.0;5
624800;;SUBMISSION;HYDROGEL_PACK;XIREC;10007.0;10
624900;;SUBMISSION;HYDROGEL_PACK;XIREC;10006.0;8
625100;;SUBMISSION;HYDROGEL_PACK;XIREC;10004.0;2
625100;;;HYDROGEL_PACK;XIREC;10004.0;2
625400;;SUBMISSION;HYDROGEL_PACK;XIREC;10005.0;6
625500;;SUBMISSION;HYDROGEL_PACK;XIREC;10006.0;8
625600;;SUBMISSION;HYDROGEL_PACK;XIREC;10007.0;11
625700;;SUBMISSION;HYDROGEL_PACK;XIREC;10009.0;15
625700;;SUBMISSION;HYDROGEL_PACK;XIREC;10006.0;1
625800;;SUBMISSION;HYDROGEL_PACK;XIREC;10009.0;11
625800;;SUBMISSION;HYDROGEL_PACK;XIREC;10006.0;5
625900;;SUBMISSION;HYDROGEL_PACK;XIREC;10012.0;14
625900;;SUBMISSION;HYDROGEL_PACK;XIREC;10009.0;11
626000;;SUBMISSION;HYDROGEL_PACK;XIREC;10011.0;12
626000;;SUBMISSION;HYDROGEL_PACK;XIREC;10008.0;10
626000;;;VELVETFRUIT_EXTRACT;XIREC;5232.0;4
626100;;SUBMISSION;HYDROGEL_PACK;XIREC;10014.0;12
626100;;SUBMISSION;HYDROGEL_PACK;XIREC;10011.0;19
626200;;SUBMISSION;HYDROGEL_PACK;XIREC;10012.0;12
626200;;SUBMISSION;HYDROGEL_PACK;XIREC;10010.0;13
626300;;SUBMISSION;HYDROGEL_PACK;XIREC;10012.0;13
626300;;SUBMISSION;HYDROGEL_PACK;XIREC;10010.0;12
626400;;SUBMISSION;HYDROGEL_PACK;XIREC;10016.0;12
626400;;SUBMISSION;HYDROGEL_PACK;XIREC;10013.0;24
626500;;SUBMISSION;HYDROGEL_PACK;XIREC;10018.0;13
626500;;SUBMISSION;HYDROGEL_PACK;XIREC;10016.0;10
626600;;SUBMISSION;HYDROGEL_PACK;XIREC;10020.0;6
626700;;SUBMISSION;HYDROGEL_PACK;XIREC;10022.0;5
628100;;;VELVETFRUIT_EXTRACT;XIREC;5231.0;6
628300;;;VELVETFRUIT_EXTRACT;XIREC;5225.0;7
629200;SUBMISSION;;VEV_5200;XIREC;79.0;29
629300;SUBMISSION;;VEV_5200;XIREC;79.0;28
629400;SUBMISSION;;VEV_5200;XIREC;78.0;25
629400;SUBMISSION;;VEV_5500;XIREC;4.0;10
629400;SUBMISSION;;VEV_5500;XIREC;5.0;20
629500;SUBMISSION;;VEV_5200;XIREC;79.0;26
629600;SUBMISSION;;VEV_5200;XIREC;79.0;23
629700;SUBMISSION;;VEV_5200;XIREC;78.0;31
629700;SUBMISSION;;VEV_5500;XIREC;4.0;10
629700;SUBMISSION;;VEV_5500;XIREC;5.0;15
629900;SUBMISSION;;VEV_5200;XIREC;79.0;26
630400;;SUBMISSION;HYDROGEL_PACK;XIREC;10018.0;5
631500;SUBMISSION;;VEV_5200;XIREC;79.0;11
631500;SUBMISSION;;VEV_5200;XIREC;80.0;14
631500;;;VEV_4000;XIREC;1230.0;3
631700;SUBMISSION;;VEV_5200;XIREC;78.0;3
631700;SUBMISSION;;VEV_5200;XIREC;80.0;29
631700;SUBMISSION;;VEV_5500;XIREC;4.0;3
631700;SUBMISSION;;VEV_5500;XIREC;5.0;25
631700;;;VEV_5400;XIREC;10.0;3
631700;;;VEV_6000;XIREC;0.0;3
631700;;;VEV_6500;XIREC;0.0;3
631800;SUBMISSION;;VEV_5200;XIREC;79.0;9
631800;SUBMISSION;;VEV_5200;XIREC;80.0;18
632100;SUBMISSION;;VEV_5200;XIREC;79.0;25
632200;SUBMISSION;;VEV_5200;XIREC;79.0;29
632200;SUBMISSION;;VEV_5500;XIREC;4.0;29
632300;SUBMISSION;;VEV_5200;XIREC;79.0;27
632300;SUBMISSION;;VEV_5500;XIREC;4.0;18
632400;SUBMISSION;;VEV_5200;XIREC;78.0;8
632400;SUBMISSION;;VEV_5200;XIREC;79.0;24
632400;SUBMISSION;;VEV_5500;XIREC;4.0;21
632500;SUBMISSION;;VEV_5200;XIREC;78.0;28
632500;SUBMISSION;;VEV_5500;XIREC;4.0;24
632600;SUBMISSION;;VEV_5200;XIREC;78.0;7
632600;SUBMISSION;;VEV_5500;XIREC;4.0;19
632700;SUBMISSION;;VEV_5500;XIREC;4.0;22
632800;SUBMISSION;;VEV_5500;XIREC;4.0;25
632800;;;VELVETFRUIT_EXTRACT;XIREC;5216.0;7
632900;SUBMISSION;;VEV_5500;XIREC;4.0;25
633000;SUBMISSION;;VEV_5500;XIREC;4.0;18
633100;SUBMISSION;;VEV_5500;XIREC;4.0;26
633200;SUBMISSION;;VEV_5500;XIREC;4.0;18
633300;SUBMISSION;;VEV_5500;XIREC;4.0;27
633400;SUBMISSION;;VEV_5500;XIREC;4.0;26
633500;SUBMISSION;;VEV_5500;XIREC;4.0;25
633600;SUBMISSION;;VEV_5500;XIREC;4.0;21
633700;SUBMISSION;;VEV_5500;XIREC;4.0;25
633800;SUBMISSION;;VEV_5500;XIREC;4.0;16
633900;SUBMISSION;;VEV_5500;XIREC;4.0;20
634000;SUBMISSION;;VEV_5500;XIREC;4.0;16
634100;SUBMISSION;;VEV_5500;XIREC;4.0;29
634200;SUBMISSION;;VEV_5500;XIREC;4.0;21
634300;SUBMISSION;;VEV_5500;XIREC;4.0;23
634400;SUBMISSION;;VEV_5500;XIREC;4.0;23
634500;;;VELVETFRUIT_EXTRACT;XIREC;5218.0;5
634800;;;VELVETFRUIT_EXTRACT;XIREC;5214.0;6
634800;;;VELVETFRUIT_EXTRACT;XIREC;5216.0;8
634900;;;HYDROGEL_PACK;XIREC;10010.0;2
635700;;SUBMISSION;HYDROGEL_PACK;XIREC;10033.0;3
636100;;;VEV_5200;XIREC;79.0;4
636100;;;VEV_5300;XIREC;37.0;4
636100;;;VEV_5500;XIREC;4.0;4
636100;;;VEV_6000;XIREC;0.0;4
636100;;;VEV_6500;XIREC;0.0;4
637500;;;HYDROGEL_PACK;XIREC;10018.0;4
637900;SUBMISSION;;VEV_5300;XIREC;35.0;20
638000;SUBMISSION;;VEV_5300;XIREC;35.0;19
638100;SUBMISSION;;VEV_5300;XIREC;35.0;25
638200;SUBMISSION;;VEV_5300;XIREC;35.0;22
638400;SUBMISSION;;VEV_5300;XIREC;35.0;22
640100;SUBMISSION;;VEV_5300;XIREC;35.0;16
640300;;;HYDROGEL_PACK;XIREC;10029.0;3
640500;;;VELVETFRUIT_EXTRACT;XIREC;5212.0;3
640700;;SUBMISSION;HYDROGEL_PACK;XIREC;10041.0;4
640700;SUBMISSION;;VEV_5300;XIREC;35.0;20
640800;SUBMISSION;;VEV_5300;XIREC;35.0;24
641000;SUBMISSION;;VEV_5300;XIREC;35.0;21
641100;SUBMISSION;;VEV_5300;XIREC;35.0;21
641200;SUBMISSION;;VEV_5300;XIREC;35.0;22
641300;SUBMISSION;;VEV_5300;XIREC;35.0;20
641400;SUBMISSION;;VEV_5300;XIREC;35.0;22
641500;SUBMISSION;;VEV_5300;XIREC;35.0;21
641600;SUBMISSION;;VEV_5300;XIREC;35.0;25
641700;SUBMISSION;;VEV_5300;XIREC;35.0;25
641800;SUBMISSION;;VEV_5300;XIREC;35.0;19
641900;SUBMISSION;;VEV_5300;XIREC;35.0;28
642100;;;VEV_5200;XIREC;74.0;4
642100;;;VEV_5300;XIREC;34.0;4
642100;;;VEV_5400;XIREC;9.0;4
642100;;;VEV_5500;XIREC;3.0;4
642100;;;VEV_6000;XIREC;0.0;4
642100;;;VEV_6500;XIREC;0.0;4
642500;SUBMISSION;;VEV_5300;XIREC;35.0;26
642700;SUBMISSION;;VEV_5300;XIREC;35.0;18
642800;SUBMISSION;;VEV_5300;XIREC;35.0;19
643300;SUBMISSION;;VEV_5300;XIREC;35.0;24
643400;SUBMISSION;;VEV_5300;XIREC;35.0;18
643500;SUBMISSION;;VEV_5300;XIREC;34.0;27
643600;SUBMISSION;;VEV_5300;XIREC;34.0;25
643700;SUBMISSION;;VEV_5300;XIREC;34.0;26
643800;SUBMISSION;;VEV_5300;XIREC;35.0;19
643900;SUBMISSION;;VEV_5300;XIREC;35.0;6
644500;SUBMISSION;;VEV_5400;XIREC;9.0;22
644600;SUBMISSION;;VEV_5400;XIREC;10.0;25
644700;SUBMISSION;;VEV_5400;XIREC;10.0;28
644800;SUBMISSION;;VEV_5400;XIREC;10.0;23
644900;SUBMISSION;;VEV_5400;XIREC;10.0;24
644900;;;VELVETFRUIT_EXTRACT;XIREC;5210.0;6
645000;SUBMISSION;;VEV_5400;XIREC;10.0;27
645000;;;VEV_4000;XIREC;1218.0;3
645100;SUBMISSION;;VEV_5400;XIREC;10.0;20
645200;SUBMISSION;;VEV_5400;XIREC;10.0;25
645900;SUBMISSION;;VEV_5400;XIREC;10.0;19
646100;;;VELVETFRUIT_EXTRACT;XIREC;5211.0;3
646300;SUBMISSION;;VEV_5400;XIREC;10.0;18
646500;SUBMISSION;;VEV_5400;XIREC;10.0;26
646600;SUBMISSION;;VEV_5400;XIREC;9.0;21
646700;SUBMISSION;;VEV_5400;XIREC;9.0;27
646800;SUBMISSION;;VEV_5400;XIREC;9.0;25
646900;SUBMISSION;;VEV_5400;XIREC;9.0;20
647000;;SUBMISSION;HYDROGEL_PACK;XIREC;10003.0;3
647000;SUBMISSION;;VEV_5400;XIREC;9.0;27
647100;SUBMISSION;;VEV_5400;XIREC;9.0;27
647200;SUBMISSION;;VEV_5400;XIREC;9.0;23
647200;;;VEV_4000;XIREC;1196.0;3
647300;SUBMISSION;;VEV_5400;XIREC;9.0;27
647400;SUBMISSION;;HYDROGEL_PACK;XIREC;9994.0;2
647400;SUBMISSION;;VEV_5400;XIREC;9.0;21
647500;SUBMISSION;;VEV_5400;XIREC;9.0;28
647600;SUBMISSION;;HYDROGEL_PACK;XIREC;9992.0;4
647600;SUBMISSION;;VEV_5400;XIREC;9.0;25
647700;SUBMISSION;;VEV_5400;XIREC;9.0;22
647800;SUBMISSION;;VEV_5400;XIREC;9.0;23
647900;SUBMISSION;;HYDROGEL_PACK;XIREC;9990.0;6
647900;SUBMISSION;;VEV_5400;XIREC;9.0;7
647900;SUBMISSION;;VEV_5400;XIREC;10.0;15
648000;SUBMISSION;;VEV_5400;XIREC;10.0;5
648200;;;VELVETFRUIT_EXTRACT;XIREC;5208.0;6
648400;;;HYDROGEL_PACK;XIREC;10001.0;2
650300;;;VELVETFRUIT_EXTRACT;XIREC;5198.0;6
652100;SUBMISSION;;HYDROGEL_PACK;XIREC;9999.0;1
652100;;;VELVETFRUIT_EXTRACT;XIREC;5198.0;6
652300;SUBMISSION;;HYDROGEL_PACK;XIREC;9999.0;1
652400;SUBMISSION;;HYDROGEL_PACK;XIREC;9997.0;6
652500;SUBMISSION;;HYDROGEL_PACK;XIREC;9998.0;4
652600;SUBMISSION;;HYDROGEL_PACK;XIREC;9998.0;4
652700;SUBMISSION;;HYDROGEL_PACK;XIREC;9998.0;4
652800;SUBMISSION;;HYDROGEL_PACK;XIREC;9995.0;12
652800;SUBMISSION;;HYDROGEL_PACK;XIREC;9980.0;2
652900;SUBMISSION;;HYDROGEL_PACK;XIREC;9994.0;12
652900;SUBMISSION;;HYDROGEL_PACK;XIREC;9997.0;2
653000;SUBMISSION;;HYDROGEL_PACK;XIREC;9994.0;11
653000;SUBMISSION;;HYDROGEL_PACK;XIREC;9996.0;3
653100;SUBMISSION;;HYDROGEL_PACK;XIREC;9992.0;11
653100;SUBMISSION;;HYDROGEL_PACK;XIREC;9994.0;8
653200;SUBMISSION;;HYDROGEL_PACK;XIREC;9991.0;14
653200;SUBMISSION;;HYDROGEL_PACK;XIREC;9993.0;8
653200;SUBMISSION;;HYDROGEL_PACK;XIREC;9976.0;6
653300;SUBMISSION;;HYDROGEL_PACK;XIREC;9990.0;10
653300;SUBMISSION;;HYDROGEL_PACK;XIREC;9992.0;14
653300;SUBMISSION;;HYDROGEL_PACK;XIREC;9975.0;5
653400;SUBMISSION;;HYDROGEL_PACK;XIREC;9990.0;13
653400;SUBMISSION;;HYDROGEL_PACK;XIREC;9992.0;11
653500;SUBMISSION;;HYDROGEL_PACK;XIREC;9989.0;15
653500;SUBMISSION;;HYDROGEL_PACK;XIREC;9991.0;11
653600;SUBMISSION;;HYDROGEL_PACK;XIREC;9988.0;14
653600;SUBMISSION;;HYDROGEL_PACK;XIREC;9990.0;15
653700;SUBMISSION;;HYDROGEL_PACK;XIREC;9987.0;15
653700;SUBMISSION;;HYDROGEL_PACK;XIREC;9989.0;16
653800;SUBMISSION;;HYDROGEL_PACK;XIREC;9986.0;14
653800;SUBMISSION;;HYDROGEL_PACK;XIREC;9989.0;19
653900;SUBMISSION;;HYDROGEL_PACK;XIREC;9986.0;14
653900;SUBMISSION;;HYDROGEL_PACK;XIREC;9989.0;11
654200;;;VEV_5400;XIREC;8.0;2
654200;;;VEV_5500;XIREC;3.0;2
654200;;;VEV_6000;XIREC;0.0;2
654200;;;VEV_6500;XIREC;0.0;2
654300;;;VELVETFRUIT_EXTRACT;XIREC;5205.0;8
655100;;;VELVETFRUIT_EXTRACT;XIREC;5210.0;8
657800;;;VELVETFRUIT_EXTRACT;XIREC;5213.0;5
659200;;;VELVETFRUIT_EXTRACT;XIREC;5215.0;7
661300;;SUBMISSION;HYDROGEL_PACK;XIREC;10010.0;6
664100;;SUBMISSION;HYDROGEL_PACK;XIREC;10007.0;9
664200;;SUBMISSION;HYDROGEL_PACK;XIREC;10008.0;11
664200;;SUBMISSION;HYDROGEL_PACK;XIREC;10005.0;1
664300;;SUBMISSION;HYDROGEL_PACK;XIREC;10010.0;14
664300;;SUBMISSION;HYDROGEL_PACK;XIREC;10007.0;3
664400;;SUBMISSION;HYDROGEL_PACK;XIREC;10012.0;10
664400;;SUBMISSION;HYDROGEL_PACK;XIREC;10010.0;13
664500;;SUBMISSION;HYDROGEL_PACK;XIREC;10017.0;15
664500;;SUBMISSION;HYDROGEL_PACK;XIREC;10014.0;21
664600;;SUBMISSION;HYDROGEL_PACK;XIREC;10016.0;12
664600;;SUBMISSION;HYDROGEL_PACK;XIREC;10014.0;21
664700;;SUBMISSION;HYDROGEL_PACK;XIREC;10014.0;15
664700;;SUBMISSION;HYDROGEL_PACK;XIREC;10011.0;13
664800;;SUBMISSION;HYDROGEL_PACK;XIREC;10021.0;5
664800;;SUBMISSION;HYDROGEL_PACK;XIREC;10014.0;11
664800;;SUBMISSION;HYDROGEL_PACK;XIREC;10011.0;21
664900;;SUBMISSION;HYDROGEL_PACK;XIREC;10013.0;10
664900;;SUBMISSION;HYDROGEL_PACK;XIREC;10011.0;15
665000;;SUBMISSION;HYDROGEL_PACK;XIREC;10016.0;11
665000;;SUBMISSION;HYDROGEL_PACK;XIREC;10013.0;22
665100;;SUBMISSION;HYDROGEL_PACK;XIREC;10013.0;11
665100;;SUBMISSION;HYDROGEL_PACK;XIREC;10011.0;1
665200;;SUBMISSION;HYDROGEL_PACK;XIREC;10014.0;3
665600;;SUBMISSION;HYDROGEL_PACK;XIREC;10015.0;3
665700;;SUBMISSION;HYDROGEL_PACK;XIREC;10019.0;12
665700;;SUBMISSION;HYDROGEL_PACK;XIREC;10016.0;1
666100;;SUBMISSION;HYDROGEL_PACK;XIREC;10027.0;3
666500;;;VELVETFRUIT_EXTRACT;XIREC;5220.0;7
667400;;;VELVETFRUIT_EXTRACT;XIREC;5227.0;6
669200;;SUBMISSION;HYDROGEL_PACK;XIREC;10026.0;4
669900;;;VELVETFRUIT_EXTRACT;XIREC;5216.0;7
671200;;;VEV_4000;XIREC;1209.0;3
673800;SUBMISSION;;HYDROGEL_PACK;XIREC;10001.0;4
674000;;;VEV_5300;XIREC;37.0;3
674000;;;VEV_5400;XIREC;10.0;3
674000;;;VEV_5500;XIREC;4.0;3
674000;;;VEV_6000;XIREC;0.0;3
674000;;;VEV_6500;XIREC;0.0;3
675700;;;VEV_4000;XIREC;1218.0;1
679600;;;VELVETFRUIT_EXTRACT;XIREC;5227.0;6
680600;;;VEV_4000;XIREC;1212.0;3
680800;SUBMISSION;;HYDROGEL_PACK;XIREC;9995.0;2
681300;SUBMISSION;;HYDROGEL_PACK;XIREC;10001.0;2
681500;;SUBMISSION;HYDROGEL_PACK;XIREC;10004.0;5
682600;;;VEV_4000;XIREC;1214.0;1
684000;SUBMISSION;;HYDROGEL_PACK;XIREC;10001.0;3
684000;;;VEV_5400;XIREC;11.0;5
684000;;;VEV_5500;XIREC;4.0;5
684000;;;VEV_6000;XIREC;0.0;5
684000;;;VEV_6500;XIREC;0.0;5
684100;SUBMISSION;;HYDROGEL_PACK;XIREC;10001.0;3
684500;SUBMISSION;;HYDROGEL_PACK;XIREC;9990.0;2
685200;;;VELVETFRUIT_EXTRACT;XIREC;5231.0;6
685400;SUBMISSION;;HYDROGEL_PACK;XIREC;10002.0;1
685500;SUBMISSION;;HYDROGEL_PACK;XIREC;10001.0;4
685600;SUBMISSION;;HYDROGEL_PACK;XIREC;10000.0;8
685700;SUBMISSION;;HYDROGEL_PACK;XIREC;10001.0;4
685800;SUBMISSION;;HYDROGEL_PACK;XIREC;9999.0;11
685900;SUBMISSION;;HYDROGEL_PACK;XIREC;9998.0;11
685900;SUBMISSION;;HYDROGEL_PACK;XIREC;10001.0;4
686200;SUBMISSION;;HYDROGEL_PACK;XIREC;10001.0;4
686400;SUBMISSION;;HYDROGEL_PACK;XIREC;10001.0;4
686500;SUBMISSION;;HYDROGEL_PACK;XIREC;10002.0;1
686600;SUBMISSION;;HYDROGEL_PACK;XIREC;9993.0;5
686600;SUBMISSION;;HYDROGEL_PACK;XIREC;10001.0;13
686700;SUBMISSION;;HYDROGEL_PACK;XIREC;10000.0;8
686800;SUBMISSION;;HYDROGEL_PACK;XIREC;10001.0;4
686900;SUBMISSION;;HYDROGEL_PACK;XIREC;10001.0;4
687000;SUBMISSION;;HYDROGEL_PACK;XIREC;10001.0;5
687100;SUBMISSION;;HYDROGEL_PACK;XIREC;10000.0;8
687200;SUBMISSION;;HYDROGEL_PACK;XIREC;9998.0;12
687200;SUBMISSION;;HYDROGEL_PACK;XIREC;10000.0;3
687300;SUBMISSION;;HYDROGEL_PACK;XIREC;9997.0;15
687300;SUBMISSION;;HYDROGEL_PACK;XIREC;10000.0;3
687400;SUBMISSION;;HYDROGEL_PACK;XIREC;9999.0;11
687500;SUBMISSION;;HYDROGEL_PACK;XIREC;9997.0;13
687500;SUBMISSION;;HYDROGEL_PACK;XIREC;10000.0;5
687600;SUBMISSION;;HYDROGEL_PACK;XIREC;9997.0;11
687600;SUBMISSION;;HYDROGEL_PACK;XIREC;9999.0;7
687700;SUBMISSION;;HYDROGEL_PACK;XIREC;9998.0;10
687700;SUBMISSION;;HYDROGEL_PACK;XIREC;10000.0;5
687800;SUBMISSION;;HYDROGEL_PACK;XIREC;9995.0;12
687800;SUBMISSION;;HYDROGEL_PACK;XIREC;9998.0;13
687900;SUBMISSION;;HYDROGEL_PACK;XIREC;9993.0;14
687900;SUBMISSION;;HYDROGEL_PACK;XIREC;9996.0;18
688000;SUBMISSION;;HYDROGEL_PACK;XIREC;9995.0;11
688000;SUBMISSION;;HYDROGEL_PACK;XIREC;9998.0;14
688300;SUBMISSION;;HYDROGEL_PACK;XIREC;9994.0;3
688400;;;VELVETFRUIT_EXTRACT;XIREC;5236.0;6
688600;;;VELVETFRUIT_EXTRACT;XIREC;5237.0;5
688900;;;VEV_4000;XIREC;1226.0;2
690500;;SUBMISSION;HYDROGEL_PACK;XIREC;10012.0;5
691400;;SUBMISSION;HYDROGEL_PACK;XIREC;10003.0;5
691500;;SUBMISSION;HYDROGEL_PACK;XIREC;10003.0;5
691600;;SUBMISSION;HYDROGEL_PACK;XIREC;10003.0;5
691700;;SUBMISSION;HYDROGEL_PACK;XIREC;10003.0;6
691800;;SUBMISSION;HYDROGEL_PACK;XIREC;10002.0;2
692000;;SUBMISSION;HYDROGEL_PACK;XIREC;10003.0;6
692100;;SUBMISSION;HYDROGEL_PACK;XIREC;10005.0;13
692200;;SUBMISSION;HYDROGEL_PACK;XIREC;10007.0;15
692200;;SUBMISSION;HYDROGEL_PACK;XIREC;10004.0;5
692300;;SUBMISSION;HYDROGEL_PACK;XIREC;10007.0;10
692300;;SUBMISSION;HYDROGEL_PACK;XIREC;10004.0;10
692400;;SUBMISSION;HYDROGEL_PACK;XIREC;10009.0;13
692400;;SUBMISSION;HYDROGEL_PACK;XIREC;10007.0;14
692500;;SUBMISSION;HYDROGEL_PACK;XIREC;10007.0;11
692500;;SUBMISSION;HYDROGEL_PACK;XIREC;10004.0;9
692600;;SUBMISSION;HYDROGEL_PACK;XIREC;10005.0;11
692600;;SUBMISSION;HYDROGEL_PACK;XIREC;10002.0;2
692700;;SUBMISSION;HYDROGEL_PACK;XIREC;10003.0;5
692800;;SUBMISSION;HYDROGEL_PACK;XIREC;10002.0;2
692900;;SUBMISSION;HYDROGEL_PACK;XIREC;10004.0;9
693000;;SUBMISSION;HYDROGEL_PACK;XIREC;10003.0;6
693000;;;VELVETFRUIT_EXTRACT;XIREC;5230.0;8
693100;;SUBMISSION;HYDROGEL_PACK;XIREC;10003.0;6
693200;;SUBMISSION;HYDROGEL_PACK;XIREC;10005.0;11
693200;;SUBMISSION;HYDROGEL_PACK;XIREC;10002.0;2
693300;;SUBMISSION;HYDROGEL_PACK;XIREC;10007.0;10
693300;;SUBMISSION;HYDROGEL_PACK;XIREC;10004.0;10
693400;;SUBMISSION;HYDROGEL_PACK;XIREC;10007.0;13
693400;;SUBMISSION;HYDROGEL_PACK;XIREC;10005.0;7
693500;;SUBMISSION;HYDROGEL_PACK;XIREC;10011.0;13
693500;;SUBMISSION;HYDROGEL_PACK;XIREC;10009.0;20
693600;;SUBMISSION;HYDROGEL_PACK;XIREC;10010.0;10
693600;;;VELVETFRUIT_EXTRACT;XIREC;5235.0;5
694000;;SUBMISSION;HYDROGEL_PACK;XIREC;10011.0;4
694500;;SUBMISSION;HYDROGEL_PACK;XIREC;10012.0;3
694600;;SUBMISSION;HYDROGEL_PACK;XIREC;10013.0;4
694600;;;VELVETFRUIT_EXTRACT;XIREC;5237.0;3
694900;;;HYDROGEL_PACK;XIREC;10011.0;3
695200;;;HYDROGEL_PACK;XIREC;10010.0;6
695700;;SUBMISSION;HYDROGEL_PACK;XIREC;10015.0;5
695800;;SUBMISSION;HYDROGEL_PACK;XIREC;10016.0;4
695900;;SUBMISSION;HYDROGEL_PACK;XIREC;10018.0;5
695900;;SUBMISSION;HYDROGEL_PACK;XIREC;10033.0;6
696000;;;VEV_4000;XIREC;1227.0;3
698300;;SUBMISSION;HYDROGEL_PACK;XIREC;10047.0;5
699100;;;HYDROGEL_PACK;XIREC;10035.0;5
700400;;SUBMISSION;HYDROGEL_PACK;XIREC;10051.0;5
701200;;SUBMISSION;HYDROGEL_PACK;XIREC;10051.0;5
701200;;;VEV_5400;XIREC;13.0;2
701200;;;VEV_5500;XIREC;5.0;2
701200;;;VEV_6000;XIREC;0.0;2
701200;;;VEV_6500;XIREC;0.0;2
701500;;SUBMISSION;HYDROGEL_PACK;XIREC;10053.0;3
702500;;;VELVETFRUIT_EXTRACT;XIREC;5248.0;4
702700;;;VELVETFRUIT_EXTRACT;XIREC;5249.0;8
703000;;;HYDROGEL_PACK;XIREC;10027.0;3
703100;;;VELVETFRUIT_EXTRACT;XIREC;5249.0;7
703200;;;VEV_5400;XIREC;14.0;5
703200;;;VEV_5500;XIREC;6.0;5
703200;;;VEV_6000;XIREC;0.0;5
703200;;;VEV_6500;XIREC;0.0;5
704700;;;VELVETFRUIT_EXTRACT;XIREC;5257.0;8
707100;;SUBMISSION;HYDROGEL_PACK;XIREC;10055.0;3
710500;;;VEV_5300;XIREC;49.0;5
710500;;;VEV_5400;XIREC;15.0;5
710500;;;VEV_5500;XIREC;6.0;5
710500;;;VEV_6000;XIREC;0.0;5
710500;;;VEV_6500;XIREC;0.0;5
711400;;SUBMISSION;VEV_5300;XIREC;51.0;15
711700;;SUBMISSION;VEV_5300;XIREC;51.0;20
711800;;SUBMISSION;VEV_5300;XIREC;51.0;17
711900;;SUBMISSION;VELVETFRUIT_EXTRACT;XIREC;5262.0;50
711900;;SUBMISSION;VEV_4000;XIREC;1254.0;13
711900;;SUBMISSION;VEV_4000;XIREC;1252.0;22
711900;;SUBMISSION;VEV_4500;XIREC;757.0;8
711900;;SUBMISSION;VEV_4500;XIREC;755.0;19
711900;;SUBMISSION;VEV_5000;XIREC;265.0;27
711900;;SUBMISSION;VEV_5200;XIREC;102.0;27
711900;;SUBMISSION;VEV_5300;XIREC;52.0;17
712000;;SUBMISSION;VEV_4000;XIREC;1254.0;7
712000;;SUBMISSION;VEV_4000;XIREC;1251.0;25
712000;;SUBMISSION;VEV_5300;XIREC;52.0;7
712000;;SUBMISSION;VEV_5300;XIREC;51.0;19
712100;;SUBMISSION;VEV_5300;XIREC;51.0;28
712200;;SUBMISSION;VEV_5300;XIREC;51.0;23
712300;;SUBMISSION;VEV_5300;XIREC;51.0;23
712400;;SUBMISSION;VEV_5300;XIREC;51.0;26
712500;;SUBMISSION;VEV_5300;XIREC;51.0;25
712600;;SUBMISSION;VEV_5300;XIREC;51.0;16
712700;;SUBMISSION;VEV_5300;XIREC;51.0;15
712800;;SUBMISSION;VEV_5300;XIREC;51.0;28
712900;;SUBMISSION;VELVETFRUIT_EXTRACT;XIREC;5262.0;25
712900;;SUBMISSION;VELVETFRUIT_EXTRACT;XIREC;5261.0;25
712900;;SUBMISSION;VEV_4000;XIREC;1254.0;8
712900;;SUBMISSION;VEV_4000;XIREC;1251.0;29
712900;;SUBMISSION;VEV_5300;XIREC;52.0;8
712900;;SUBMISSION;VEV_5300;XIREC;51.0;18
713000;;SUBMISSION;VELVETFRUIT_EXTRACT;XIREC;5264.0;25
713000;;SUBMISSION;VELVETFRUIT_EXTRACT;XIREC;5263.0;25
713000;;SUBMISSION;VEV_4000;XIREC;1256.0;13
713000;;SUBMISSION;VEV_4000;XIREC;1253.0;22
713000;;SUBMISSION;VEV_4500;XIREC;758.0;11
713000;;SUBMISSION;VEV_4500;XIREC;756.0;22
713000;;SUBMISSION;VEV_5000;XIREC;267.0;11
713000;;SUBMISSION;VEV_5000;XIREC;266.0;22
713000;;SUBMISSION;VEV_5100;XIREC;177.0;11
713000;;SUBMISSION;VEV_5100;XIREC;176.0;22
713000;;SUBMISSION;VEV_5200;XIREC;104.0;11
713000;;SUBMISSION;VEV_5200;XIREC;103.0;22
713000;;SUBMISSION;VEV_5300;XIREC;53.0;10
713000;;SUBMISSION;VEV_5300;XIREC;52.0;16
713100;;SUBMISSION;VELVETFRUIT_EXTRACT;XIREC;5264.0;15
713100;;SUBMISSION;VELVETFRUIT_EXTRACT;XIREC;5263.0;35
713100;;SUBMISSION;VEV_4000;XIREC;1256.0;12
