timestamp,buyer,seller,symbol,currency,price,quantity
2500,,,VELVETFRUIT_EXTRACT,XIREC,5250.0,4
2900,SUBMISSION,,VEV_5400,XIREC,22.0,3
2900,SUBMISSION,,VEV_5500,XIREC,8.0,3
2900,,,VEV_6000,XIREC,0.0,3
2900,,,VEV_6500,XIREC,0.0,3
3400,SUBMISSION,,VELVETFRUIT_EXTRACT,XIREC,5247.0,19
3600,SUBMISSION,,VELVETFRUIT_EXTRACT,XIREC,5246.0,16
3800,SUBMISSION,,VELVETFRUIT_EXTRACT,XIREC,5243.0,11
4000,SUBMISSION,,VELVETFRUIT_EXTRACT,XIREC,5245.0,52
4100,SUBMISSION,,VELVETFRUIT_EXTRACT,XIREC,5244.0,19
4200,SUBMISSION,,VELVETFRUIT_EXTRACT,XIREC,5244.0,49
4400,SUBMISSION,,VELVETFRUIT_EXTRACT,XIREC,5242.0,34
5200,,,VELVETFRUIT_EXTRACT,XIREC,5236.0,3
5500,,,VELVETFRUIT_EXTRACT,XIREC,5241.0,8
7700,,SUBMISSION,HYDROGEL_PACK,XIREC,10006.0,13
8000,,SUBMISSION,HYDROGEL_PACK,XIREC,10010.0,7
8000,,SUBMISSION,HYDROGEL_PACK,XIREC,10017.0,6
9000,SUBMISSION,,VEV_4000,XIREC,1227.0,2
9300,,,VELVETFRUIT_EXTRACT,XIREC,5229.0,6
10100,,SUBMISSION,HYDROGEL_PACK,XIREC,10013.0,5
11100,,SUBMISSION,VEV_4000,XIREC,1241.0,1
11900,,,VELVETFRUIT_EXTRACT,XIREC,5237.0,4
13000,,SUBMISSION,HYDROGEL_PACK,XIREC,10009.0,9
14000,,SUBMISSION,HYDROGEL_PACK,XIREC,10008.0,15
14000,,,VELVETFRUIT_EXTRACT,XIREC,5243.0,7
14100,,SUBMISSION,HYDROGEL_PACK,XIREC,10009.0,11
14200,,SUBMISSION,HYDROGEL_PACK,XIREC,10012.0,15
14200,,SUBMISSION,HYDROGEL_PACK,XIREC,10010.0,22
14300,,SUBMISSION,HYDROGEL_PACK,XIREC,10011.0,10
14400,,SUBMISSION,HYDROGEL_PACK,XIREC,10011.0,12
14500,,SUBMISSION,HYDROGEL_PACK,XIREC,10012.0,15
14600,,SUBMISSION,HYDROGEL_PACK,XIREC,10011.0,11
15200,SUBMISSION,,VEV_5400,XIREC,21.0,5
15200,SUBMISSION,,VEV_5500,XIREC,7.0,5
15200,,,VEV_6000,XIREC,0.0,5
15200,,,VEV_6500,XIREC,0.0,5
15300,,SUBMISSION,HYDROGEL_PACK,XIREC,10025.0,3
15400,SUBMISSION,,VEV_4000,XIREC,1237.0,3
15700,,,HYDROGEL_PACK,XIREC,10009.0,2
15800,,SUBMISSION,HYDROGEL_PACK,XIREC,10011.0,14
16400,,,HYDROGEL_PACK,XIREC,10009.0,4
16500,,SUBMISSION,HYDROGEL_PACK,XIREC,10018.0,5
17000,,,VELVETFRUIT_EXTRACT,XIREC,5239.0,6
18600,,SUBMISSION,VEV_4000,XIREC,1242.0,3
19700,,SUBMISSION,HYDROGEL_PACK,XIREC,10012.0,6
19900,,,VELVETFRUIT_EXTRACT,XIREC,5236.0,7
20300,,,HYDROGEL_PACK,XIREC,10002.0,5
20500,,,HYDROGEL_PACK,XIREC,10000.0,3
20700,,,VELVETFRUIT_EXTRACT,XIREC,5238.0,5
22500,,,VELVETFRUIT_EXTRACT,XIREC,5234.0,4
23200,,,VELVETFRUIT_EXTRACT,XIREC,5234.0,4
23300,,,HYDROGEL_PACK,XIREC,9997.0,2
24400,SUBMISSION,,VEV_4000,XIREC,1230.0,1
26100,,,VELVETFRUIT_EXTRACT,XIREC,5227.0,5
27300,,,VELVETFRUIT_EXTRACT,XIREC,5230.0,3
28400,,,VELVETFRUIT_EXTRACT,XIREC,5230.0,8
28500,,,HYDROGEL_PACK,XIREC,9994.0,5
28600,SUBMISSION,,HYDROGEL_PACK,XIREC,9991.0,12
28700,SUBMISSION,,HYDROGEL_PACK,XIREC,9992.0,13
28800,SUBMISSION,,HYDROGEL_PACK,XIREC,9991.0,10
28900,SUBMISSION,,HYDROGEL_PACK,XIREC,9988.0,14
28900,SUBMISSION,,HYDROGEL_PACK,XIREC,9991.0,22
29000,SUBMISSION,,HYDROGEL_PACK,XIREC,9989.0,15
29000,SUBMISSION,,HYDROGEL_PACK,XIREC,9992.0,24
29100,SUBMISSION,,HYDROGEL_PACK,XIREC,9989.0,11
29100,SUBMISSION,,HYDROGEL_PACK,XIREC,9991.0,29
29100,SUBMISSION,,HYDROGEL_PACK,XIREC,9974.0,6
29200,SUBMISSION,,HYDROGEL_PACK,XIREC,9989.0,13
29200,SUBMISSION,,HYDROGEL_PACK,XIREC,9992.0,20
29300,SUBMISSION,,HYDROGEL_PACK,XIREC,9988.0,11
29300,SUBMISSION,,HYDROGEL_PACK,XIREC,9990.0,25
29400,SUBMISSION,,HYDROGEL_PACK,XIREC,9989.0,11
29400,SUBMISSION,,HYDROGEL_PACK,XIREC,9992.0,23
29500,SUBMISSION,,HYDROGEL_PACK,XIREC,9991.0,14
29500,SUBMISSION,,HYDROGEL_PACK,XIREC,9993.0,22
29600,SUBMISSION,,HYDROGEL_PACK,XIREC,9989.0,11
29600,SUBMISSION,,HYDROGEL_PACK,XIREC,9992.0,20
29700,SUBMISSION,,HYDROGEL_PACK,XIREC,9992.0,14
29800,,,VELVETFRUIT_EXTRACT,XIREC,5232.0,4
31200,SUBMISSION,,HYDROGEL_PACK,XIREC,9989.0,8
31700,SUBMISSION,,VEV_5400,XIREC,18.0,5
31700,SUBMISSION,,VEV_5500,XIREC,6.0,5
31700,,,VEV_6000,XIREC,0.0,5
31700,,,VEV_6500,XIREC,0.0,5
31800,SUBMISSION,,HYDROGEL_PACK,XIREC,9990.0,13
31900,SUBMISSION,,HYDROGEL_PACK,XIREC,9990.0,14
32200,SUBMISSION,,HYDROGEL_PACK,XIREC,9989.0,4
33300,,,VELVETFRUIT_EXTRACT,XIREC,5233.0,6
36500,,,VELVETFRUIT_EXTRACT,XIREC,5229.0,7
36800,,,VELVETFRUIT_EXTRACT,XIREC,5228.0,7
37300,,,VELVETFRUIT_EXTRACT,XIREC,5231.0,5
38200,,,VELVETFRUIT_EXTRACT,XIREC,5232.0,5
38400,,,VELVETFRUIT_EXTRACT,XIREC,5235.0,3
38700,,,VELVETFRUIT_EXTRACT,XIREC,5236.0,6
39900,,,VELVETFRUIT_EXTRACT,XIREC,5230.0,8
40500,,,VELVETFRUIT_EXTRACT,XIREC,5232.0,7
41500,,SUBMISSION,VEV_4000,XIREC,1237.0,1
45100,SUBMISSION,,VEV_5400,XIREC,19.0,2
45100,SUBMISSION,,VEV_5500,XIREC,7.0,2
45100,,,VEV_6000,XIREC,0.0,2
45100,,,VEV_6500,XIREC,0.0,2
45800,,,HYDROGEL_PACK,XIREC,9978.0,2
47900,,,VELVETFRUIT_EXTRACT,XIREC,5234.0,4
54300,,,VELVETFRUIT_EXTRACT,XIREC,5239.0,4
54600,,,HYDROGEL_PACK,XIREC,9987.0,3
54900,,SUBMISSION,VELVETFRUIT_EXTRACT,XIREC,5240.0,4
55000,,,HYDROGEL_PACK,XIREC,9987.0,6
56700,,,HYDROGEL_PACK,XIREC,9991.0,6
57500,,SUBMISSION,VELVETFRUIT_EXTRACT,XIREC,5245.0,4
57900,SUBMISSION,,VEV_4000,XIREC,1237.0,1
60000,,,HYDROGEL_PACK,XIREC,9988.0,4
61900,,SUBMISSION,VELVETFRUIT_EXTRACT,XIREC,5241.0,5
62400,SUBMISSION,,VEV_4000,XIREC,1234.0,2
63900,,,HYDROGEL_PACK,XIREC,9986.0,5
64700,SUBMISSION,,VELVETFRUIT_EXTRACT,XIREC,5233.0,5
65600,,,VELVETFRUIT_EXTRACT,XIREC,5238.0,8
67600,,,HYDROGEL_PACK,XIREC,9993.0,5
68400,,,VEV_6000,XIREC,0.0,5
68400,,,VEV_6500,XIREC,0.0,5
69200,,,VELVETFRUIT_EXTRACT,XIREC,5239.0,8
69500,SUBMISSION,,VEV_5300,XIREC,48.0,5
69500,SUBMISSION,,VEV_5400,XIREC,20.0,5
69500,SUBMISSION,,VEV_5500,XIREC,7.0,5
69500,,,VEV_6000,XIREC,0.0,5
69500,,,VEV_6500,XIREC,0.0,5
73000,,,HYDROGEL_PACK,XIREC,9980.0,3
75300,,SUBMISSION,VEV_4000,XIREC,1248.0,3
75500,,SUBMISSION,VELVETFRUIT_EXTRACT,XIREC,5242.0,6
75800,SUBMISSION,,VELVETFRUIT_EXTRACT,XIREC,5240.0,3
76300,,SUBMISSION,VELVETFRUIT_EXTRACT,XIREC,5246.0,8
77800,,,HYDROGEL_PACK,XIREC,9990.0,2
79000,SUBMISSION,,VEV_4000,XIREC,1240.0,2
79600,,SUBMISSION,VELVETFRUIT_EXTRACT,XIREC,5247.0,67
79700,,SUBMISSION,VELVETFRUIT_EXTRACT,XIREC,5248.0,18
79700,,SUBMISSION,VELVETFRUIT_EXTRACT,XIREC,5247.0,33
79800,,SUBMISSION,VEV_4000,XIREC,1255.0,1
79800,,,VELVETFRUIT_EXTRACT,XIREC,5247.0,6
79900,,SUBMISSION,VELVETFRUIT_EXTRACT,XIREC,5248.0,23
79900,,SUBMISSION,VELVETFRUIT_EXTRACT,XIREC,5247.0,44
79900,,SUBMISSION,VEV_4000,XIREC,1256.0,2
80500,,SUBMISSION,VELVETFRUIT_EXTRACT,XIREC,5248.0,24
80500,,SUBMISSION,VELVETFRUIT_EXTRACT,XIREC,5247.0,30
80600,,SUBMISSION,VELVETFRUIT_EXTRACT,XIREC,5248.0,62
80700,,SUBMISSION,VELVETFRUIT_EXTRACT,XIREC,5250.0,16
80700,,SUBMISSION,VELVETFRUIT_EXTRACT,XIREC,5249.0,45
80800,,SUBMISSION,VELVETFRUIT_EXTRACT,XIREC,5249.0,17
81100,,SUBMISSION,VELVETFRUIT_EXTRACT,XIREC,5251.0,2
81700,,SUBMISSION,VEV_4000,XIREC,1259.0,1
85300,,,VELVETFRUIT_EXTRACT,XIREC,5245.0,6
85800,SUBMISSION,,VELVETFRUIT_EXTRACT,XIREC,5239.0,4
86300,,,VELVETFRUIT_EXTRACT,XIREC,5244.0,7
86800,,,VELVETFRUIT_EXTRACT,XIREC,5245.0,6
87400,SUBMISSION,,VEV_5300,XIREC,47.0,3
87400,SUBMISSION,,VEV_5400,XIREC,20.0,3
87400,SUBMISSION,,VEV_5500,XIREC,7.0,3
87400,,,VEV_6000,XIREC,0.0,3
87400,,,VEV_6500,XIREC,0.0,3
88000,,SUBMISSION,VEV_4000,XIREC,1242.0,1
88900,SUBMISSION,,VEV_5500,XIREC,7.0,4
88900,,,VEV_6000,XIREC,0.0,4
88900,,,VEV_6500,XIREC,0.0,4
89300,,,VELVETFRUIT_EXTRACT,XIREC,5237.0,5
89500,SUBMISSION,,VELVETFRUIT_EXTRACT,XIREC,5235.0,16
89600,SUBMISSION,,VELVETFRUIT_EXTRACT,XIREC,5235.0,20
89800,SUBMISSION,,VELVETFRUIT_EXTRACT,XIREC,5235.0,20
89800,SUBMISSION,,VELVETFRUIT_EXTRACT,XIREC,5236.0,36
89900,SUBMISSION,,VELVETFRUIT_EXTRACT,XIREC,5237.0,25
90000,,,HYDROGEL_PACK,XIREC,9950.0,6
90200,SUBMISSION,,VELVETFRUIT_EXTRACT,XIREC,5237.0,15
90400,SUBMISSION,,VELVETFRUIT_EXTRACT,XIREC,5238.0,18
90500,SUBMISSION,,VELVETFRUIT_EXTRACT,XIREC,5238.0,20
90800,SUBMISSION,,VELVETFRUIT_EXTRACT,XIREC,5238.0,20
90900,SUBMISSION,,VELVETFRUIT_EXTRACT,XIREC,5239.0,15
91100,SUBMISSION,,VELVETFRUIT_EXTRACT,XIREC,5239.0,70
91400,SUBMISSION,,VELVETFRUIT_EXTRACT,XIREC,5237.0,15
91500,SUBMISSION,,VELVETFRUIT_EXTRACT,XIREC,5237.0,56
91600,SUBMISSION,,VELVETFRUIT_EXTRACT,XIREC,5236.0,18
91700,SUBMISSION,,VELVETFRUIT_EXTRACT,XIREC,5235.0,25
91800,SUBMISSION,,VELVETFRUIT_EXTRACT,XIREC,5235.0,7
92600,,,VELVETFRUIT_EXTRACT,XIREC,5232.0,5
93200,,,HYDROGEL_PACK,XIREC,9948.0,6
94600,,,HYDROGEL_PACK,XIREC,9931.0,3
94900,,,HYDROGEL_PACK,XIREC,9934.0,4
96800,,,HYDROGEL_PACK,XIREC,9940.0,2
98200,,SUBMISSION,VEV_4000,XIREC,1241.0,3
99100,,SUBMISSION,VEV_4000,XIREC,1246.0,1
100000,,SUBMISSION,VELVETFRUIT_EXTRACT,XIREC,5240.0,4
101800,,SUBMISSION,VELVETFRUIT_EXTRACT,XIREC,5240.0,4
102200,,,HYDROGEL_PACK,XIREC,9946.0,5
102600,,,VELVETFRUIT_EXTRACT,XIREC,5236.0,4
104200,SUBMISSION,,VELVETFRUIT_EXTRACT,XIREC,5233.0,8
104800,,,VELVETFRUIT_EXTRACT,XIREC,5235.0,6
105100,,,HYDROGEL_PACK,XIREC,9943.0,4
105600,,,VELVETFRUIT_EXTRACT,XIREC,5235.0,12
106100,,,HYDROGEL_PACK,XIREC,9943.0,6
108800,,,HYDROGEL_PACK,XIREC,9949.0,2
109300,SUBMISSION,,VEV_4000,XIREC,1221.0,1
109500,,,HYDROGEL_PACK,XIREC,9926.0,2
109700,SUBMISSION,,VEV_5300,XIREC,41.0,4
109700,SUBMISSION,,VEV_5400,XIREC,17.0,4
109700,SUBMISSION,,VEV_5500,XIREC,6.0,4
109700,,,VEV_6000,XIREC,0.0,4
109700,,,VEV_6500,XIREC,0.0,4
110200,,,VELVETFRUIT_EXTRACT,XIREC,5224.0,5
110600,SUBMISSION,,VEV_5300,XIREC,41.0,3
110600,SUBMISSION,,VEV_5400,XIREC,17.0,3
110600,SUBMISSION,,VEV_5500,XIREC,6.0,3
110600,,,VEV_6000,XIREC,0.0,3
110600,,,VEV_6500,XIREC,0.0,3
112900,,,VELVETFRUIT_EXTRACT,XIREC,5224.0,5
116000,SUBMISSION,,VEV_4000,XIREC,1211.0,1
116300,,,HYDROGEL_PACK,XIREC,9929.0,5
117700,,,VELVETFRUIT_EXTRACT,XIREC,5223.0,8
120900,,,VELVETFRUIT_EXTRACT,XIREC,5219.0,5
121500,,SUBMISSION,VEV_4000,XIREC,1228.0,2
122600,,SUBMISSION,VEV_4000,XIREC,1237.0,2
123200,,,VELVETFRUIT_EXTRACT,XIREC,5230.0,5
125000,,,HYDROGEL_PACK,XIREC,9972.0,4
125700,SUBMISSION,,VEV_5300,XIREC,45.0,4
125700,SUBMISSION,,VEV_5500,XIREC,7.0,4
125700,,,VEV_6000,XIREC,0.0,4
125700,,,VEV_6500,XIREC,0.0,4
127700,,SUBMISSION,VELVETFRUIT_EXTRACT,XIREC,5240.0,8
128500,,,HYDROGEL_PACK,XIREC,9955.0,5
130400,,SUBMISSION,VEV_4000,XIREC,1245.0,2
130800,SUBMISSION,,VEV_4000,XIREC,1233.0,1
132000,,,HYDROGEL_PACK,XIREC,9950.0,3
132900,,,HYDROGEL_PACK,XIREC,9956.0,2
133600,,,HYDROGEL_PACK,XIREC,9970.0,5
134400,SUBMISSION,,VEV_4000,XIREC,1236.0,2
136700,,SUBMISSION,VELVETFRUIT_EXTRACT,XIREC,5238.0,3
136800,,,HYDROGEL_PACK,XIREC,9955.0,5
138000,SUBMISSION,,VELVETFRUIT_EXTRACT,XIREC,5230.0,11
140500,,SUBMISSION,VEV_4000,XIREC,1234.0,3
140800,,,VELVETFRUIT_EXTRACT,XIREC,5234.0,7
141700,,,HYDROGEL_PACK,XIREC,9939.0,2
141700,,,VELVETFRUIT_EXTRACT,XIREC,5234.0,6
142400,,,VELVETFRUIT_EXTRACT,XIREC,5231.0,5
143600,,,HYDROGEL_PACK,XIREC,9949.0,4
144100,,,VELVETFRUIT_EXTRACT,XIREC,5227.0,7
144500,,,HYDROGEL_PACK,XIREC,9966.0,3
145100,,,VELVETFRUIT_EXTRACT,XIREC,5228.0,5
148100,,,VELVETFRUIT_EXTRACT,XIREC,5223.0,3
148500,,SUBMISSION,VEV_4000,XIREC,1231.0,3
148700,,,VELVETFRUIT_EXTRACT,XIREC,5223.0,8
150500,SUBMISSION,,VEV_4000,XIREC,1225.0,2
152200,,SUBMISSION,VELVETFRUIT_EXTRACT,XIREC,5236.0,3
152400,,,VELVETFRUIT_EXTRACT,XIREC,5231.0,3
153400,,,HYDROGEL_PACK,XIREC,9964.0,4
155200,,SUBMISSION,HYDROGEL_PACK,XIREC,9990.0,5
155600,,SUBMISSION,VEV_4000,XIREC,1248.0,2
156600,,SUBMISSION,VELVETFRUIT_EXTRACT,XIREC,5243.0,4
157400,SUBMISSION,,VEV_5300,XIREC,47.0,2
157400,SUBMISSION,,VEV_5500,XIREC,7.0,2
157400,,,VEV_6000,XIREC,0.0,2
157400,,,VEV_6500,XIREC,0.0,2
158100,,,HYDROGEL_PACK,XIREC,9974.0,5
159000,,SUBMISSION,VELVETFRUIT_EXTRACT,XIREC,5248.0,6
159300,,,HYDROGEL_PACK,XIREC,9969.0,2
160800,SUBMISSION,,VEV_5500,XIREC,8.0,4
160800,,,VEV_6000,XIREC,0.0,4
160800,,,VEV_6500,XIREC,0.0,4
162500,SUBMISSION,,VEV_4000,XIREC,1247.0,1
163300,,,HYDROGEL_PACK,XIREC,9977.0,3
164600,,,HYDROGEL_PACK,XIREC,9962.0,3
166000,SUBMISSION,,VEV_4000,XIREC,1244.0,2
169000,,,HYDROGEL_PACK,XIREC,9953.0,3
169400,,SUBMISSION,VELVETFRUIT_EXTRACT,XIREC,5252.0,6
169900,SUBMISSION,,VEV_5400,XIREC,22.0,5
169900,,,VEV_6000,XIREC,0.0,5
169900,,,VEV_6500,XIREC,0.0,5
170700,,SUBMISSION,VELVETFRUIT_EXTRACT,XIREC,5249.0,15
171500,,SUBMISSION,HYDROGEL_PACK,XIREC,9981.0,5
172800,,SUBMISSION,VELVETFRUIT_EXTRACT,XIREC,5251.0,3
173200,,SUBMISSION,VELVETFRUIT_EXTRACT,XIREC,5252.0,5
173700,SUBMISSION,,VEV_5500,XIREC,8.0,2
173700,,,VEV_6000,XIREC,0.0,2
173700,,,VEV_6500,XIREC,0.0,2
173900,,,VELVETFRUIT_EXTRACT,XIREC,5245.0,5
175300,,,HYDROGEL_PACK,XIREC,9969.0,6
176000,SUBMISSION,,VEV_5400,XIREC,19.0,3
176000,SUBMISSION,,VEV_5500,XIREC,7.0,3
176000,,,VEV_6000,XIREC,0.0,3
176000,,,VEV_6500,XIREC,0.0,3
177200,SUBMISSION,,VEV_5400,XIREC,19.0,2
177200,,,VEV_6000,XIREC,0.0,2
177200,,,VEV_6500,XIREC,0.0,2
178100,,,HYDROGEL_PACK,XIREC,9958.0,2
178200,SUBMISSION,,HYDROGEL_PACK,XIREC,9964.0,7
178300,,SUBMISSION,VELVETFRUIT_EXTRACT,XIREC,5239.0,6
178800,SUBMISSION,,VELVETFRUIT_EXTRACT,XIREC,5238.0,5
179100,,SUBMISSION,VELVETFRUIT_EXTRACT,XIREC,5239.0,15
179500,SUBMISSION,,VELVETFRUIT_EXTRACT,XIREC,5237.0,3
181700,SUBMISSION,,VEV_5300,XIREC,45.0,4
181700,SUBMISSION,,VEV_5400,XIREC,18.0,4
181700,SUBMISSION,,VEV_5500,XIREC,7.0,4
181700,,,VEV_6000,XIREC,0.0,4
181700,,,VEV_6500,XIREC,0.0,4
181900,,SUBMISSION,HYDROGEL_PACK,XIREC,9979.0,3
182400,,,HYDROGEL_PACK,XIREC,9977.0,5
183300,,,HYDROGEL_PACK,XIREC,9973.0,4
184400,SUBMISSION,,VELVETFRUIT_EXTRACT,XIREC,5237.0,8
184900,SUBMISSION,,HYDROGEL_PACK,XIREC,9961.0,6
184900,SUBMISSION,,VEV_5300,XIREC,45.0,2
184900,SUBMISSION,,VEV_5400,XIREC,18.0,2
184900,SUBMISSION,,VEV_5500,XIREC,7.0,2
184900,,,VEV_6000,XIREC,0.0,2
184900,,,VEV_6500,XIREC,0.0,2
185800,,,HYDROGEL_PACK,XIREC,9961.0,6
186600,SUBMISSION,,VEV_5300,XIREC,46.0,3
186600,SUBMISSION,,VEV_5500,XIREC,7.0,3
186600,,,VEV_6000,XIREC,0.0,3
186600,,,VEV_6500,XIREC,0.0,3
190100,SUBMISSION,,VEV_5300,XIREC,45.0,4
190100,SUBMISSION,,VEV_5400,XIREC,18.0,4
190100,SUBMISSION,,VEV_5500,XIREC,7.0,4
190100,,,VEV_6000,XIREC,0.0,4
190100,,,VEV_6500,XIREC,0.0,4
190500,SUBMISSION,,VELVETFRUIT_EXTRACT,XIREC,5233.0,7
190500,SUBMISSION,,VEV_4000,XIREC,1229.0,2
190600,,,HYDROGEL_PACK,XIREC,9943.0,6
191500,SUBMISSION,,VELVETFRUIT_EXTRACT,XIREC,5232.0,40
193000,SUBMISSION,,VEV_5300,XIREC,43.0,2
193000,SUBMISSION,,VEV_5400,XIREC,17.0,2
193000,SUBMISSION,,VEV_5500,XIREC,6.0,2
193000,,,VEV_6000,XIREC,0.0,2
193000,,,VEV_6500,XIREC,0.0,2
195800,,,VELVETFRUIT_EXTRACT,XIREC,5234.0,8
196500,,,VELVETFRUIT_EXTRACT,XIREC,5227.0,7
196600,,,HYDROGEL_PACK,XIREC,9953.0,3
197000,,,HYDROGEL_PACK,XIREC,9967.0,6
198200,SUBMISSION,,VEV_5300,XIREC,42.0,5
198200,SUBMISSION,,VEV_5400,XIREC,16.0,5
198200,SUBMISSION,,VEV_5500,XIREC,6.0,5
198200,,,VEV_6000,XIREC,0.0,5
198200,,,VEV_6500,XIREC,0.0,5
199300,,,VELVETFRUIT_EXTRACT,XIREC,5233.0,7
199700,,,VELVETFRUIT_EXTRACT,XIREC,5227.0,4
200700,,,VELVETFRUIT_EXTRACT,XIREC,5235.0,7
201900,,,VELVETFRUIT_EXTRACT,XIREC,5230.0,4
202500,,,VELVETFRUIT_EXTRACT,XIREC,5233.0,6
203600,,,VELVETFRUIT_EXTRACT,XIREC,5229.0,10
203900,,SUBMISSION,HYDROGEL_PACK,XIREC,9977.0,6
206200,,SUBMISSION,HYDROGEL_PACK,XIREC,9982.0,5
206700,SUBMISSION,,HYDROGEL_PACK,XIREC,9963.0,2
206700,,,HYDROGEL_PACK,XIREC,9962.0,3
207200,,,HYDROGEL_PACK,XIREC,9962.0,4
207600,,SUBMISSION,HYDROGEL_PACK,XIREC,9979.0,6
209000,,SUBMISSION,HYDROGEL_PACK,XIREC,9988.0,5
209400,,SUBMISSION,HYDROGEL_PACK,XIREC,9982.0,15
209400,,,VELVETFRUIT_EXTRACT,XIREC,5231.0,5
210300,,SUBMISSION,HYDROGEL_PACK,XIREC,9984.0,11
210300,,SUBMISSION,HYDROGEL_PACK,XIREC,9982.0,30
210400,,SUBMISSION,HYDROGEL_PACK,XIREC,9988.0,12
210400,,SUBMISSION,HYDROGEL_PACK,XIREC,9986.0,26
210500,,SUBMISSION,HYDROGEL_PACK,XIREC,9987.0,12
210500,,SUBMISSION,HYDROGEL_PACK,XIREC,9984.0,20
210600,,SUBMISSION,HYDROGEL_PACK,XIREC,9988.0,15
210600,,SUBMISSION,HYDROGEL_PACK,XIREC,9985.0,24
210700,,SUBMISSION,HYDROGEL_PACK,XIREC,9984.0,12
210700,,SUBMISSION,HYDROGEL_PACK,XIREC,9982.0,28
210700,,SUBMISSION,VELVETFRUIT_EXTRACT,XIREC,5237.0,6
210800,,SUBMISSION,HYDROGEL_PACK,XIREC,9984.0,12
210800,,SUBMISSION,HYDROGEL_PACK,XIREC,9982.0,25
210900,,SUBMISSION,HYDROGEL_PACK,XIREC,9985.0,14
210900,,SUBMISSION,HYDROGEL_PACK,XIREC,9982.0,24
211000,,SUBMISSION,HYDROGEL_PACK,XIREC,9987.0,11
211000,,SUBMISSION,HYDROGEL_PACK,XIREC,9985.0,20
211100,,SUBMISSION,HYDROGEL_PACK,XIREC,9989.0,10
211100,,SUBMISSION,HYDROGEL_PACK,XIREC,9986.0,24
211200,,SUBMISSION,HYDROGEL_PACK,XIREC,9987.0,1
211300,SUBMISSION,,VELVETFRUIT_EXTRACT,XIREC,5228.0,5
211600,,SUBMISSION,HYDROGEL_PACK,XIREC,9988.0,12
211700,,SUBMISSION,HYDROGEL_PACK,XIREC,9989.0,8
211700,SUBMISSION,,VELVETFRUIT_EXTRACT,XIREC,5225.0,1
211800,,SUBMISSION,HYDROGEL_PACK,XIREC,9992.0,10
212100,,SUBMISSION,VEV_4000,XIREC,1229.0,2
212900,SUBMISSION,,VEV_5400,XIREC,15.0,2
212900,SUBMISSION,,VEV_5500,XIREC,6.0,2
212900,,,VEV_6000,XIREC,0.0,2
212900,,,VEV_6500,XIREC,0.0,2
213000,SUBMISSION,,VEV_4000,XIREC,1214.0,1
213100,,,VELVETFRUIT_EXTRACT,XIREC,5224.0,6
213600,,,VELVETFRUIT_EXTRACT,XIREC,5221.0,13
215700,,SUBMISSION,VEV_4000,XIREC,1228.0,3
216000,,,VELVETFRUIT_EXTRACT,XIREC,5222.0,3
216100,,,VELVETFRUIT_EXTRACT,XIREC,5226.0,4
216600,,,VELVETFRUIT_EXTRACT,XIREC,5222.0,7
217200,,,VELVETFRUIT_EXTRACT,XIREC,5227.0,4
218800,,,HYDROGEL_PACK,XIREC,9986.0,4
219600,SUBMISSION,,VEV_4000,XIREC,1221.0,2
220100,SUBMISSION,,VEV_5200,XIREC,84.0,5
220100,SUBMISSION,,VEV_5400,XIREC,16.0,5
220100,SUBMISSION,,VEV_5500,XIREC,6.0,5
220100,,,VEV_6000,XIREC,0.0,5
220100,,,VEV_6500,XIREC,0.0,5
221500,,,HYDROGEL_PACK,XIREC,9986.0,3
222100,,SUBMISSION,HYDROGEL_PACK,XIREC,9992.0,1
222700,SUBMISSION,,VEV_4000,XIREC,1222.0,1
222700,,,HYDROGEL_PACK,XIREC,10002.0,6
224900,,SUBMISSION,HYDROGEL_PACK,XIREC,9994.0,2
225900,,SUBMISSION,VELVETFRUIT_EXTRACT,XIREC,5234.0,5
227000,SUBMISSION,,VEV_4000,XIREC,1228.0,3
227300,,,VELVETFRUIT_EXTRACT,XIREC,5231.0,13
227800,,SUBMISSION,VELVETFRUIT_EXTRACT,XIREC,5238.0,6
229700,,SUBMISSION,VELVETFRUIT_EXTRACT,XIREC,5236.0,7
230000,SUBMISSION,,VEV_5400,XIREC,17.0,5
230000,SUBMISSION,,VEV_5500,XIREC,7.0,5
230000,,,VEV_6000,XIREC,0.0,5
230000,,,VEV_6500,XIREC,0.0,5
231000,,SUBMISSION,VELVETFRUIT_EXTRACT,XIREC,5234.0,15
231000,SUBMISSION,,VEV_5400,XIREC,17.0,3
231000,SUBMISSION,,VEV_5500,XIREC,7.0,3
231000,,,VELVETFRUIT_EXTRACT,XIREC,5235.0,8
231000,,,VEV_6000,XIREC,0.0,3
231000,,,VEV_6500,XIREC,0.0,3
231900,SUBMISSION,,VEV_4000,XIREC,1232.0,2
232700,,,VELVETFRUIT_EXTRACT,XIREC,5234.0,3
233500,,SUBMISSION,VELVETFRUIT_EXTRACT,XIREC,5238.0,21
233700,,SUBMISSION,VELVETFRUIT_EXTRACT,XIREC,5238.0,60
233800,,SUBMISSION,VELVETFRUIT_EXTRACT,XIREC,5239.0,18
233800,,SUBMISSION,VELVETFRUIT_EXTRACT,XIREC,5238.0,47
233900,,SUBMISSION,VELVETFRUIT_EXTRACT,XIREC,5240.0,24
233900,,SUBMISSION,VELVETFRUIT_EXTRACT,XIREC,5239.0,43
234000,,SUBMISSION,VELVETFRUIT_EXTRACT,XIREC,5241.0,15
234000,,SUBMISSION,VELVETFRUIT_EXTRACT,XIREC,5240.0,36
234100,,SUBMISSION,VELVETFRUIT_EXTRACT,XIREC,5240.0,68
234200,,SUBMISSION,VELVETFRUIT_EXTRACT,XIREC,5242.0,16
234200,,SUBMISSION,VELVETFRUIT_EXTRACT,XIREC,5241.0,19
234200,,,HYDROGEL_PACK,XIREC,9976.0,6
235100,SUBMISSION,,VEV_5300,XIREC,46.0,3
235100,SUBMISSION,,VEV_5400,XIREC,18.0,3
235100,SUBMISSION,,VEV_5500,XIREC,7.0,3
235100,,,VEV_6000,XIREC,0.0,3
235100,,,VEV_6500,XIREC,0.0,3
235900,SUBMISSION,,VELVETFRUIT_EXTRACT,XIREC,5232.0,8
237800,,SUBMISSION,VEV_4000,XIREC,1236.0,3
238700,,,VELVETFRUIT_EXTRACT,XIREC,5233.0,6
239200,SUBMISSION,,VELVETFRUIT_EXTRACT,XIREC,5230.0,5
240700,SUBMISSION,,HYDROGEL_PACK,XIREC,9964.0,4
241300,SUBMISSION,,VELVETFRUIT_EXTRACT,XIREC,5230.0,15
242100,,SUBMISSION,VELVETFRUIT_EXTRACT,XIREC,5236.0,3
243200,,SUBMISSION,VEV_4000,XIREC,1244.0,3
243300,,,HYDROGEL_PACK,XIREC,9977.0,2
243700,,SUBMISSION,VELVETFRUIT_EXTRACT,XIREC,5239.0,16
243800,,SUBMISSION,VELVETFRUIT_EXTRACT,XIREC,5239.0,9
244000,SUBMISSION,,VEV_4000,XIREC,1235.0,3
246000,SUBMISSION,,VEV_4000,XIREC,1240.0,3
247100,,,HYDROGEL_PACK,XIREC,9971.0,5
247200,SUBMISSION,,VEV_4000,XIREC,1238.0,3
247700,SUBMISSION,,HYDROGEL_PACK,XIREC,9966.0,12
247800,SUBMISSION,,HYDROGEL_PACK,XIREC,9953.0,4
248200,SUBMISSION,,HYDROGEL_PACK,XIREC,9966.0,15
248300,SUBMISSION,,HYDROGEL_PACK,XIREC,9965.0,11
248500,,,VELVETFRUIT_EXTRACT,XIREC,5241.0,8
248600,SUBMISSION,,HYDROGEL_PACK,XIREC,9958.0,9
248600,SUBMISSION,,HYDROGEL_PACK,XIREC,9966.0,12
248700,SUBMISSION,,HYDROGEL_PACK,XIREC,9966.0,12
248700,,,HYDROGEL_PACK,XIREC,9966.0,3
249000,SUBMISSION,,HYDROGEL_PACK,XIREC,9966.0,11
249100,SUBMISSION,,HYDROGEL_PACK,XIREC,9967.0,14
249200,SUBMISSION,,HYDROGEL_PACK,XIREC,9967.0,11
249300,SUBMISSION,,HYDROGEL_PACK,XIREC,9966.0,11
249400,SUBMISSION,,HYDROGEL_PACK,XIREC,9964.0,11
249400,SUBMISSION,,HYDROGEL_PACK,XIREC,9966.0,30
249500,SUBMISSION,,HYDROGEL_PACK,XIREC,9962.0,12
249500,SUBMISSION,,HYDROGEL_PACK,XIREC,9964.0,24
249600,SUBMISSION,,HYDROGEL_PACK,XIREC,9961.0,10
249600,SUBMISSION,,HYDROGEL_PACK,XIREC,9963.0,24
249700,SUBMISSION,,HYDROGEL_PACK,XIREC,9960.0,12
249700,SUBMISSION,,HYDROGEL_PACK,XIREC,9963.0,23
249800,SUBMISSION,,HYDROGEL_PACK,XIREC,9958.0,10
249800,SUBMISSION,,HYDROGEL_PACK,XIREC,9961.0,21
249900,SUBMISSION,,HYDROGEL_PACK,XIREC,9956.0,12
249900,SUBMISSION,,HYDROGEL_PACK,XIREC,9959.0,30
250000,SUBMISSION,,HYDROGEL_PACK,XIREC,9958.0,10
250000,SUBMISSION,,HYDROGEL_PACK,XIREC,9960.0,29
250100,SUBMISSION,,HYDROGEL_PACK,XIREC,9960.0,10
250100,SUBMISSION,,HYDROGEL_PACK,XIREC,9962.0,5
250200,,,VELVETFRUIT_EXTRACT,XIREC,5244.0,7
251800,,,VELVETFRUIT_EXTRACT,XIREC,5249.0,4
253100,SUBMISSION,,VEV_4000,XIREC,1243.0,2
256100,,,HYDROGEL_PACK,XIREC,9969.0,5
256100,,,VELVETFRUIT_EXTRACT,XIREC,5243.0,4
256500,SUBMISSION,,VEV_5500,XIREC,7.0,4
256500,,,VEV_6000,XIREC,0.0,4
256500,,,VEV_6500,XIREC,0.0,4
257100,,,VELVETFRUIT_EXTRACT,XIREC,5245.0,7
257800,SUBMISSION,,VEV_5500,XIREC,7.0,4
257800,,,VEV_6000,XIREC,0.0,4
257800,,,VEV_6500,XIREC,0.0,4
259300,SUBMISSION,,VELVETFRUIT_EXTRACT,XIREC,5234.0,15
260100,,SUBMISSION,HYDROGEL_PACK,XIREC,9998.0,2
260200,SUBMISSION,,VELVETFRUIT_EXTRACT,XIREC,5236.0,3
260500,,SUBMISSION,HYDROGEL_PACK,XIREC,9987.0,13
260500,,SUBMISSION,HYDROGEL_PACK,XIREC,9985.0,22
260600,,SUBMISSION,HYDROGEL_PACK,XIREC,9987.0,10
260600,,SUBMISSION,HYDROGEL_PACK,XIREC,9984.0,23
260700,,SUBMISSION,HYDROGEL_PACK,XIREC,9986.0,15
260700,,SUBMISSION,HYDROGEL_PACK,XIREC,9984.0,22
260800,,SUBMISSION,HYDROGEL_PACK,XIREC,9986.0,12
260800,,SUBMISSION,HYDROGEL_PACK,XIREC,9984.0,28
260900,,SUBMISSION,HYDROGEL_PACK,XIREC,9985.0,10
260900,,SUBMISSION,HYDROGEL_PACK,XIREC,9982.0,20
261000,,SUBMISSION,HYDROGEL_PACK,XIREC,9983.0,14
261100,,SUBMISSION,HYDROGEL_PACK,XIREC,9983.0,11
261100,,SUBMISSION,HYDROGEL_PACK,XIREC,9981.0,23
261200,,SUBMISSION,HYDROGEL_PACK,XIREC,9987.0,12
261200,,SUBMISSION,HYDROGEL_PACK,XIREC,9985.0,28
261300,,SUBMISSION,HYDROGEL_PACK,XIREC,9991.0,13
261300,,SUBMISSION,HYDROGEL_PACK,XIREC,9989.0,24
261400,,SUBMISSION,HYDROGEL_PACK,XIREC,9993.0,11
261400,,SUBMISSION,HYDROGEL_PACK,XIREC,9991.0,20
261500,,SUBMISSION,HYDROGEL_PACK,XIREC,9993.0,11
261500,,SUBMISSION,HYDROGEL_PACK,XIREC,9991.0,28
261500,,SUBMISSION,HYDROGEL_PACK,XIREC,10008.0,5
261600,,SUBMISSION,HYDROGEL_PACK,XIREC,10001.0,10
261600,,SUBMISSION,HYDROGEL_PACK,XIREC,9994.0,13
262300,SUBMISSION,,VEV_4000,XIREC,1239.0,3
263400,SUBMISSION,,VEV_5300,XIREC,47.0,2
263400,SUBMISSION,,VEV_5400,XIREC,18.0,2
263400,SUBMISSION,,VEV_5500,XIREC,7.0,2
263400,,,VEV_6000,XIREC,0.0,2
263400,,,VEV_6500,XIREC,0.0,2
263700,,,HYDROGEL_PACK,XIREC,9989.0,3
263900,,SUBMISSION,VELVETFRUIT_EXTRACT,XIREC,5244.0,18
265200,,,VELVETFRUIT_EXTRACT,XIREC,5241.0,8
265500,,,VELVETFRUIT_EXTRACT,XIREC,5241.0,6
265900,,,VELVETFRUIT_EXTRACT,XIREC,5242.0,8
266000,,,VELVETFRUIT_EXTRACT,XIREC,5241.0,8
266500,,SUBMISSION,VEV_4000,XIREC,1252.0,2
266800,,,HYDROGEL_PACK,XIREC,9993.0,6
267500,,,VELVETFRUIT_EXTRACT,XIREC,5238.0,8
270900,,,VELVETFRUIT_EXTRACT,XIREC,5242.0,8
271900,,SUBMISSION,VEV_4000,XIREC,1248.0,2
273500,SUBMISSION,,VEV_4000,XIREC,1242.0,3
273500,,,HYDROGEL_PACK,XIREC,9995.0,4
273700,,,VELVETFRUIT_EXTRACT,XIREC,5251.0,3
275700,,SUBMISSION,VEV_4000,XIREC,1254.0,3
277200,SUBMISSION,,VEV_5400,XIREC,20.0,3
277200,SUBMISSION,,VEV_5500,XIREC,8.0,3
277200,,,VELVETFRUIT_EXTRACT,XIREC,5254.0,6
277200,,,VEV_6000,XIREC,0.0,3
277200,,,VEV_6500,XIREC,0.0,3
278200,,,HYDROGEL_PACK,XIREC,9997.0,5
278600,,,HYDROGEL_PACK,XIREC,9991.0,4
280000,,,HYDROGEL_PACK,XIREC,9991.0,3
280600,SUBMISSION,,VELVETFRUIT_EXTRACT,XIREC,5239.0,8
281300,,,VELVETFRUIT_EXTRACT,XIREC,5242.0,8
281500,SUBMISSION,,HYDROGEL_PACK,XIREC,9974.0,5
281700,SUBMISSION,,VEV_4000,XIREC,1237.0,3
282600,,,VELVETFRUIT_EXTRACT,XIREC,5243.0,7
283800,,,HYDROGEL_PACK,XIREC,9990.0,2
284700,,,HYDROGEL_PACK,XIREC,9979.0,2
286800,SUBMISSION,,VELVETFRUIT_EXTRACT,XIREC,5233.0,6
286800,,SUBMISSION,VEV_4000,XIREC,1240.0,3
287600,,,HYDROGEL_PACK,XIREC,9980.0,6
287700,,,HYDROGEL_PACK,XIREC,9984.0,3
289500,,SUBMISSION,VELVETFRUIT_EXTRACT,XIREC,5249.0,5
289500,,,VELVETFRUIT_EXTRACT,XIREC,5250.0,2
290600,,,HYDROGEL_PACK,XIREC,9981.0,2
290700,SUBMISSION,,VEV_5500,XIREC,8.0,5
290700,,,VEV_6000,XIREC,0.0,5
290700,,,VEV_6500,XIREC,0.0,5
290800,,,HYDROGEL_PACK,XIREC,9998.0,5
291200,SUBMISSION,,VELVETFRUIT_EXTRACT,XIREC,5238.0,7
292400,,SUBMISSION,VELVETFRUIT_EXTRACT,XIREC,5244.0,6
292700,,SUBMISSION,HYDROGEL_PACK,XIREC,9992.0,3
292800,SUBMISSION,,VEV_5400,XIREC,19.0,3
292800,SUBMISSION,,VEV_5500,XIREC,8.0,3
292800,,,VEV_6000,XIREC,0.0,3
292800,,,VEV_6500,XIREC,0.0,3
292900,,SUBMISSION,HYDROGEL_PACK,XIREC,9994.0,1
293200,,,VELVETFRUIT_EXTRACT,XIREC,5242.0,7
294900,,,HYDROGEL_PACK,XIREC,10006.0,6
295500,,SUBMISSION,HYDROGEL_PACK,XIREC,9996.0,1
296600,SUBMISSION,,VEV_4000,XIREC,1244.0,3
296800,,SUBMISSION,VELVETFRUIT_EXTRACT,XIREC,5247.0,10
297300,,,VELVETFRUIT_EXTRACT,XIREC,5245.0,3
297600,,,VELVETFRUIT_EXTRACT,XIREC,5245.0,8
297800,,,VELVETFRUIT_EXTRACT,XIREC,5251.0,5
298700,,,HYDROGEL_PACK,XIREC,10003.0,4
304100,SUBMISSION,,VEV_4000,XIREC,1249.0,1
304700,,,VELVETFRUIT_EXTRACT,XIREC,5255.0,4
305700,,,VELVETFRUIT_EXTRACT,XIREC,5252.0,8
305800,,,HYDROGEL_PACK,XIREC,10020.0,2
310000,,,VELVETFRUIT_EXTRACT,XIREC,5253.0,3
310200,,,HYDROGEL_PACK,XIREC,10016.0,2
311500,,,HYDROGEL_PACK,XIREC,10027.0,5
313000,SUBMISSION,,VEV_4000,XIREC,1253.0,2
313400,,,HYDROGEL_PACK,XIREC,10023.0,5
316700,SUBMISSION,,VEV_5400,XIREC,22.0,5
316700,SUBMISSION,,VEV_5500,XIREC,9.0,5
316700,,,VEV_6000,XIREC,0.0,5
316700,,,VEV_6500,XIREC,0.0,5
317600,SUBMISSION,,VEV_5400,XIREC,22.0,2
317600,SUBMISSION,,VEV_5500,XIREC,9.0,2
317600,,,VEV_6000,XIREC,0.0,2
317600,,,VEV_6500,XIREC,0.0,2
318700,,,HYDROGEL_PACK,XIREC,10014.0,6
320300,SUBMISSION,,VEV_4000,XIREC,1258.0,2
320700,,SUBMISSION,VEV_4000,XIREC,1268.0,3
320900,,,HYDROGEL_PACK,XIREC,10034.0,4
321200,,,HYDROGEL_PACK,XIREC,10009.0,4
321200,,,VELVETFRUIT_EXTRACT,XIREC,5257.0,10
322800,SUBMISSION,,VEV_4000,XIREC,1255.0,1
323400,,,VELVETFRUIT_EXTRACT,XIREC,5258.0,12
323500,SUBMISSION,,VEV_4000,XIREC,1252.0,3
323900,,,VELVETFRUIT_EXTRACT,XIREC,5258.0,7
327600,,,VELVETFRUIT_EXTRACT,XIREC,5269.0,3
328800,SUBMISSION,,VEV_4000,XIREC,1261.0,3
329500,,,VELVETFRUIT_EXTRACT,XIREC,5266.0,10
329700,,,VELVETFRUIT_EXTRACT,XIREC,5265.0,3
330900,,,HYDROGEL_PACK,XIREC,10040.0,3
331400,,,HYDROGEL_PACK,XIREC,10025.0,2
332300,SUBMISSION,,VEV_5300,XIREC,58.0,4
332300,SUBMISSION,,VEV_5500,XIREC,10.0,4
332300,,,VEV_6000,XIREC,0.0,4
332300,,,VEV_6500,XIREC,0.0,4
332700,,,HYDROGEL_PACK,XIREC,10030.0,6
335000,,,HYDROGEL_PACK,XIREC,10047.0,5
335300,,,HYDROGEL_PACK,XIREC,10048.0,4
335400,,,HYDROGEL_PACK,XIREC,10048.0,4
335400,,,VELVETFRUIT_EXTRACT,XIREC,5266.0,8
336800,,,HYDROGEL_PACK,XIREC,10034.0,5
338000,,,VELVETFRUIT_EXTRACT,XIREC,5262.0,3
340000,,,HYDROGEL_PACK,XIREC,10028.0,6
345000,,,HYDROGEL_PACK,XIREC,10015.0,4
345100,SUBMISSION,,VEV_4000,XIREC,1247.0,2
345400,SUBMISSION,,VELVETFRUIT_EXTRACT,XIREC,5250.0,8
346200,,SUBMISSION,VELVETFRUIT_EXTRACT,XIREC,5258.0,8
346300,,,VELVETFRUIT_EXTRACT,XIREC,5262.0,8
346400,,,VELVETFRUIT_EXTRACT,XIREC,5258.0,3
347400,SUBMISSION,,VEV_4000,XIREC,1258.0,1
350700,,,VELVETFRUIT_EXTRACT,XIREC,5276.0,6
351100,,,VELVETFRUIT_EXTRACT,XIREC,5271.0,7
351800,SUBMISSION,,VEV_4000,XIREC,1270.0,1
352700,,,VELVETFRUIT_EXTRACT,XIREC,5274.0,7
354000,,,VELVETFRUIT_EXTRACT,XIREC,5270.0,3
354400,,,VELVETFRUIT_EXTRACT,XIREC,5271.0,4
356200,SUBMISSION,,VEV_4000,XIREC,1267.0,1
358200,,,HYDROGEL_PACK,XIREC,9994.0,6
359500,,,VELVETFRUIT_EXTRACT,XIREC,5279.0,6
360000,,,VEV_6000,XIREC,0.0,4
360000,,,VEV_6500,XIREC,0.0,4
363700,,,HYDROGEL_PACK,XIREC,10022.0,5
365100,SUBMISSION,,VEV_4000,XIREC,1271.0,1
366300,,,VELVETFRUIT_EXTRACT,XIREC,5279.0,7
366900,,,HYDROGEL_PACK,XIREC,10045.0,5
367000,,,HYDROGEL_PACK,XIREC,10042.0,5
369300,SUBMISSION,,VEV_4000,XIREC,1268.0,1
369900,,,VELVETFRUIT_EXTRACT,XIREC,5274.0,8
370400,,,HYDROGEL_PACK,XIREC,10047.0,2
370600,,,HYDROGEL_PACK,XIREC,10031.0,4
372300,,,VELVETFRUIT_EXTRACT,XIREC,5279.0,9
373300,,,HYDROGEL_PACK,XIREC,10054.0,2
374900,,SUBMISSION,VEV_4000,XIREC,1290.0,1
374900,,,VELVETFRUIT_EXTRACT,XIREC,5287.0,3
376500,,,VELVETFRUIT_EXTRACT,XIREC,5287.0,3
376700,,,VELVETFRUIT_EXTRACT,XIREC,5286.0,8
378100,SUBMISSION,,VEV_4000,XIREC,1272.0,3
380100,,SUBMISSION,VEV_4000,XIREC,1275.0,1
380500,,,HYDROGEL_PACK,XIREC,10043.0,4
381200,,,VELVETFRUIT_EXTRACT,XIREC,5269.0,7
381400,,,HYDROGEL_PACK,XIREC,10035.0,4
383100,,,HYDROGEL_PACK,XIREC,10033.0,6
386500,,,VELVETFRUIT_EXTRACT,XIREC,5271.0,3
387500,,,VELVETFRUIT_EXTRACT,XIREC,5275.0,7
388000,,,VELVETFRUIT_EXTRACT,XIREC,5275.0,4
389600,,,VELVETFRUIT_EXTRACT,XIREC,5271.0,4
389800,,,HYDROGEL_PACK,XIREC,10018.0,4
390400,,,HYDROGEL_PACK,XIREC,10003.0,6
392600,,,VELVETFRUIT_EXTRACT,XIREC,5266.0,8
394200,,,VELVETFRUIT_EXTRACT,XIREC,5261.0,7
394300,,SUBMISSION,VEV_4000,XIREC,1267.0,2
395500,,,VELVETFRUIT_EXTRACT,XIREC,5261.0,3
396900,,,VELVETFRUIT_EXTRACT,XIREC,5263.0,10
397900,,,VELVETFRUIT_EXTRACT,XIREC,5260.0,6
399700,SUBMISSION,,VELVETFRUIT_EXTRACT,XIREC,5259.0,6
402000,,,HYDROGEL_PACK,XIREC,10016.0,4
402100,SUBMISSION,,VEV_5400,XIREC,21.0,3
402100,SUBMISSION,,VEV_5500,XIREC,9.0,3
402100,,,VEV_6000,XIREC,0.0,3
402100,,,VEV_6500,XIREC,0.0,3
404300,,,VELVETFRUIT_EXTRACT,XIREC,5260.0,8
405600,,,HYDROGEL_PACK,XIREC,9999.0,5
405800,SUBMISSION,,VELVETFRUIT_EXTRACT,XIREC,5260.0,7
407300,,SUBMISSION,VELVETFRUIT_EXTRACT,XIREC,5267.0,13
407400,,SUBMISSION,VEV_4000,XIREC,1276.0,1
407800,,,VELVETFRUIT_EXTRACT,XIREC,5271.0,9
409600,,,VELVETFRUIT_EXTRACT,XIREC,5269.0,6
410500,,,HYDROGEL_PACK,XIREC,9990.0,3
410600,SUBMISSION,,HYDROGEL_PACK,XIREC,9989.0,11
410700,SUBMISSION,,HYDROGEL_PACK,XIREC,9986.0,11
410700,SUBMISSION,,HYDROGEL_PACK,XIREC,9988.0,26
410800,SUBMISSION,,HYDROGEL_PACK,XIREC,9983.0,15
410800,SUBMISSION,,HYDROGEL_PACK,XIREC,9986.0,21
410900,SUBMISSION,,HYDROGEL_PACK,XIREC,9986.0,13
410900,SUBMISSION,,HYDROGEL_PACK,XIREC,9988.0,28
411000,SUBMISSION,,HYDROGEL_PACK,XIREC,9987.0,10
411000,SUBMISSION,,HYDROGEL_PACK,XIREC,9990.0,29
411100,SUBMISSION,,HYDROGEL_PACK,XIREC,9988.0,11
411100,SUBMISSION,,HYDROGEL_PACK,XIREC,9991.0,27
411200,SUBMISSION,,HYDROGEL_PACK,XIREC,9985.0,15
411200,SUBMISSION,,HYDROGEL_PACK,XIREC,9988.0,24
411300,SUBMISSION,,HYDROGEL_PACK,XIREC,9986.0,12
411300,SUBMISSION,,HYDROGEL_PACK,XIREC,9989.0,20
411400,SUBMISSION,,HYDROGEL_PACK,XIREC,9987.0,14
411400,SUBMISSION,,HYDROGEL_PACK,XIREC,9990.0,28
411400,,SUBMISSION,VEV_4000,XIREC,1276.0,1
411600,SUBMISSION,,HYDROGEL_PACK,XIREC,9989.0,11
411700,SUBMISSION,,HYDROGEL_PACK,XIREC,9990.0,12
411800,SUBMISSION,,HYDROGEL_PACK,XIREC,9987.0,13
411800,SUBMISSION,,HYDROGEL_PACK,XIREC,9990.0,23
411900,SUBMISSION,,HYDROGEL_PACK,XIREC,9987.0,10
412000,SUBMISSION,,HYDROGEL_PACK,XIREC,9986.0,13
412100,SUBMISSION,,HYDROGEL_PACK,XIREC,9985.0,1
412400,SUBMISSION,,HYDROGEL_PACK,XIREC,9984.0,1
414600,,,HYDROGEL_PACK,XIREC,9993.0,2
414800,,,VELVETFRUIT_EXTRACT,XIREC,5266.0,5
416000,SUBMISSION,,HYDROGEL_PACK,XIREC,9975.0,1
416400,,,HYDROGEL_PACK,XIREC,9964.0,5
417000,,,HYDROGEL_PACK,XIREC,9978.0,6
417000,,,VELVETFRUIT_EXTRACT,XIREC,5264.0,9
417100,,,HYDROGEL_PACK,XIREC,9977.0,2
417500,,SUBMISSION,VEV_4000,XIREC,1269.0,2
419500,SUBMISSION,,VELVETFRUIT_EXTRACT,XIREC,5262.0,5
420400,SUBMISSION,,VEV_5400,XIREC,21.0,3
420400,SUBMISSION,,VEV_5500,XIREC,9.0,3
420400,,,VEV_6000,XIREC,0.0,3
420400,,,VEV_6500,XIREC,0.0,3
421200,,,VELVETFRUIT_EXTRACT,XIREC,5270.0,5
422900,,,HYDROGEL_PACK,XIREC,9977.0,4
423100,,,VELVETFRUIT_EXTRACT,XIREC,5264.0,6
425600,,,HYDROGEL_PACK,XIREC,9994.0,2
428200,SUBMISSION,,VELVETFRUIT_EXTRACT,XIREC,5257.0,8
428300,,SUBMISSION,HYDROGEL_PACK,XIREC,10000.0,5
429100,SUBMISSION,,VELVETFRUIT_EXTRACT,XIREC,5254.0,8
429100,,,HYDROGEL_PACK,XIREC,9979.0,3
429200,SUBMISSION,,VELVETFRUIT_EXTRACT,XIREC,5253.0,20
429200,SUBMISSION,,VELVETFRUIT_EXTRACT,XIREC,5254.0,49
429300,SUBMISSION,,VELVETFRUIT_EXTRACT,XIREC,5253.0,16
429300,SUBMISSION,,VELVETFRUIT_EXTRACT,XIREC,5254.0,5
429500,SUBMISSION,,VELVETFRUIT_EXTRACT,XIREC,5253.0,65
429600,SUBMISSION,,VELVETFRUIT_EXTRACT,XIREC,5252.0,48
429700,SUBMISSION,,VELVETFRUIT_EXTRACT,XIREC,5249.0,8
429700,SUBMISSION,,VELVETFRUIT_EXTRACT,XIREC,5252.0,18
429700,SUBMISSION,,VELVETFRUIT_EXTRACT,XIREC,5253.0,31
429700,,,VELVETFRUIT_EXTRACT,XIREC,5249.0,8
429800,SUBMISSION,,VELVETFRUIT_EXTRACT,XIREC,5252.0,64
430000,SUBMISSION,,VELVETFRUIT_EXTRACT,XIREC,5249.0,8
430000,SUBMISSION,,VELVETFRUIT_EXTRACT,XIREC,5252.0,39
430800,,,VELVETFRUIT_EXTRACT,XIREC,5252.0,4
431800,,SUBMISSION,VEV_4000,XIREC,1255.0,1
431900,SUBMISSION,,VELVETFRUIT_EXTRACT,XIREC,5250.0,7
432000,SUBMISSION,,HYDROGEL_PACK,XIREC,9985.0,3
432000,SUBMISSION,,VELVETFRUIT_EXTRACT,XIREC,5249.0,1
432000,,,VELVETFRUIT_EXTRACT,XIREC,5249.0,8
432500,SUBMISSION,,HYDROGEL_PACK,XIREC,9984.0,1
433000,SUBMISSION,,HYDROGEL_PACK,XIREC,9978.0,1
433100,,,VELVETFRUIT_EXTRACT,XIREC,5246.0,9
433500,,,VELVETFRUIT_EXTRACT,XIREC,5248.0,3
435200,,,HYDROGEL_PACK,XIREC,9978.0,6
436500,,,HYDROGEL_PACK,XIREC,9985.0,3
436600,,,VELVETFRUIT_EXTRACT,XIREC,5249.0,8
437100,,,VELVETFRUIT_EXTRACT,XIREC,5245.0,5
440100,,,VELVETFRUIT_EXTRACT,XIREC,5248.0,4
442300,,,VELVETFRUIT_EXTRACT,XIREC,5244.0,7
443900,,,HYDROGEL_PACK,XIREC,9966.0,5
446300,,,HYDROGEL_PACK,XIREC,9960.0,3
446500,SUBMISSION,,VEV_4000,XIREC,1245.0,1
447400,,,HYDROGEL_PACK,XIREC,9944.0,5
447500,,SUBMISSION,VEV_4000,XIREC,1256.0,3
447800,SUBMISSION,,VEV_4000,XIREC,1244.0,3
447800,SUBMISSION,,VEV_5300,XIREC,49.0,5
447800,SUBMISSION,,VEV_5400,XIREC,18.0,5
447800,SUBMISSION,,VEV_5500,XIREC,7.0,5
447800,,,VEV_6000,XIREC,0.0,5
447800,,,VEV_6500,XIREC,0.0,5
448000,,,HYDROGEL_PACK,XIREC,9951.0,4
448100,SUBMISSION,,VEV_4000,XIREC,1245.0,2
448400,,,VELVETFRUIT_EXTRACT,XIREC,5253.0,7
449700,SUBMISSION,,VEV_5400,XIREC,17.0,5
449700,SUBMISSION,,VEV_5500,XIREC,7.0,5
449700,,,VEV_6000,XIREC,0.0,5
449700,,,VEV_6500,XIREC,0.0,5
450100,,,VELVETFRUIT_EXTRACT,XIREC,5242.0,5
450300,,,VELVETFRUIT_EXTRACT,XIREC,5246.0,7
450400,SUBMISSION,,VEV_4000,XIREC,1240.0,3
450500,,,VELVETFRUIT_EXTRACT,XIREC,5243.0,6
452500,,,VELVETFRUIT_EXTRACT,XIREC,5240.0,8
453100,SUBMISSION,,VEV_5300,XIREC,45.0,3
453100,SUBMISSION,,VEV_5400,XIREC,16.0,3
453100,SUBMISSION,,VEV_5500,XIREC,6.0,3
453100,,,VEV_6000,XIREC,0.0,3
453100,,,VEV_6500,XIREC,0.0,3
453900,,,VELVETFRUIT_EXTRACT,XIREC,5237.0,10
454500,SUBMISSION,,VEV_4000,XIREC,1237.0,2
454500,,,VELVETFRUIT_EXTRACT,XIREC,5240.0,8
455100,,,HYDROGEL_PACK,XIREC,9962.0,5
455600,,,VELVETFRUIT_EXTRACT,XIREC,5241.0,4
456500,,SUBMISSION,VEV_4000,XIREC,1246.0,3
456600,,,VELVETFRUIT_EXTRACT,XIREC,5243.0,8
458100,,,VELVETFRUIT_EXTRACT,XIREC,5237.0,8
459200,SUBMISSION,,VEV_4000,XIREC,1234.0,3
460000,,,HYDROGEL_PACK,XIREC,9979.0,6
460100,,,HYDROGEL_PACK,XIREC,9981.0,3
462900,,,HYDROGEL_PACK,XIREC,9977.0,5
463000,,,HYDROGEL_PACK,XIREC,9974.0,3
463300,,,VELVETFRUIT_EXTRACT,XIREC,5227.0,8
463700,,,VELVETFRUIT_EXTRACT,XIREC,5234.0,3
467600,,,HYDROGEL_PACK,XIREC,9966.0,3
469900,,,VELVETFRUIT_EXTRACT,XIREC,5233.0,3
470500,,,VELVETFRUIT_EXTRACT,XIREC,5232.0,5
471100,,,VELVETFRUIT_EXTRACT,XIREC,5231.0,6
471700,,,HYDROGEL_PACK,XIREC,9980.0,3
472600,,,VELVETFRUIT_EXTRACT,XIREC,5233.0,7
472700,,,VELVETFRUIT_EXTRACT,XIREC,5234.0,6
473100,,,HYDROGEL_PACK,XIREC,9970.0,3
474000,,,VELVETFRUIT_EXTRACT,XIREC,5238.0,7
474600,,,VELVETFRUIT_EXTRACT,XIREC,5232.0,9
474900,,,HYDROGEL_PACK,XIREC,9964.0,5
476200,,,HYDROGEL_PACK,XIREC,9957.0,4
476800,,,VELVETFRUIT_EXTRACT,XIREC,5240.0,8
477700,,,HYDROGEL_PACK,XIREC,9958.0,5
478700,,,VELVETFRUIT_EXTRACT,XIREC,5234.0,3
479200,SUBMISSION,,VEV_5400,XIREC,15.0,2
479200,SUBMISSION,,VEV_5500,XIREC,6.0,2
479200,,,VEV_6000,XIREC,0.0,2
479200,,,VEV_6500,XIREC,0.0,2
481600,,,HYDROGEL_PACK,XIREC,9956.0,3
482700,,,VELVETFRUIT_EXTRACT,XIREC,5251.0,7
483100,,,VELVETFRUIT_EXTRACT,XIREC,5247.0,3
486200,SUBMISSION,,VEV_5400,XIREC,17.0,4
486200,SUBMISSION,,VEV_5500,XIREC,7.0,4
486200,,,VEV_6000,XIREC,0.0,4
486200,,,VEV_6500,XIREC,0.0,4
487500,,,HYDROGEL_PACK,XIREC,9959.0,4
488600,,,VELVETFRUIT_EXTRACT,XIREC,5244.0,5
489700,,,HYDROGEL_PACK,XIREC,9956.0,6
489900,,,HYDROGEL_PACK,XIREC,9955.0,6
490300,SUBMISSION,,VEV_5300,XIREC,45.0,2
490300,SUBMISSION,,VEV_5400,XIREC,16.0,2
490300,SUBMISSION,,VEV_5500,XIREC,7.0,2
490300,,,VEV_6000,XIREC,0.0,2
490300,,,VEV_6500,XIREC,0.0,2
491300,,,VELVETFRUIT_EXTRACT,XIREC,5234.0,4
491300,,,VELVETFRUIT_EXTRACT,XIREC,5234.0,3
491600,,,VELVETFRUIT_EXTRACT,XIREC,5238.0,3
493600,,,HYDROGEL_PACK,XIREC,9982.0,2
493600,,,VELVETFRUIT_EXTRACT,XIREC,5241.0,5
494100,,,VELVETFRUIT_EXTRACT,XIREC,5244.0,6
495200,,,VELVETFRUIT_EXTRACT,XIREC,5242.0,7
496300,,,HYDROGEL_PACK,XIREC,9973.0,4
497200,,,HYDROGEL_PACK,XIREC,9971.0,5
498200,,,HYDROGEL_PACK,XIREC,9963.0,5
498300,SUBMISSION,,VEV_4000,XIREC,1239.0,3
499400,,,VELVETFRUIT_EXTRACT,XIREC,5247.0,7
499600,,,HYDROGEL_PACK,XIREC,9979.0,6
501100,,,VELVETFRUIT_EXTRACT,XIREC,5246.0,6
501400,,SUBMISSION,HYDROGEL_PACK,XIREC,9985.0,5
501600,,,HYDROGEL_PACK,XIREC,9985.0,6
502000,,,HYDROGEL_PACK,XIREC,9983.0,3
502700,,,VELVETFRUIT_EXTRACT,XIREC,5243.0,6
503200,SUBMISSION,,VEV_4000,XIREC,1233.0,3
504400,SUBMISSION,,VEV_4000,XIREC,1233.0,3
504900,SUBMISSION,,VEV_4000,XIREC,1232.0,3
505000,SUBMISSION,,HYDROGEL_PACK,XIREC,9971.0,5
505100,,SUBMISSION,VEV_4000,XIREC,1246.0,3
505700,SUBMISSION,,VEV_5300,XIREC,45.0,4
505700,SUBMISSION,,VEV_5400,XIREC,16.0,4
505700,SUBMISSION,,VEV_5500,XIREC,7.0,4
505700,,,VEV_6000,XIREC,0.0,4
505700,,,VEV_6500,XIREC,0.0,4
506200,SUBMISSION,,VEV_4000,XIREC,1238.0,1
507500,,,VELVETFRUIT_EXTRACT,XIREC,5231.0,6
510900,,,HYDROGEL_PACK,XIREC,9939.0,4
512300,,,VELVETFRUIT_EXTRACT,XIREC,5225.0,7
513300,,,VELVETFRUIT_EXTRACT,XIREC,5225.0,10
513900,,,VELVETFRUIT_EXTRACT,XIREC,5232.0,7
515500,,,VELVETFRUIT_EXTRACT,XIREC,5225.0,7
515600,,,HYDROGEL_PACK,XIREC,9931.0,5
515800,,,VELVETFRUIT_EXTRACT,XIREC,5228.0,4
516300,,,HYDROGEL_PACK,XIREC,9937.0,5
517700,SUBMISSION,,VEV_4000,XIREC,1228.0,2
517900,,,HYDROGEL_PACK,XIREC,9954.0,3
518000,SUBMISSION,,VEV_4000,XIREC,1231.0,2
518000,,,HYDROGEL_PACK,XIREC,9936.0,5
518000,,,VELVETFRUIT_EXTRACT,XIREC,5234.0,7
519600,,,VELVETFRUIT_EXTRACT,XIREC,5241.0,5
520200,,,VELVETFRUIT_EXTRACT,XIREC,5243.0,4
521000,,,VELVETFRUIT_EXTRACT,XIREC,5246.0,5
521400,,,HYDROGEL_PACK,XIREC,9965.0,6
521500,,,VELVETFRUIT_EXTRACT,XIREC,5248.0,4
522300,,,HYDROGEL_PACK,XIREC,9971.0,6
522400,,,VELVETFRUIT_EXTRACT,XIREC,5249.0,7
522900,,SUBMISSION,VELVETFRUIT_EXTRACT,XIREC,5253.0,24
522900,,SUBMISSION,VELVETFRUIT_EXTRACT,XIREC,5252.0,36
523000,,SUBMISSION,VELVETFRUIT_EXTRACT,XIREC,5251.0,52
523100,,SUBMISSION,VELVETFRUIT_EXTRACT,XIREC,5251.0,25
523100,,SUBMISSION,VELVETFRUIT_EXTRACT,XIREC,5250.0,40
523200,,SUBMISSION,VELVETFRUIT_EXTRACT,XIREC,5250.0,67
523200,,SUBMISSION,VELVETFRUIT_EXTRACT,XIREC,5254.0,8
523300,,SUBMISSION,VELVETFRUIT_EXTRACT,XIREC,5250.0,21
523300,,SUBMISSION,VELVETFRUIT_EXTRACT,XIREC,5249.0,50
523600,,SUBMISSION,VELVETFRUIT_EXTRACT,XIREC,5251.0,22
523600,,SUBMISSION,VELVETFRUIT_EXTRACT,XIREC,5250.0,42
523700,SUBMISSION,,VEV_4000,XIREC,1246.0,1
524800,,SUBMISSION,VELVETFRUIT_EXTRACT,XIREC,5253.0,13
525200,SUBMISSION,,VEV_4000,XIREC,1249.0,3
525700,,,VELVETFRUIT_EXTRACT,XIREC,5257.0,8
526300,,SUBMISSION,VEV_4000,XIREC,1262.0,2
526600,SUBMISSION,,VEV_4000,XIREC,1250.0,2
526800,,SUBMISSION,HYDROGEL_PACK,XIREC,9989.0,2
527200,,,HYDROGEL_PACK,XIREC,9972.0,5
528700,SUBMISSION,,VEV_4000,XIREC,1254.0,2
530400,,,VELVETFRUIT_EXTRACT,XIREC,5263.0,7
531300,,,VELVETFRUIT_EXTRACT,XIREC,5255.0,10
532500,,SUBMISSION,VEV_4000,XIREC,1262.0,2
534700,SUBMISSION,,VEV_5300,XIREC,51.0,5
534700,SUBMISSION,,VEV_5500,XIREC,8.0,5
534700,,,VEV_6000,XIREC,0.0,5
534700,,,VEV_6500,XIREC,0.0,5
535000,,,VELVETFRUIT_EXTRACT,XIREC,5249.0,3
535200,SUBMISSION,,HYDROGEL_PACK,XIREC,9958.0,2
535900,,,VELVETFRUIT_EXTRACT,XIREC,5253.0,7
537500,,,VELVETFRUIT_EXTRACT,XIREC,5247.0,8
538100,,SUBMISSION,VEV_4000,XIREC,1251.0,2
539100,SUBMISSION,,VELVETFRUIT_EXTRACT,XIREC,5240.0,19
539100,SUBMISSION,,VELVETFRUIT_EXTRACT,XIREC,5241.0,48
539200,SUBMISSION,,VELVETFRUIT_EXTRACT,XIREC,5240.0,21
539200,SUBMISSION,,VELVETFRUIT_EXTRACT,XIREC,5241.0,37
539300,SUBMISSION,,VELVETFRUIT_EXTRACT,XIREC,5240.0,16
539300,SUBMISSION,,VELVETFRUIT_EXTRACT,XIREC,5241.0,30
539400,SUBMISSION,,VELVETFRUIT_EXTRACT,XIREC,5238.0,5
539400,SUBMISSION,,VELVETFRUIT_EXTRACT,XIREC,5241.0,59
539500,SUBMISSION,,VELVETFRUIT_EXTRACT,XIREC,5241.0,21
539500,SUBMISSION,,VELVETFRUIT_EXTRACT,XIREC,5242.0,42
539600,SUBMISSION,,VELVETFRUIT_EXTRACT,XIREC,5242.0,15
539600,SUBMISSION,,VELVETFRUIT_EXTRACT,XIREC,5243.0,44
540100,,,VELVETFRUIT_EXTRACT,XIREC,5246.0,7
540300,,SUBMISSION,HYDROGEL_PACK,XIREC,9979.0,2
542600,,SUBMISSION,VELVETFRUIT_EXTRACT,XIREC,5248.0,7
543200,SUBMISSION,,VELVETFRUIT_EXTRACT,XIREC,5242.0,7
543200,,,VELVETFRUIT_EXTRACT,XIREC,5241.0,1
543800,SUBMISSION,,VELVETFRUIT_EXTRACT,XIREC,5241.0,23
544100,SUBMISSION,,VELVETFRUIT_EXTRACT,XIREC,5241.0,20
545700,,,HYDROGEL_PACK,XIREC,9963.0,5
546200,,,VELVETFRUIT_EXTRACT,XIREC,5243.0,5
546400,SUBMISSION,,HYDROGEL_PACK,XIREC,9965.0,2
546400,,SUBMISSION,VEV_4000,XIREC,1246.0,3
547100,,,VELVETFRUIT_EXTRACT,XIREC,5240.0,12
547400,,,VELVETFRUIT_EXTRACT,XIREC,5238.0,3
548800,,SUBMISSION,VEV_4000,XIREC,1248.0,2
548900,,,VELVETFRUIT_EXTRACT,XIREC,5241.0,3
550400,,,VELVETFRUIT_EXTRACT,XIREC,5243.0,9
551200,,,VELVETFRUIT_EXTRACT,XIREC,5244.0,4
552800,,SUBMISSION,VELVETFRUIT_EXTRACT,XIREC,5247.0,7
553800,,,VELVETFRUIT_EXTRACT,XIREC,5242.0,15
554300,,,HYDROGEL_PACK,XIREC,9943.0,5
554300,,,VELVETFRUIT_EXTRACT,XIREC,5240.0,3
554500,SUBMISSION,,VEV_5400,XIREC,16.0,4
554500,SUBMISSION,,VEV_5500,XIREC,7.0,4
554500,,,VEV_6000,XIREC,0.0,4
554500,,,VEV_6500,XIREC,0.0,4
555000,,,HYDROGEL_PACK,XIREC,9938.0,2
555600,SUBMISSION,,VELVETFRUIT_EXTRACT,XIREC,5239.0,7
557400,,,HYDROGEL_PACK,XIREC,9960.0,2
558300,,,HYDROGEL_PACK,XIREC,9971.0,3
559100,,,VELVETFRUIT_EXTRACT,XIREC,5235.0,7
559800,,,HYDROGEL_PACK,XIREC,9972.0,6
560800,,,VELVETFRUIT_EXTRACT,XIREC,5238.0,4
562900,,,HYDROGEL_PACK,XIREC,9960.0,5
563300,,SUBMISSION,VEV_4000,XIREC,1242.0,3
566400,,SUBMISSION,VELVETFRUIT_EXTRACT,XIREC,5245.0,6
566500,,,HYDROGEL_PACK,XIREC,9958.0,3
568200,,,VELVETFRUIT_EXTRACT,XIREC,5247.0,7
568400,,,HYDROGEL_PACK,XIREC,9949.0,4
568500,,,HYDROGEL_PACK,XIREC,9965.0,3
568700,,SUBMISSION,VELVETFRUIT_EXTRACT,XIREC,5250.0,16
568800,SUBMISSION,,VEV_5400,XIREC,18.0,3
568800,SUBMISSION,,VEV_5500,XIREC,8.0,3
568800,,,VEV_6000,XIREC,0.0,3
568800,,,VEV_6500,XIREC,0.0,3
569000,,SUBMISSION,VELVETFRUIT_EXTRACT,XIREC,5253.0,8
571700,,SUBMISSION,VELVETFRUIT_EXTRACT,XIREC,5248.0,8
574300,,,HYDROGEL_PACK,XIREC,9951.0,4
574400,SUBMISSION,,VELVETFRUIT_EXTRACT,XIREC,5240.0,5
575000,SUBMISSION,,VEV_5300,XIREC,46.0,5
575000,SUBMISSION,,VEV_5500,XIREC,7.0,5
575000,,,VEV_6000,XIREC,0.0,5
575000,,,VEV_6500,XIREC,0.0,5
577000,,SUBMISSION,VEV_4000,XIREC,1246.0,3
577100,,SUBMISSION,VEV_4000,XIREC,1246.0,1
579000,,SUBMISSION,VELVETFRUIT_EXTRACT,XIREC,5244.0,5
579200,SUBMISSION,,VELVETFRUIT_EXTRACT,XIREC,5241.0,4
579300,,,HYDROGEL_PACK,XIREC,9969.0,2
579800,,SUBMISSION,VELVETFRUIT_EXTRACT,XIREC,5244.0,6
581000,SUBMISSION,,VELVETFRUIT_EXTRACT,XIREC,5242.0,7
581900,,,HYDROGEL_PACK,XIREC,9969.0,5
584300,SUBMISSION,,VELVETFRUIT_EXTRACT,XIREC,5238.0,7
584300,,,VELVETFRUIT_EXTRACT,XIREC,5237.0,1
585000,SUBMISSION,,VEV_5400,XIREC,16.0,4
585000,SUBMISSION,,VEV_5500,XIREC,7.0,4
585000,,,VEV_6000,XIREC,0.0,4
585000,,,VEV_6500,XIREC,0.0,4
585100,,SUBMISSION,VELVETFRUIT_EXTRACT,XIREC,5245.0,6
585200,,SUBMISSION,VEV_4000,XIREC,1249.0,2
585800,SUBMISSION,,VELVETFRUIT_EXTRACT,XIREC,5234.0,6
588900,,SUBMISSION,HYDROGEL_PACK,XIREC,9990.0,3
590500,,SUBMISSION,VEV_4000,XIREC,1245.0,2
591100,SUBMISSION,,VEV_5300,XIREC,46.0,2
591100,SUBMISSION,,VEV_5500,XIREC,7.0,2
591100,,,VEV_6000,XIREC,0.0,2
591100,,,VEV_6500,XIREC,0.0,2
591300,,,HYDROGEL_PACK,XIREC,9980.0,2
592300,,SUBMISSION,HYDROGEL_PACK,XIREC,9982.0,11
592300,,,HYDROGEL_PACK,XIREC,9982.0,4
592400,,SUBMISSION,HYDROGEL_PACK,XIREC,9982.0,14
592500,,SUBMISSION,VELVETFRUIT_EXTRACT,XIREC,5247.0,10
593200,,SUBMISSION,VELVETFRUIT_EXTRACT,XIREC,5248.0,3
593300,SUBMISSION,,VEV_5400,XIREC,16.0,2
593300,SUBMISSION,,VEV_5500,XIREC,7.0,2
593300,,,VEV_6000,XIREC,0.0,2
593300,,,VEV_6500,XIREC,0.0,2
594200,,SUBMISSION,HYDROGEL_PACK,XIREC,9982.0,13
594300,,SUBMISSION,VEV_4000,XIREC,1252.0,3
594700,,SUBMISSION,HYDROGEL_PACK,XIREC,9983.0,14
596100,,,HYDROGEL_PACK,XIREC,9977.0,4
596400,,SUBMISSION,HYDROGEL_PACK,XIREC,9982.0,11
596500,,SUBMISSION,HYDROGEL_PACK,XIREC,9995.0,6
597100,,SUBMISSION,HYDROGEL_PACK,XIREC,9984.0,11
597200,,SUBMISSION,HYDROGEL_PACK,XIREC,9983.0,15
597300,,SUBMISSION,HYDROGEL_PACK,XIREC,9982.0,11
598100,,SUBMISSION,HYDROGEL_PACK,XIREC,9981.0,15
598100,,,HYDROGEL_PACK,XIREC,9981.0,6
598200,,SUBMISSION,HYDROGEL_PACK,XIREC,9981.0,15
598300,,SUBMISSION,HYDROGEL_PACK,XIREC,9982.0,14
598400,,SUBMISSION,HYDROGEL_PACK,XIREC,9981.0,6
598500,,SUBMISSION,HYDROGEL_PACK,XIREC,9983.0,10
598500,,SUBMISSION,HYDROGEL_PACK,XIREC,9981.0,25
598700,,SUBMISSION,HYDROGEL_PACK,XIREC,9983.0,15
598700,,SUBMISSION,HYDROGEL_PACK,XIREC,9980.0,26
598800,,SUBMISSION,HYDROGEL_PACK,XIREC,9985.0,12
598800,,SUBMISSION,HYDROGEL_PACK,XIREC,9983.0,21
598900,,SUBMISSION,HYDROGEL_PACK,XIREC,9987.0,10
598900,,SUBMISSION,HYDROGEL_PACK,XIREC,9985.0,25
599000,,SUBMISSION,VELVETFRUIT_EXTRACT,XIREC,5251.0,3
599400,,SUBMISSION,HYDROGEL_PACK,XIREC,9986.0,12
599400,,SUBMISSION,HYDROGEL_PACK,XIREC,9984.0,22
599500,,SUBMISSION,HYDROGEL_PACK,XIREC,9987.0,11
599500,,SUBMISSION,HYDROGEL_PACK,XIREC,9984.0,8
599500,,SUBMISSION,HYDROGEL_PACK,XIREC,10002.0,2
599600,,SUBMISSION,HYDROGEL_PACK,XIREC,9994.0,4
599600,,SUBMISSION,HYDROGEL_PACK,XIREC,9986.0,14
599600,,SUBMISSION,HYDROGEL_PACK,XIREC,9984.0,11
599700,,,HYDROGEL_PACK,XIREC,9986.0,5
601600,,SUBMISSION,HYDROGEL_PACK,XIREC,9995.0,4
601600,,,HYDROGEL_PACK,XIREC,9996.0,2
603000,SUBMISSION,,VEV_5300,XIREC,46.0,2
603000,SUBMISSION,,VEV_5500,XIREC,7.0,2
603000,,,VEV_6000,XIREC,0.0,2
603000,,,VEV_6500,XIREC,0.0,2
603100,,SUBMISSION,VEV_4000,XIREC,1247.0,3
603800,,SUBMISSION,HYDROGEL_PACK,XIREC,9992.0,3
604300,,SUBMISSION,HYDROGEL_PACK,XIREC,9995.0,4
604500,,SUBMISSION,HYDROGEL_PACK,XIREC,9998.0,2
604600,,,VELVETFRUIT_EXTRACT,XIREC,5243.0,7
604900,SUBMISSION,,VELVETFRUIT_EXTRACT,XIREC,5237.0,7
605300,SUBMISSION,,VELVETFRUIT_EXTRACT,XIREC,5238.0,35
605600,,,VELVETFRUIT_EXTRACT,XIREC,5239.0,5
606800,,,VELVETFRUIT_EXTRACT,XIREC,5236.0,3
608000,,,VELVETFRUIT_EXTRACT,XIREC,5236.0,8
611300,,SUBMISSION,VEV_4000,XIREC,1245.0,1
613300,SUBMISSION,,VEV_5400,XIREC,14.0,5
613300,SUBMISSION,,VEV_5500,XIREC,6.0,5
613300,,,VEV_6000,XIREC,0.0,5
613300,,,VEV_6500,XIREC,0.0,5
616500,,,HYDROGEL_PACK,XIREC,10016.0,6
618000,,,VELVETFRUIT_EXTRACT,XIREC,5228.0,6
619000,,,HYDROGEL_PACK,XIREC,9987.0,2
620400,,,VELVETFRUIT_EXTRACT,XIREC,5224.0,4
621900,,,VELVETFRUIT_EXTRACT,XIREC,5225.0,8
622000,,,HYDROGEL_PACK,XIREC,10011.0,6
622100,SUBMISSION,,VEV_4000,XIREC,1218.0,2
622700,,,VELVETFRUIT_EXTRACT,XIREC,5220.0,7
623300,,,VELVETFRUIT_EXTRACT,XIREC,5218.0,3
623900,,SUBMISSION,VEV_4000,XIREC,1224.0,2
624800,,,VELVETFRUIT_EXTRACT,XIREC,5220.0,6
625700,,,HYDROGEL_PACK,XIREC,9985.0,2
626500,SUBMISSION,,VEV_5300,XIREC,38.0,2
626500,SUBMISSION,,VEV_5400,XIREC,12.0,2
626500,SUBMISSION,,VEV_5500,XIREC,5.0,2
626500,,,VEV_6000,XIREC,0.0,2
626500,,,VEV_6500,XIREC,0.0,2
626900,,,HYDROGEL_PACK,XIREC,9980.0,2
627400,,,HYDROGEL_PACK,XIREC,9989.0,5
629100,,,VELVETFRUIT_EXTRACT,XIREC,5220.0,4
629300,,,HYDROGEL_PACK,XIREC,9997.0,4
629700,,,HYDROGEL_PACK,XIREC,9983.0,4
631100,,,HYDROGEL_PACK,XIREC,10005.0,3
631900,SUBMISSION,,VEV_5300,XIREC,38.0,4
631900,SUBMISSION,,VEV_5400,XIREC,12.0,4
631900,SUBMISSION,,VEV_5500,XIREC,5.0,4
631900,,,VEV_6000,XIREC,0.0,4
631900,,,VEV_6500,XIREC,0.0,4
634800,,,HYDROGEL_PACK,XIREC,10012.0,2
635000,,,VELVETFRUIT_EXTRACT,XIREC,5228.0,5
636500,,,VELVETFRUIT_EXTRACT,XIREC,5225.0,3
636700,,,HYDROGEL_PACK,XIREC,10015.0,3
637800,,,VELVETFRUIT_EXTRACT,XIREC,5232.0,4
638400,,,HYDROGEL_PACK,XIREC,9988.0,5
638500,,,HYDROGEL_PACK,XIREC,10003.0,6
639800,,,VELVETFRUIT_EXTRACT,XIREC,5233.0,5
639900,SUBMISSION,,HYDROGEL_PACK,XIREC,9979.0,2
640100,,,HYDROGEL_PACK,XIREC,9998.0,4
640300,SUBMISSION,,VEV_5300,XIREC,42.0,5
640300,SUBMISSION,,VEV_5500,XIREC,6.0,5
640300,,,VEV_6000,XIREC,0.0,5
640300,,,VEV_6500,XIREC,0.0,5
640800,,,HYDROGEL_PACK,XIREC,9983.0,5
641600,,,VELVETFRUIT_EXTRACT,XIREC,5229.0,8
641800,,,VELVETFRUIT_EXTRACT,XIREC,5233.0,6
642400,,,VELVETFRUIT_EXTRACT,XIREC,5227.0,8
642700,,,VELVETFRUIT_EXTRACT,XIREC,5229.0,13
643100,,SUBMISSION,HYDROGEL_PACK,XIREC,10000.0,1
643400,,SUBMISSION,HYDROGEL_PACK,XIREC,9998.0,1
643900,,,HYDROGEL_PACK,XIREC,10010.0,6
644300,SUBMISSION,,VEV_4000,XIREC,1222.0,2
644700,,,VELVETFRUIT_EXTRACT,XIREC,5233.0,4
645000,,SUBMISSION,VEV_4000,XIREC,1235.0,1
645200,,,VELVETFRUIT_EXTRACT,XIREC,5224.0,7
645400,,,HYDROGEL_PACK,XIREC,10009.0,4
645500,,,HYDROGEL_PACK,XIREC,10024.0,2
645800,SUBMISSION,,VEV_4000,XIREC,1223.0,1
646500,,,HYDROGEL_PACK,XIREC,10029.0,6
646800,,,VELVETFRUIT_EXTRACT,XIREC,5233.0,5
648100,,,VELVETFRUIT_EXTRACT,XIREC,5228.0,3
649600,,,HYDROGEL_PACK,XIREC,10013.0,2
650900,,,VELVETFRUIT_EXTRACT,XIREC,5227.0,4
652300,,,HYDROGEL_PACK,XIREC,10006.0,3
653500,,,HYDROGEL_PACK,XIREC,10012.0,6
655000,,,VELVETFRUIT_EXTRACT,XIREC,5231.0,5
655800,SUBMISSION,,VEV_5200,XIREC,88.0,5
655800,SUBMISSION,,VEV_5500,XIREC,6.0,5
655800,,,VEV_6000,XIREC,0.0,5
655800,,,VEV_6500,XIREC,0.0,5
655900,SUBMISSION,,VEV_5300,XIREC,42.0,3
655900,SUBMISSION,,VEV_5500,XIREC,6.0,3
655900,,,VEV_6000,XIREC,0.0,3
655900,,,VEV_6500,XIREC,0.0,3
657100,SUBMISSION,,VEV_4000,XIREC,1230.0,1
658800,,SUBMISSION,VEV_4000,XIREC,1243.0,2
661800,,,HYDROGEL_PACK,XIREC,10022.0,4
662100,,SUBMISSION,VELVETFRUIT_EXTRACT,XIREC,5243.0,16
662100,,SUBMISSION,VELVETFRUIT_EXTRACT,XIREC,5242.0,47
662200,,SUBMISSION,VELVETFRUIT_EXTRACT,XIREC,5242.0,26
662400,,,HYDROGEL_PACK,XIREC,10004.0,5
662500,,SUBMISSION,VEV_4000,XIREC,1251.0,1
662700,,SUBMISSION,VELVETFRUIT_EXTRACT,XIREC,5245.0,3
663100,,,HYDROGEL_PACK,XIREC,9998.0,5
663200,SUBMISSION,,VEV_4000,XIREC,1236.0,1
663300,,SUBMISSION,VELVETFRUIT_EXTRACT,XIREC,5244.0,3
663600,,,VELVETFRUIT_EXTRACT,XIREC,5242.0,5
664000,,SUBMISSION,VEV_4000,XIREC,1246.0,2
664100,,SUBMISSION,VEV_4000,XIREC,1248.0,2
665500,,SUBMISSION,VEV_4000,XIREC,1248.0,2
668000,,,HYDROGEL_PACK,XIREC,9999.0,6
668300,,SUBMISSION,VELVETFRUIT_EXTRACT,XIREC,5244.0,4
669000,,,VELVETFRUIT_EXTRACT,XIREC,5238.0,6
670800,,,HYDROGEL_PACK,XIREC,9993.0,5
672800,,SUBMISSION,VELVETFRUIT_EXTRACT,XIREC,5242.0,4
675000,SUBMISSION,,VELVETFRUIT_EXTRACT,XIREC,5233.0,7
676600,,,VELVETFRUIT_EXTRACT,XIREC,5237.0,6
678200,SUBMISSION,,VELVETFRUIT_EXTRACT,XIREC,5236.0,10
678200,,,VELVETFRUIT_EXTRACT,XIREC,5236.0,11
679600,,SUBMISSION,VELVETFRUIT_EXTRACT,XIREC,5243.0,4
679600,,,HYDROGEL_PACK,XIREC,9995.0,6
680000,,SUBMISSION,VELVETFRUIT_EXTRACT,XIREC,5239.0,9
680300,,SUBMISSION,VELVETFRUIT_EXTRACT,XIREC,5242.0,7
681600,,SUBMISSION,VEV_4000,XIREC,1244.0,3
681800,SUBMISSION,,HYDROGEL_PACK,XIREC,9977.0,12
681900,SUBMISSION,,HYDROGEL_PACK,XIREC,9977.0,14
682000,SUBMISSION,,VELVETFRUIT_EXTRACT,XIREC,5237.0,4
682100,,,HYDROGEL_PACK,XIREC,9982.0,5
682200,SUBMISSION,,HYDROGEL_PACK,XIREC,9968.0,6
683300,SUBMISSION,,VELVETFRUIT_EXTRACT,XIREC,5235.0,3
683500,SUBMISSION,,HYDROGEL_PACK,XIREC,9973.0,7
683500,,,HYDROGEL_PACK,XIREC,9973.0,4
684900,,SUBMISSION,VELVETFRUIT_EXTRACT,XIREC,5242.0,25
685000,,SUBMISSION,VELVETFRUIT_EXTRACT,XIREC,5242.0,57
685100,,SUBMISSION,VELVETFRUIT_EXTRACT,XIREC,5242.0,65
685200,,SUBMISSION,VELVETFRUIT_EXTRACT,XIREC,5243.0,23
685200,,SUBMISSION,VELVETFRUIT_EXTRACT,XIREC,5242.0,43
685300,,SUBMISSION,VELVETFRUIT_EXTRACT,XIREC,5243.0,19
685400,,SUBMISSION,VELVETFRUIT_EXTRACT,XIREC,5244.0,15
685400,,SUBMISSION,VELVETFRUIT_EXTRACT,XIREC,5243.0,30
685500,,SUBMISSION,VELVETFRUIT_EXTRACT,XIREC,5243.0,5
685700,,SUBMISSION,VELVETFRUIT_EXTRACT,XIREC,5244.0,12
685800,,SUBMISSION,VEV_4000,XIREC,1249.0,1
686000,,,HYDROGEL_PACK,XIREC,9990.0,4
686200,,SUBMISSION,VELVETFRUIT_EXTRACT,XIREC,5246.0,7
687700,,,VELVETFRUIT_EXTRACT,XIREC,5244.0,9
687800,,SUBMISSION,HYDROGEL_PACK,XIREC,9999.0,10
687900,,SUBMISSION,HYDROGEL_PACK,XIREC,9998.0,10
688200,,,VELVETFRUIT_EXTRACT,XIREC,5243.0,5
689200,SUBMISSION,,VEV_4000,XIREC,1237.0,3
690600,,SUBMISSION,HYDROGEL_PACK,XIREC,9999.0,3
690600,,,VELVETFRUIT_EXTRACT,XIREC,5248.0,13
691300,SUBMISSION,,HYDROGEL_PACK,XIREC,9983.0,6
692200,SUBMISSION,,VEV_4000,XIREC,1242.0,2
693200,SUBMISSION,,VEV_5400,XIREC,16.0,2
693200,SUBMISSION,,VEV_5500,XIREC,7.0,2
693200,,,VEV_6000,XIREC,0.0,2
693200,,,VEV_6500,XIREC,0.0,2
693500,,,VELVETFRUIT_EXTRACT,XIREC,5249.0,6
693800,,SUBMISSION,HYDROGEL_PACK,XIREC,10004.0,6
693900,,,VELVETFRUIT_EXTRACT,XIREC,5251.0,3
695000,SUBMISSION,,VEV_5400,XIREC,16.0,2
695000,SUBMISSION,,VEV_5500,XIREC,7.0,2
695000,,,VEV_6000,XIREC,0.0,2
695000,,,VEV_6500,XIREC,0.0,2
696100,,SUBMISSION,HYDROGEL_PACK,XIREC,10001.0,14
696200,,,VELVETFRUIT_EXTRACT,XIREC,5251.0,5
696300,,,VELVETFRUIT_EXTRACT,XIREC,5251.0,6
696800,,,VELVETFRUIT_EXTRACT,XIREC,5251.0,5
697000,,SUBMISSION,HYDROGEL_PACK,XIREC,10002.0,2
699400,,,HYDROGEL_PACK,XIREC,10008.0,3
707400,,,HYDROGEL_PACK,XIREC,10024.0,4
707600,,,VELVETFRUIT_EXTRACT,XIREC,5253.0,6
708700,,,VELVETFRUIT_EXTRACT,XIREC,5258.0,3
710400,,,VELVETFRUIT_EXTRACT,XIREC,5252.0,3
711600,SUBMISSION,,VEV_5300,XIREC,47.0,2
711600,SUBMISSION,,VEV_5400,XIREC,16.0,2
711600,SUBMISSION,,VEV_5500,XIREC,7.0,2
711600,,,VEV_6000,XIREC,0.0,2
711600,,,VEV_6500,XIREC,0.0,2
711900,,,VELVETFRUIT_EXTRACT,XIREC,5251.0,3
712800,,,HYDROGEL_PACK,XIREC,10018.0,5
712900,,,VELVETFRUIT_EXTRACT,XIREC,5250.0,6
713700,,SUBMISSION,VEV_4000,XIREC,1251.0,1
713800,,SUBMISSION,VEV_4000,XIREC,1252.0,2
714900,,,HYDROGEL_PACK,XIREC,10007.0,2
715000,SUBMISSION,,VEV_5400,XIREC,17.0,3
715000,SUBMISSION,,VEV_5500,XIREC,8.0,3
715000,,,HYDROGEL_PACK,XIREC,10005.0,2
715000,,,VEV_6000,XIREC,0.0,3
715000,,,VEV_6500,XIREC,0.0,3
715500,,,VELVETFRUIT_EXTRACT,XIREC,5249.0,4
715600,,,VELVETFRUIT_EXTRACT,XIREC,5249.0,5
719300,,,VELVETFRUIT_EXTRACT,XIREC,5250.0,7
719900,,,VELVETFRUIT_EXTRACT,XIREC,5250.0,5
721300,,,HYDROGEL_PACK,XIREC,10005.0,5
721400,,,HYDROGEL_PACK,XIREC,10003.0,5
722600,SUBMISSION,,VEV_5500,XIREC,8.0,3
722600,,,HYDROGEL_PACK,XIREC,10001.0,4
722600,,,VEV_6000,XIREC,0.0,3
722600,,,VEV_6500,XIREC,0.0,3
725000,,,VELVETFRUIT_EXTRACT,XIREC,5266.0,4
727400,,,VELVETFRUIT_EXTRACT,XIREC,5270.0,6
729100,SUBMISSION,,VEV_5400,XIREC,20.0,3
729100,SUBMISSION,,VEV_5500,XIREC,9.0,3
729100,,,VEV_6000,XIREC,0.0,3
729100,,,VEV_6500,XIREC,0.0,3
731500,,,VELVETFRUIT_EXTRACT,XIREC,5275.0,7
732700,,,VELVETFRUIT_EXTRACT,XIREC,5268.0,8
735100,,,HYDROGEL_PACK,XIREC,10039.0,5
735800,,,VELVETFRUIT_EXTRACT,XIREC,5269.0,3
735900,SUBMISSION,,VEV_4000,XIREC,1265.0,2
736700,SUBMISSION,,VEV_5400,XIREC,20.0,2
736700,SUBMISSION,,VEV_5500,XIREC,9.0,2
736700,,,VEV_6000,XIREC,0.0,2
736700,,,VEV_6500,XIREC,0.0,2
736800,SUBMISSION,,VEV_5500,XIREC,9.0,2
736800,,,VEV_6000,XIREC,0.0,2
736800,,,VEV_6500,XIREC,0.0,2
738300,,,HYDROGEL_PACK,XIREC,10037.0,5
738400,,,HYDROGEL_PACK,XIREC,10054.0,2
739100,,SUBMISSION,VEV_4000,XIREC,1276.0,3
740800,,,HYDROGEL_PACK,XIREC,10058.0,3
741100,,,VELVETFRUIT_EXTRACT,XIREC,5269.0,9
741300,,,HYDROGEL_PACK,XIREC,10057.0,2
744700,,,VELVETFRUIT_EXTRACT,XIREC,5272.0,6
746600,,,VELVETFRUIT_EXTRACT,XIREC,5269.0,7
746800,,,VELVETFRUIT_EXTRACT,XIREC,5275.0,4
748000,,SUBMISSION,VEV_4000,XIREC,1281.0,1
748000,,,VELVETFRUIT_EXTRACT,XIREC,5278.0,7
748800,,,HYDROGEL_PACK,XIREC,10038.0,6
750300,,,HYDROGEL_PACK,XIREC,10029.0,4
750300,,,VELVETFRUIT_EXTRACT,XIREC,5279.0,6
754800,,,HYDROGEL_PACK,XIREC,10049.0,3
755900,,,HYDROGEL_PACK,XIREC,10047.0,2
756100,,,VELVETFRUIT_EXTRACT,XIREC,5270.0,14
757300,,,VEV_6000,XIREC,0.0,5
757300,,,VEV_6500,XIREC,0.0,5
758600,,,VELVETFRUIT_EXTRACT,XIREC,5275.0,3
758800,,,VELVETFRUIT_EXTRACT,XIREC,5273.0,6
760300,,,HYDROGEL_PACK,XIREC,10025.0,6
761600,SUBMISSION,,VEV_4000,XIREC,1250.0,3
761600,,,VELVETFRUIT_EXTRACT,XIREC,5259.0,4
762000,,SUBMISSION,VEV_4000,XIREC,1262.0,2
762200,,,HYDROGEL_PACK,XIREC,10003.0,3
762500,,SUBMISSION,VEV_4000,XIREC,1261.0,2
762800,,,HYDROGEL_PACK,XIREC,10002.0,5
763000,,,HYDROGEL_PACK,XIREC,10018.0,4
764200,SUBMISSION,,HYDROGEL_PACK,XIREC,9996.0,4
764300,,,VELVETFRUIT_EXTRACT,XIREC,5258.0,7
764400,SUBMISSION,,HYDROGEL_PACK,XIREC,9995.0,5
765200,,SUBMISSION,VEV_4000,XIREC,1266.0,3
769300,SUBMISSION,,VEV_5400,XIREC,18.0,5
769300,SUBMISSION,,VEV_5500,XIREC,9.0,4
769300,,,VEV_5500,XIREC,9.0,1
769300,,,VEV_6000,XIREC,0.0,5
769300,,,VEV_6500,XIREC,0.0,5
769500,,,HYDROGEL_PACK,XIREC,10022.0,3
770000,,,VELVETFRUIT_EXTRACT,XIREC,5265.0,3
772300,,,VELVETFRUIT_EXTRACT,XIREC,5259.0,10
773400,,,HYDROGEL_PACK,XIREC,10005.0,6
774500,,,VELVETFRUIT_EXTRACT,XIREC,5264.0,8
775200,,,VELVETFRUIT_EXTRACT,XIREC,5257.0,3
776900,SUBMISSION,,HYDROGEL_PACK,XIREC,10000.0,4
777400,,,VELVETFRUIT_EXTRACT,XIREC,5255.0,4
778400,SUBMISSION,,HYDROGEL_PACK,XIREC,10000.0,6
778700,,SUBMISSION,HYDROGEL_PACK,XIREC,10010.0,4
779000,,SUBMISSION,HYDROGEL_PACK,XIREC,10009.0,4
779600,SUBMISSION,,VEV_5400,XIREC,17.0,4
779600,SUBMISSION,,VEV_5500,XIREC,8.0,4
779600,,,VEV_6000,XIREC,0.0,4
779600,,,VEV_6500,XIREC,0.0,4
780100,,SUBMISSION,HYDROGEL_PACK,XIREC,10019.0,2
780100,,,HYDROGEL_PACK,XIREC,10020.0,2
780900,,SUBMISSION,VEV_4000,XIREC,1253.0,2
781500,SUBMISSION,,VELVETFRUIT_EXTRACT,XIREC,5248.0,7
783200,SUBMISSION,,VELVETFRUIT_EXTRACT,XIREC,5247.0,9
783500,,,VELVETFRUIT_EXTRACT,XIREC,5249.0,7
783600,SUBMISSION,,HYDROGEL_PACK,XIREC,9992.0,11
783600,SUBMISSION,,VELVETFRUIT_EXTRACT,XIREC,5246.0,9
783700,SUBMISSION,,HYDROGEL_PACK,XIREC,9993.0,11
783700,SUBMISSION,,VELVETFRUIT_EXTRACT,XIREC,5248.0,21
783800,SUBMISSION,,VELVETFRUIT_EXTRACT,XIREC,5248.0,47
783900,SUBMISSION,,VELVETFRUIT_EXTRACT,XIREC,5247.0,23
783900,SUBMISSION,,VELVETFRUIT_EXTRACT,XIREC,5248.0,47
784000,SUBMISSION,,VELVETFRUIT_EXTRACT,XIREC,5247.0,21
784000,SUBMISSION,,VELVETFRUIT_EXTRACT,XIREC,5248.0,40
784100,SUBMISSION,,VELVETFRUIT_EXTRACT,XIREC,5249.0,19
784100,SUBMISSION,,VELVETFRUIT_EXTRACT,XIREC,5250.0,34
784200,SUBMISSION,,VELVETFRUIT_EXTRACT,XIREC,5250.0,19
784400,SUBMISSION,,VELVETFRUIT_EXTRACT,XIREC,5249.0,24
784500,SUBMISSION,,VELVETFRUIT_EXTRACT,XIREC,5249.0,24
784600,SUBMISSION,,VELVETFRUIT_EXTRACT,XIREC,5245.0,8
784800,SUBMISSION,,VELVETFRUIT_EXTRACT,XIREC,5248.0,16
785300,SUBMISSION,,HYDROGEL_PACK,XIREC,9986.0,6
785800,SUBMISSION,,HYDROGEL_PACK,XIREC,9991.0,10
787000,SUBMISSION,,VELVETFRUIT_EXTRACT,XIREC,5248.0,5
787200,SUBMISSION,,VELVETFRUIT_EXTRACT,XIREC,5247.0,5
787300,SUBMISSION,,VEV_4000,XIREC,1242.0,3
789200,SUBMISSION,,VELVETFRUIT_EXTRACT,XIREC,5245.0,9
789300,SUBMISSION,,VELVETFRUIT_EXTRACT,XIREC,5247.0,13
791300,SUBMISSION,,VEV_5400,XIREC,15.0,3
791300,SUBMISSION,,VEV_5500,XIREC,7.0,3
791300,,,VEV_6000,XIREC,0.0,3
791300,,,VEV_6500,XIREC,0.0,3
792300,,,VELVETFRUIT_EXTRACT,XIREC,5239.0,5
793000,,,VELVETFRUIT_EXTRACT,XIREC,5247.0,6
793800,,SUBMISSION,HYDROGEL_PACK,XIREC,10012.0,4
793900,,,VELVETFRUIT_EXTRACT,XIREC,5241.0,6
794900,SUBMISSION,,HYDROGEL_PACK,XIREC,9992.0,4
795700,SUBMISSION,,HYDROGEL_PACK,XIREC,9983.0,4
796800,,,VELVETFRUIT_EXTRACT,XIREC,5242.0,7
797900,,,VELVETFRUIT_EXTRACT,XIREC,5241.0,5
798400,,,VELVETFRUIT_EXTRACT,XIREC,5246.0,5
799200,,SUBMISSION,HYDROGEL_PACK,XIREC,10004.0,6
799800,,,VELVETFRUIT_EXTRACT,XIREC,5245.0,6
800600,,,VELVETFRUIT_EXTRACT,XIREC,5247.0,4
802300,SUBMISSION,,HYDROGEL_PACK,XIREC,9985.0,2
802300,,SUBMISSION,VEV_4000,XIREC,1256.0,2
802400,,,HYDROGEL_PACK,XIREC,9997.0,6
804800,SUBMISSION,,HYDROGEL_PACK,XIREC,9981.0,4
805000,,,HYDROGEL_PACK,XIREC,9998.0,5
805900,SUBMISSION,,HYDROGEL_PACK,XIREC,9978.0,3
806000,,,HYDROGEL_PACK,XIREC,9993.0,5
806200,SUBMISSION,,HYDROGEL_PACK,XIREC,9991.0,12
806200,SUBMISSION,,HYDROGEL_PACK,XIREC,9976.0,4
806300,SUBMISSION,,HYDROGEL_PACK,XIREC,9990.0,10
806400,SUBMISSION,,HYDROGEL_PACK,XIREC,9990.0,11
806500,SUBMISSION,,HYDROGEL_PACK,XIREC,9988.0,11
806500,SUBMISSION,,HYDROGEL_PACK,XIREC,9991.0,30
806600,SUBMISSION,,HYDROGEL_PACK,XIREC,9987.0,12
806600,SUBMISSION,,HYDROGEL_PACK,XIREC,9989.0,28
806700,SUBMISSION,,HYDROGEL_PACK,XIREC,9985.0,13
806700,SUBMISSION,,HYDROGEL_PACK,XIREC,9987.0,22
806800,SUBMISSION,,HYDROGEL_PACK,XIREC,9983.0,11
806800,SUBMISSION,,HYDROGEL_PACK,XIREC,9985.0,30
806900,SUBMISSION,,HYDROGEL_PACK,XIREC,9982.0,11
806900,SUBMISSION,,HYDROGEL_PACK,XIREC,9985.0,26
807000,SUBMISSION,,HYDROGEL_PACK,XIREC,9981.0,10
807000,SUBMISSION,,HYDROGEL_PACK,XIREC,9983.0,22
807100,SUBMISSION,,HYDROGEL_PACK,XIREC,9980.0,15
807100,SUBMISSION,,HYDROGEL_PACK,XIREC,9982.0,20
807100,,,VELVETFRUIT_EXTRACT,XIREC,5244.0,8
807200,SUBMISSION,,HYDROGEL_PACK,XIREC,9979.0,10
807200,SUBMISSION,,HYDROGEL_PACK,XIREC,9982.0,22
807300,SUBMISSION,,HYDROGEL_PACK,XIREC,9980.0,12
807300,SUBMISSION,,HYDROGEL_PACK,XIREC,9982.0,4
808600,,SUBMISSION,VEV_4000,XIREC,1247.0,1
809500,,,VELVETFRUIT_EXTRACT,XIREC,5242.0,5
810000,SUBMISSION,,VEV_5300,XIREC,47.0,5
810000,SUBMISSION,,VEV_5400,XIREC,15.0,5
810000,,,VEV_6000,XIREC,0.0,5
810000,,,VEV_6500,XIREC,0.0,5
810200,,,HYDROGEL_PACK,XIREC,9969.0,5
810600,,,VELVETFRUIT_EXTRACT,XIREC,5247.0,4
812700,,SUBMISSION,VELVETFRUIT_EXTRACT,XIREC,5250.0,7
815500,,,VELVETFRUIT_EXTRACT,XIREC,5249.0,7
816900,,SUBMISSION,VELVETFRUIT_EXTRACT,XIREC,5254.0,5
818500,,SUBMISSION,VELVETFRUIT_EXTRACT,XIREC,5255.0,3
819500,SUBMISSION,,VELVETFRUIT_EXTRACT,XIREC,5250.0,6
819500,,,VELVETFRUIT_EXTRACT,XIREC,5250.0,14
819800,,SUBMISSION,VEV_4000,XIREC,1261.0,2
820800,,SUBMISSION,VELVETFRUIT_EXTRACT,XIREC,5257.0,23
820900,,SUBMISSION,VELVETFRUIT_EXTRACT,XIREC,5257.0,24
820900,,SUBMISSION,VELVETFRUIT_EXTRACT,XIREC,5256.0,36
821000,,SUBMISSION,VELVETFRUIT_EXTRACT,XIREC,5258.0,15
821000,,SUBMISSION,VELVETFRUIT_EXTRACT,XIREC,5257.0,45
821100,,SUBMISSION,VELVETFRUIT_EXTRACT,XIREC,5260.0,15
821100,,SUBMISSION,VELVETFRUIT_EXTRACT,XIREC,5258.0,22
821100,,SUBMISSION,VELVETFRUIT_EXTRACT,XIREC,5257.0,33
821200,,SUBMISSION,VELVETFRUIT_EXTRACT,XIREC,5255.0,22
821200,,SUBMISSION,VELVETFRUIT_EXTRACT,XIREC,5254.0,46
821300,,SUBMISSION,VELVETFRUIT_EXTRACT,XIREC,5255.0,19
821700,,SUBMISSION,VELVETFRUIT_EXTRACT,XIREC,5255.0,8
822000,,,VELVETFRUIT_EXTRACT,XIREC,5253.0,8
822400,SUBMISSION,,VELVETFRUIT_EXTRACT,XIREC,5250.0,8
822700,,SUBMISSION,VELVETFRUIT_EXTRACT,XIREC,5254.0,10
824000,,,HYDROGEL_PACK,XIREC,9985.0,6
824700,,,VELVETFRUIT_EXTRACT,XIREC,5249.0,8
825200,SUBMISSION,,VELVETFRUIT_EXTRACT,XIREC,5245.0,3
825600,,,HYDROGEL_PACK,XIREC,9987.0,5
827000,,SUBMISSION,VELVETFRUIT_EXTRACT,XIREC,5256.0,8
829000,,SUBMISSION,VELVETFRUIT_EXTRACT,XIREC,5258.0,16
829000,,SUBMISSION,VELVETFRUIT_EXTRACT,XIREC,5257.0,50
829100,,SUBMISSION,VELVETFRUIT_EXTRACT,XIREC,5258.0,10
829700,,SUBMISSION,VEV_4000,XIREC,1267.0,2
830800,,SUBMISSION,VEV_4000,XIREC,1264.0,3
830900,,,VELVETFRUIT_EXTRACT,XIREC,5254.0,7
831400,,,VELVETFRUIT_EXTRACT,XIREC,5258.0,8
831800,,SUBMISSION,VEV_4000,XIREC,1261.0,2
832500,,,VELVETFRUIT_EXTRACT,XIREC,5255.0,14
832700,,,HYDROGEL_PACK,XIREC,9995.0,2
832900,,,HYDROGEL_PACK,XIREC,9991.0,5
835500,SUBMISSION,,VEV_5300,XIREC,50.0,5
835500,SUBMISSION,,VEV_5400,XIREC,17.0,5
835500,SUBMISSION,,VEV_5500,XIREC,8.0,3
835500,,,VEV_5500,XIREC,8.0,2
835500,,,VEV_6000,XIREC,0.0,5
835500,,,VEV_6500,XIREC,0.0,5
836300,,,VELVETFRUIT_EXTRACT,XIREC,5252.0,7
838200,,,VELVETFRUIT_EXTRACT,XIREC,5259.0,6
838500,,,VELVETFRUIT_EXTRACT,XIREC,5255.0,5
838800,,,VELVETFRUIT_EXTRACT,XIREC,5259.0,5
840700,,,VELVETFRUIT_EXTRACT,XIREC,5260.0,13
841500,,,HYDROGEL_PACK,XIREC,9983.0,2
841600,SUBMISSION,,VEV_4000,XIREC,1251.0,3
841900,,,VELVETFRUIT_EXTRACT,XIREC,5259.0,3
842800,,,VELVETFRUIT_EXTRACT,XIREC,5256.0,8
842900,SUBMISSION,,VEV_5300,XIREC,50.0,5
842900,SUBMISSION,,VEV_5400,XIREC,17.0,5
842900,SUBMISSION,,VEV_5500,XIREC,8.0,3
842900,,,VEV_5500,XIREC,8.0,2
842900,,,VEV_6000,XIREC,0.0,5
842900,,,VEV_6500,XIREC,0.0,5
843000,,SUBMISSION,HYDROGEL_PACK,XIREC,10015.0,3
844000,,,VELVETFRUIT_EXTRACT,XIREC,5254.0,7
844600,,SUBMISSION,HYDROGEL_PACK,XIREC,10005.0,4
845100,SUBMISSION,,VEV_5500,XIREC,8.0,3
845100,,,VEV_5500,XIREC,8.0,2
845100,,,VEV_6000,XIREC,0.0,5
845100,,,VEV_6500,XIREC,0.0,5
847900,SUBMISSION,,VEV_4000,XIREC,1253.0,3
850400,,SUBMISSION,HYDROGEL_PACK,XIREC,10013.0,6
851700,SUBMISSION,,VELVETFRUIT_EXTRACT,XIREC,5253.0,4
851800,SUBMISSION,,VELVETFRUIT_EXTRACT,XIREC,5253.0,14
852400,,,HYDROGEL_PACK,XIREC,9998.0,2
852600,SUBMISSION,,VEV_4000,XIREC,1248.0,1
852800,,SUBMISSION,HYDROGEL_PACK,XIREC,10014.0,6
852800,,SUBMISSION,HYDROGEL_PACK,XIREC,10007.0,10
852900,,SUBMISSION,HYDROGEL_PACK,XIREC,10008.0,14
853000,,SUBMISSION,HYDROGEL_PACK,XIREC,10007.0,13
853100,,SUBMISSION,HYDROGEL_PACK,XIREC,10008.0,14
853200,,SUBMISSION,HYDROGEL_PACK,XIREC,10017.0,10
853200,,SUBMISSION,HYDROGEL_PACK,XIREC,10010.0,13
853200,,SUBMISSION,HYDROGEL_PACK,XIREC,10007.0,27
853300,,SUBMISSION,HYDROGEL_PACK,XIREC,10009.0,10
853300,,SUBMISSION,HYDROGEL_PACK,XIREC,10006.0,22
853400,,SUBMISSION,HYDROGEL_PACK,XIREC,10009.0,12
853400,,SUBMISSION,HYDROGEL_PACK,XIREC,10006.0,25
853500,,SUBMISSION,HYDROGEL_PACK,XIREC,10009.0,15
853500,,SUBMISSION,HYDROGEL_PACK,XIREC,10007.0,24
853600,,SUBMISSION,HYDROGEL_PACK,XIREC,10010.0,11
853600,,SUBMISSION,HYDROGEL_PACK,XIREC,10007.0,23
853700,,SUBMISSION,HYDROGEL_PACK,XIREC,10009.0,11
853700,,SUBMISSION,HYDROGEL_PACK,XIREC,10007.0,25
853800,,SUBMISSION,HYDROGEL_PACK,XIREC,10008.0,14
853800,,SUBMISSION,VEV_4000,XIREC,1260.0,1
853900,,SUBMISSION,HYDROGEL_PACK,XIREC,10008.0,11
853900,,SUBMISSION,HYDROGEL_PACK,XIREC,10006.0,27
854000,,SUBMISSION,HYDROGEL_PACK,XIREC,10012.0,12
854000,,SUBMISSION,HYDROGEL_PACK,XIREC,10009.0,28
854100,,SUBMISSION,HYDROGEL_PACK,XIREC,10010.0,10
855900,,SUBMISSION,VELVETFRUIT_EXTRACT,XIREC,5255.0,6
856600,,,VELVETFRUIT_EXTRACT,XIREC,5257.0,10
859100,SUBMISSION,,VEV_5300,XIREC,49.0,2
859100,SUBMISSION,,VEV_5400,XIREC,17.0,2
859100,SUBMISSION,,VEV_5500,XIREC,8.0,2
859100,,,HYDROGEL_PACK,XIREC,10011.0,6
859100,,,VEV_6000,XIREC,0.0,2
859100,,,VEV_6500,XIREC,0.0,2
859300,SUBMISSION,,VEV_5300,XIREC,50.0,2
859300,SUBMISSION,,VEV_5400,XIREC,18.0,2
859300,SUBMISSION,,VEV_5500,XIREC,8.0,2
859300,,,VEV_6000,XIREC,0.0,2
859300,,,VEV_6500,XIREC,0.0,2
859700,,,HYDROGEL_PACK,XIREC,10006.0,4
860500,,,HYDROGEL_PACK,XIREC,10016.0,4
861800,,SUBMISSION,VELVETFRUIT_EXTRACT,XIREC,5255.0,3
862100,,SUBMISSION,VEV_4000,XIREC,1256.0,3
862100,,,HYDROGEL_PACK,XIREC,9999.0,5
862500,SUBMISSION,,VELVETFRUIT_EXTRACT,XIREC,5248.0,8
862500,SUBMISSION,,VEV_5400,XIREC,17.0,2
862500,SUBMISSION,,VEV_5500,XIREC,7.0,2
862500,,,VEV_6000,XIREC,0.0,2
862500,,,VEV_6500,XIREC,0.0,2
863200,SUBMISSION,,VELVETFRUIT_EXTRACT,XIREC,5246.0,15
863700,,SUBMISSION,VELVETFRUIT_EXTRACT,XIREC,5254.0,5
864800,,SUBMISSION,VEV_4000,XIREC,1253.0,3
864800,,,HYDROGEL_PACK,XIREC,10000.0,6
864900,,,VELVETFRUIT_EXTRACT,XIREC,5251.0,7
866200,,,VELVETFRUIT_EXTRACT,XIREC,5255.0,3
866800,,SUBMISSION,VELVETFRUIT_EXTRACT,XIREC,5257.0,6
867000,,SUBMISSION,VELVETFRUIT_EXTRACT,XIREC,5261.0,21
867200,,,HYDROGEL_PACK,XIREC,10020.0,3
868000,,,HYDROGEL_PACK,XIREC,10004.0,3
868200,,,HYDROGEL_PACK,XIREC,10007.0,2
869000,,,VELVETFRUIT_EXTRACT,XIREC,5265.0,5
869500,SUBMISSION,,VEV_4000,XIREC,1264.0,1
870200,,SUBMISSION,VEV_4000,XIREC,1274.0,3
870200,,,VELVETFRUIT_EXTRACT,XIREC,5271.0,6
871100,,,VELVETFRUIT_EXTRACT,XIREC,5270.0,4
871200,,,VELVETFRUIT_EXTRACT,XIREC,5264.0,9
873100,,,HYDROGEL_PACK,XIREC,10012.0,3
873700,SUBMISSION,,VEV_5500,XIREC,9.0,3
873700,,,VEV_5500,XIREC,9.0,1
873700,,,VEV_6000,XIREC,0.0,4
873700,,,VEV_6500,XIREC,0.0,4
874800,SUBMISSION,,HYDROGEL_PACK,XIREC,9991.0,4
875600,,SUBMISSION,VEV_4000,XIREC,1263.0,1
876100,SUBMISSION,,HYDROGEL_PACK,XIREC,9990.0,6
878600,,,VELVETFRUIT_EXTRACT,XIREC,5260.0,5
880800,,,VELVETFRUIT_EXTRACT,XIREC,5258.0,5
882400,,SUBMISSION,HYDROGEL_PACK,XIREC,10012.0,10
882600,SUBMISSION,,VELVETFRUIT_EXTRACT,XIREC,5251.0,10
882600,SUBMISSION,,VELVETFRUIT_EXTRACT,XIREC,5251.0,5
882600,,,VELVETFRUIT_EXTRACT,XIREC,5251.0,5
882800,SUBMISSION,,VELVETFRUIT_EXTRACT,XIREC,5249.0,8
883900,,,HYDROGEL_PACK,XIREC,10015.0,3
884000,SUBMISSION,,VEV_5400,XIREC,17.0,5
884000,SUBMISSION,,VEV_5500,XIREC,8.0,3
884000,,,VEV_5500,XIREC,8.0,2
884000,,,VEV_6000,XIREC,0.0,5
884000,,,VEV_6500,XIREC,0.0,5
884500,,,HYDROGEL_PACK,XIREC,10017.0,2
885300,,,HYDROGEL_PACK,XIREC,10019.0,5
885400,,SUBMISSION,VEV_4000,XIREC,1258.0,1
885800,SUBMISSION,,VELVETFRUIT_EXTRACT,XIREC,5251.0,5
886200,,,HYDROGEL_PACK,XIREC,10039.0,5
886700,SUBMISSION,,VEV_4000,XIREC,1247.0,2
886700,,,VELVETFRUIT_EXTRACT,XIREC,5252.0,6
887800,SUBMISSION,,VELVETFRUIT_EXTRACT,XIREC,5248.0,15
889300,,,HYDROGEL_PACK,XIREC,10048.0,3
890900,,SUBMISSION,VEV_4000,XIREC,1259.0,3
891000,,SUBMISSION,VEV_4000,XIREC,1260.0,1
891400,,,VELVETFRUIT_EXTRACT,XIREC,5255.0,6
891500,SUBMISSION,,VEV_4000,XIREC,1253.0,3
893500,SUBMISSION,,VELVETFRUIT_EXTRACT,XIREC,5255.0,3
893800,,,VELVETFRUIT_EXTRACT,XIREC,5253.0,5
895100,,,VELVETFRUIT_EXTRACT,XIREC,5255.0,5
895800,,,VEV_6000,XIREC,0.0,3
895800,,,VEV_6500,XIREC,0.0,3
898300,,,VELVETFRUIT_EXTRACT,XIREC,5259.0,8
898800,SUBMISSION,,HYDROGEL_PACK,XIREC,10003.0,5
899800,SUBMISSION,,VEV_4000,XIREC,1253.0,3
901200,SUBMISSION,,HYDROGEL_PACK,XIREC,9995.0,15
901300,SUBMISSION,,HYDROGEL_PACK,XIREC,9993.0,12
901400,SUBMISSION,,HYDROGEL_PACK,XIREC,9991.0,13
901400,SUBMISSION,,HYDROGEL_PACK,XIREC,9994.0,22
901500,SUBMISSION,,HYDROGEL_PACK,XIREC,9991.0,15
901500,SUBMISSION,,HYDROGEL_PACK,XIREC,9994.0,23
901600,SUBMISSION,,HYDROGEL_PACK,XIREC,9990.0,15
901600,SUBMISSION,,HYDROGEL_PACK,XIREC,9992.0,29
901700,SUBMISSION,,HYDROGEL_PACK,XIREC,9992.0,15
901700,SUBMISSION,,HYDROGEL_PACK,XIREC,9994.0,28
901800,SUBMISSION,,HYDROGEL_PACK,XIREC,9990.0,12
901800,SUBMISSION,,HYDROGEL_PACK,XIREC,9993.0,24
901900,SUBMISSION,,HYDROGEL_PACK,XIREC,9992.0,10
901900,SUBMISSION,,HYDROGEL_PACK,XIREC,9995.0,30
902000,SUBMISSION,,HYDROGEL_PACK,XIREC,9991.0,12
902000,SUBMISSION,,HYDROGEL_PACK,XIREC,9993.0,25
902100,SUBMISSION,,HYDROGEL_PACK,XIREC,9989.0,13
902100,SUBMISSION,,HYDROGEL_PACK,XIREC,9992.0,28
902200,SUBMISSION,,HYDROGEL_PACK,XIREC,9989.0,15
902200,SUBMISSION,,HYDROGEL_PACK,XIREC,9992.0,21
902400,SUBMISSION,,HYDROGEL_PACK,XIREC,9985.0,14
902400,SUBMISSION,,HYDROGEL_PACK,XIREC,9988.0,3
902800,SUBMISSION,,VELVETFRUIT_EXTRACT,XIREC,5250.0,24
902900,SUBMISSION,,VELVETFRUIT_EXTRACT,XIREC,5251.0,24
903000,SUBMISSION,,VELVETFRUIT_EXTRACT,XIREC,5248.0,12
903200,SUBMISSION,,HYDROGEL_PACK,XIREC,9977.0,1
903200,SUBMISSION,,VELVETFRUIT_EXTRACT,XIREC,5249.0,16
903200,SUBMISSION,,VELVETFRUIT_EXTRACT,XIREC,5250.0,46
903300,SUBMISSION,,VELVETFRUIT_EXTRACT,XIREC,5249.0,2
903400,SUBMISSION,,VELVETFRUIT_EXTRACT,XIREC,5248.0,1
903600,SUBMISSION,,VELVETFRUIT_EXTRACT,XIREC,5248.0,1
903800,SUBMISSION,,VELVETFRUIT_EXTRACT,XIREC,5247.0,1
904000,SUBMISSION,,VELVETFRUIT_EXTRACT,XIREC,5245.0,1
904300,SUBMISSION,,VELVETFRUIT_EXTRACT,XIREC,5243.0,1
904500,SUBMISSION,,VELVETFRUIT_EXTRACT,XIREC,5243.0,1
904700,SUBMISSION,,VELVETFRUIT_EXTRACT,XIREC,5244.0,1
904700,SUBMISSION,,VELVETFRUIT_EXTRACT,XIREC,5240.0,7
906500,SUBMISSION,,VELVETFRUIT_EXTRACT,XIREC,5244.0,1
906700,SUBMISSION,,VELVETFRUIT_EXTRACT,XIREC,5245.0,1
907000,SUBMISSION,,VELVETFRUIT_EXTRACT,XIREC,5246.0,1
907200,SUBMISSION,,VELVETFRUIT_EXTRACT,XIREC,5248.0,1
907700,SUBMISSION,,VELVETFRUIT_EXTRACT,XIREC,5248.0,2
907900,SUBMISSION,,VELVETFRUIT_EXTRACT,XIREC,5247.0,1
908000,,,HYDROGEL_PACK,XIREC,9980.0,4
908400,SUBMISSION,,VELVETFRUIT_EXTRACT,XIREC,5247.0,2
908600,SUBMISSION,,VELVETFRUIT_EXTRACT,XIREC,5248.0,1
908800,SUBMISSION,,VELVETFRUIT_EXTRACT,XIREC,5244.0,7
909100,SUBMISSION,,VELVETFRUIT_EXTRACT,XIREC,5244.0,3
910400,SUBMISSION,,VELVETFRUIT_EXTRACT,XIREC,5248.0,5
910900,,,HYDROGEL_PACK,XIREC,9973.0,5
912000,,SUBMISSION,VELVETFRUIT_EXTRACT,XIREC,5257.0,19
912000,,SUBMISSION,VELVETFRUIT_EXTRACT,XIREC,5256.0,42
912300,,SUBMISSION,VELVETFRUIT_EXTRACT,XIREC,5257.0,25
912300,,,HYDROGEL_PACK,XIREC,9975.0,2
912400,SUBMISSION,,VEV_5300,XIREC,52.0,4
912400,,,VEV_6000,XIREC,0.0,4
912400,,,VEV_6500,XIREC,0.0,4
912500,,SUBMISSION,VELVETFRUIT_EXTRACT,XIREC,5258.0,20
912600,,SUBMISSION,VELVETFRUIT_EXTRACT,XIREC,5258.0,52
912700,,SUBMISSION,VELVETFRUIT_EXTRACT,XIREC,5259.0,15
912800,,,VELVETFRUIT_EXTRACT,XIREC,5259.0,5
912900,,SUBMISSION,VELVETFRUIT_EXTRACT,XIREC,5260.0,36
913400,,,VELVETFRUIT_EXTRACT,XIREC,5267.0,5
913800,,,VELVETFRUIT_EXTRACT,XIREC,5260.0,7
914400,,,VELVETFRUIT_EXTRACT,XIREC,5256.0,7
914600,SUBMISSION,,VEV_4000,XIREC,1254.0,2
915000,,,VELVETFRUIT_EXTRACT,XIREC,5257.0,7
916300,,,VELVETFRUIT_EXTRACT,XIREC,5259.0,6
916900,SUBMISSION,,VEV_4000,XIREC,1251.0,1
917000,,,HYDROGEL_PACK,XIREC,9959.0,3
917000,,,VELVETFRUIT_EXTRACT,XIREC,5259.0,4
918600,,,HYDROGEL_PACK,XIREC,9962.0,5
919500,SUBMISSION,,VEV_5400,XIREC,18.0,4
919500,SUBMISSION,,VEV_5500,XIREC,8.0,2
919500,,,VEV_5500,XIREC,8.0,2
919500,,,VEV_6000,XIREC,0.0,4
919500,,,VEV_6500,XIREC,0.0,4
920500,,,VELVETFRUIT_EXTRACT,XIREC,5255.0,8
920600,,,VELVETFRUIT_EXTRACT,XIREC,5254.0,7
920900,,,HYDROGEL_PACK,XIREC,9987.0,6
922000,,,VELVETFRUIT_EXTRACT,XIREC,5260.0,6
922400,,,HYDROGEL_PACK,XIREC,9971.0,6
923100,,,HYDROGEL_PACK,XIREC,9995.0,5
923400,SUBMISSION,,VEV_4000,XIREC,1263.0,3
924000,,,HYDROGEL_PACK,XIREC,9989.0,6
924900,,,HYDROGEL_PACK,XIREC,9997.0,6
925100,,,VELVETFRUIT_EXTRACT,XIREC,5279.0,4
925200,,,VELVETFRUIT_EXTRACT,XIREC,5279.0,4
925600,,,VELVETFRUIT_EXTRACT,XIREC,5273.0,6
925800,,SUBMISSION,VEV_4000,XIREC,1279.0,3
928400,,SUBMISSION,HYDROGEL_PACK,XIREC,10007.0,6
928800,,,VELVETFRUIT_EXTRACT,XIREC,5273.0,5
930100,,SUBMISSION,VEV_4000,XIREC,1276.0,2
930900,,,VELVETFRUIT_EXTRACT,XIREC,5264.0,6
932300,SUBMISSION,,VEV_4000,XIREC,1261.0,2
932600,,,VELVETFRUIT_EXTRACT,XIREC,5262.0,8
932900,,,HYDROGEL_PACK,XIREC,9994.0,3
933200,,,VELVETFRUIT_EXTRACT,XIREC,5266.0,4
934000,SUBMISSION,,VEV_4000,XIREC,1256.0,2
935100,,,VELVETFRUIT_EXTRACT,XIREC,5259.0,4
936200,,,VELVETFRUIT_EXTRACT,XIREC,5257.0,7
937400,,,VELVETFRUIT_EXTRACT,XIREC,5265.0,3
937600,,,VELVETFRUIT_EXTRACT,XIREC,5258.0,3
937800,SUBMISSION,,VEV_4000,XIREC,1253.0,1
938300,SUBMISSION,,VELVETFRUIT_EXTRACT,XIREC,5255.0,4
938600,SUBMISSION,,VELVETFRUIT_EXTRACT,XIREC,5255.0,6
939100,,,HYDROGEL_PACK,XIREC,9994.0,5
939400,,,VELVETFRUIT_EXTRACT,XIREC,5255.0,8
940000,,SUBMISSION,VEV_4000,XIREC,1259.0,1
940700,,SUBMISSION,HYDROGEL_PACK,XIREC,10007.0,3
941200,SUBMISSION,,VEV_5400,XIREC,17.0,2
941200,,,VEV_6000,XIREC,0.0,2
941200,,,VEV_6500,XIREC,0.0,2
941300,SUBMISSION,,VELVETFRUIT_EXTRACT,XIREC,5251.0,9
941400,,SUBMISSION,VEV_4000,XIREC,1256.0,2
941800,SUBMISSION,,VELVETFRUIT_EXTRACT,XIREC,5248.0,12
941900,SUBMISSION,,VELVETFRUIT_EXTRACT,XIREC,5252.0,70
942000,,SUBMISSION,HYDROGEL_PACK,XIREC,10009.0,2
942000,SUBMISSION,,VELVETFRUIT_EXTRACT,XIREC,5252.0,55
942100,SUBMISSION,,VELVETFRUIT_EXTRACT,XIREC,5252.0,26
942400,SUBMISSION,,VELVETFRUIT_EXTRACT,XIREC,5251.0,15
942400,SUBMISSION,,VELVETFRUIT_EXTRACT,XIREC,5252.0,35
942500,SUBMISSION,,VELVETFRUIT_EXTRACT,XIREC,5251.0,53
942900,SUBMISSION,,VELVETFRUIT_EXTRACT,XIREC,5251.0,2
943300,SUBMISSION,,HYDROGEL_PACK,XIREC,9998.0,2
943300,,,HYDROGEL_PACK,XIREC,9997.0,1
944100,,,HYDROGEL_PACK,XIREC,9998.0,4
944600,SUBMISSION,,VELVETFRUIT_EXTRACT,XIREC,5250.0,10
944700,SUBMISSION,,VELVETFRUIT_EXTRACT,XIREC,5249.0,3
945000,SUBMISSION,,VEV_4000,XIREC,1241.0,2
945200,SUBMISSION,,VELVETFRUIT_EXTRACT,XIREC,5249.0,1
945600,SUBMISSION,,VELVETFRUIT_EXTRACT,XIREC,5246.0,1
946300,SUBMISSION,,VELVETFRUIT_EXTRACT,XIREC,5249.0,1
946400,,SUBMISSION,VEV_4000,XIREC,1250.0,2
946600,SUBMISSION,,VELVETFRUIT_EXTRACT,XIREC,5245.0,1
946600,SUBMISSION,,VEV_5300,XIREC,45.0,4
946600,SUBMISSION,,VEV_5500,XIREC,7.0,2
946600,,,VEV_5500,XIREC,7.0,2
946600,,,VEV_6000,XIREC,0.0,4
946600,,,VEV_6500,XIREC,0.0,4
947200,SUBMISSION,,VELVETFRUIT_EXTRACT,XIREC,5246.0,1
947500,,,VELVETFRUIT_EXTRACT,XIREC,5242.0,8
947800,SUBMISSION,,VELVETFRUIT_EXTRACT,XIREC,5249.0,1
947800,SUBMISSION,,VEV_5200,XIREC,95.0,5
947800,SUBMISSION,,VEV_5400,XIREC,16.0,5
947800,SUBMISSION,,VEV_5500,XIREC,7.0,2
947800,,,VEV_5500,XIREC,7.0,3
947800,,,VEV_6000,XIREC,0.0,5
947800,,,VEV_6500,XIREC,0.0,5
948200,SUBMISSION,,VELVETFRUIT_EXTRACT,XIREC,5246.0,1
948800,SUBMISSION,,VELVETFRUIT_EXTRACT,XIREC,5246.0,1
948900,SUBMISSION,,VEV_5400,XIREC,16.0,3
948900,SUBMISSION,,VEV_5500,XIREC,7.0,2
948900,,,VEV_5500,XIREC,7.0,1
948900,,,VEV_6000,XIREC,0.0,3
948900,,,VEV_6500,XIREC,0.0,3
949300,SUBMISSION,,VELVETFRUIT_EXTRACT,XIREC,5246.0,1
949500,,,VELVETFRUIT_EXTRACT,XIREC,5246.0,6
949600,,SUBMISSION,HYDROGEL_PACK,XIREC,10014.0,4
949900,SUBMISSION,,VELVETFRUIT_EXTRACT,XIREC,5243.0,1
950000,SUBMISSION,,VEV_5300,XIREC,44.0,4
950000,SUBMISSION,,VEV_5400,XIREC,15.0,4
950000,,,VEV_6000,XIREC,0.0,4
950000,,,VEV_6500,XIREC,0.0,4
950300,SUBMISSION,,HYDROGEL_PACK,XIREC,9999.0,3
950400,SUBMISSION,,VELVETFRUIT_EXTRACT,XIREC,5246.0,1
950600,,SUBMISSION,HYDROGEL_PACK,XIREC,10020.0,4
951000,SUBMISSION,,VELVETFRUIT_EXTRACT,XIREC,5244.0,1
951500,SUBMISSION,,VELVETFRUIT_EXTRACT,XIREC,5241.0,1
951600,SUBMISSION,,VELVETFRUIT_EXTRACT,XIREC,5237.0,5
951800,,,HYDROGEL_PACK,XIREC,10005.0,5
952000,,,VELVETFRUIT_EXTRACT,XIREC,5242.0,7
952700,,SUBMISSION,HYDROGEL_PACK,XIREC,10013.0,15
952800,,SUBMISSION,HYDROGEL_PACK,XIREC,10013.0,13
952800,SUBMISSION,,VEV_4000,XIREC,1235.0,1
952900,,SUBMISSION,HYDROGEL_PACK,XIREC,10013.0,14
953500,,SUBMISSION,HYDROGEL_PACK,XIREC,10013.0,10
953900,,SUBMISSION,HYDROGEL_PACK,XIREC,10013.0,12
954000,,SUBMISSION,HYDROGEL_PACK,XIREC,10014.0,11
954100,,SUBMISSION,HYDROGEL_PACK,XIREC,10014.0,13
954100,,SUBMISSION,HYDROGEL_PACK,XIREC,10012.0,26
954200,,SUBMISSION,HYDROGEL_PACK,XIREC,10014.0,11
954200,,SUBMISSION,HYDROGEL_PACK,XIREC,10012.0,30
954300,,SUBMISSION,HYDROGEL_PACK,XIREC,10014.0,15
954300,,SUBMISSION,HYDROGEL_PACK,XIREC,10012.0,26
954400,,SUBMISSION,HYDROGEL_PACK,XIREC,10012.0,10
954500,,SUBMISSION,HYDROGEL_PACK,XIREC,10012.0,11
954600,,SUBMISSION,HYDROGEL_PACK,XIREC,10011.0,13
954600,,,VELVETFRUIT_EXTRACT,XIREC,5235.0,3
954700,,SUBMISSION,HYDROGEL_PACK,XIREC,10011.0,10
954800,,SUBMISSION,HYDROGEL_PACK,XIREC,10014.0,10
954800,,SUBMISSION,HYDROGEL_PACK,XIREC,10012.0,26
954900,,SUBMISSION,HYDROGEL_PACK,XIREC,10014.0,14
954900,,SUBMISSION,HYDROGEL_PACK,XIREC,10012.0,20
955100,SUBMISSION,,VELVETFRUIT_EXTRACT,XIREC,5232.0,1
955100,SUBMISSION,,VELVETFRUIT_EXTRACT,XIREC,5227.0,8
955200,,SUBMISSION,HYDROGEL_PACK,XIREC,10015.0,12
955200,,SUBMISSION,HYDROGEL_PACK,XIREC,10013.0,30
955400,,SUBMISSION,HYDROGEL_PACK,XIREC,10015.0,12
955500,,SUBMISSION,HYDROGEL_PACK,XIREC,10017.0,10
955500,,SUBMISSION,HYDROGEL_PACK,XIREC,10015.0,12
957000,,,HYDROGEL_PACK,XIREC,10014.0,3
958900,SUBMISSION,,VELVETFRUIT_EXTRACT,XIREC,5229.0,7
960600,SUBMISSION,,VELVETFRUIT_EXTRACT,XIREC,5232.0,5
961200,SUBMISSION,,VELVETFRUIT_EXTRACT,XIREC,5231.0,8
963500,SUBMISSION,,VELVETFRUIT_EXTRACT,XIREC,5237.0,3
965600,,,VELVETFRUIT_EXTRACT,XIREC,5238.0,8
968200,SUBMISSION,,VELVETFRUIT_EXTRACT,XIREC,5233.0,6
969800,,,VELVETFRUIT_EXTRACT,XIREC,5232.0,8
971300,,,VELVETFRUIT_EXTRACT,XIREC,5229.0,3
971600,SUBMISSION,,VELVETFRUIT_EXTRACT,XIREC,5226.0,7
973400,,,HYDROGEL_PACK,XIREC,10033.0,4
975800,,,HYDROGEL_PACK,XIREC,10027.0,5
976600,SUBMISSION,,VELVETFRUIT_EXTRACT,XIREC,5232.0,7
976800,,,HYDROGEL_PACK,XIREC,10023.0,6
977200,,,HYDROGEL_PACK,XIREC,10021.0,5
978300,,,VELVETFRUIT_EXTRACT,XIREC,5241.0,5
980400,SUBMISSION,,HYDROGEL_PACK,XIREC,9997.0,2
980400,SUBMISSION,,VELVETFRUIT_EXTRACT,XIREC,5240.0,7
980400,,,VELVETFRUIT_EXTRACT,XIREC,5239.0,1
981600,SUBMISSION,,HYDROGEL_PACK,XIREC,9997.0,4
982400,SUBMISSION,,HYDROGEL_PACK,XIREC,9998.0,13
983100,SUBMISSION,,HYDROGEL_PACK,XIREC,9995.0,4
983900,,SUBMISSION,VEV_4000,XIREC,1248.0,3
984900,SUBMISSION,,VELVETFRUIT_EXTRACT,XIREC,5240.0,4
985800,SUBMISSION,,VELVETFRUIT_EXTRACT,XIREC,5240.0,5
986900,,SUBMISSION,VELVETFRUIT_EXTRACT,XIREC,5249.0,8
988300,SUBMISSION,,HYDROGEL_PACK,XIREC,9995.0,4
989200,,,VELVETFRUIT_EXTRACT,XIREC,5247.0,8
989700,SUBMISSION,,VEV_4000,XIREC,1239.0,2
989900,SUBMISSION,,VELVETFRUIT_EXTRACT,XIREC,5242.0,4
990100,,SUBMISSION,VEV_4000,XIREC,1249.0,2
990400,SUBMISSION,,HYDROGEL_PACK,XIREC,9989.0,4
991100,SUBMISSION,,VELVETFRUIT_EXTRACT,XIREC,5244.0,6
991100,,,VELVETFRUIT_EXTRACT,XIREC,5244.0,13
992100,SUBMISSION,,HYDROGEL_PACK,XIREC,9993.0,8
992800,SUBMISSION,,HYDROGEL_PACK,XIREC,9991.0,10
992800,SUBMISSION,,VELVETFRUIT_EXTRACT,XIREC,5242.0,12
993000,SUBMISSION,,HYDROGEL_PACK,XIREC,9993.0,11
993000,SUBMISSION,,HYDROGEL_PACK,XIREC,9996.0,30
993100,SUBMISSION,,HYDROGEL_PACK,XIREC,9991.0,12
993100,SUBMISSION,,HYDROGEL_PACK,XIREC,9994.0,25
993200,SUBMISSION,,HYDROGEL_PACK,XIREC,9990.0,14
993200,SUBMISSION,,HYDROGEL_PACK,XIREC,9992.0,23
993300,SUBMISSION,,HYDROGEL_PACK,XIREC,9989.0,11
993300,SUBMISSION,,HYDROGEL_PACK,XIREC,9991.0,25
993400,SUBMISSION,,HYDROGEL_PACK,XIREC,9989.0,13
993400,SUBMISSION,,HYDROGEL_PACK,XIREC,9991.0,25
993500,SUBMISSION,,HYDROGEL_PACK,XIREC,9986.0,13
993500,SUBMISSION,,HYDROGEL_PACK,XIREC,9989.0,28
993600,SUBMISSION,,HYDROGEL_PACK,XIREC,9987.0,11
993600,SUBMISSION,,HYDROGEL_PACK,XIREC,9990.0,26
993700,SUBMISSION,,HYDROGEL_PACK,XIREC,9990.0,15
993700,SUBMISSION,,HYDROGEL_PACK,XIREC,9992.0,28
993800,SUBMISSION,,HYDROGEL_PACK,XIREC,9990.0,15
993800,SUBMISSION,,HYDROGEL_PACK,XIREC,9992.0,15
994100,SUBMISSION,,HYDROGEL_PACK,XIREC,9989.0,4
994300,SUBMISSION,,VEV_5300,XIREC,46.0,3
994300,SUBMISSION,,VEV_5400,XIREC,16.0,3
994300,SUBMISSION,,VEV_5500,XIREC,7.0,2
994300,,,VEV_5500,XIREC,7.0,1
994300,,,VEV_6000,XIREC,0.0,3
994300,,,VEV_6500,XIREC,0.0,3
995100,SUBMISSION,,HYDROGEL_PACK,XIREC,9987.0,4
995600,SUBMISSION,,HYDROGEL_PACK,XIREC,9983.0,2
997000,,,HYDROGEL_PACK,XIREC,9977.0,5
997200,,SUBMISSION,VEV_4000,XIREC,1250.0,3
997800,SUBMISSION,,HYDROGEL_PACK,XIREC,9982.0,1
997900,,SUBMISSION,VEV_4000,XIREC,1250.0,2
999000,,SUBMISSION,VEV_4000,XIREC,1248.0,1
999900,,,HYDROGEL_PACK,XIREC,9966.0,5
