timestamp;buyer;seller;symbol;currency;price;quantity
3000;SUBMISSION;;INTARIAN_PEPPER_ROOT;SEASHELLS;10999;8
4800;SUBMISSION;;INTARIAN_PEPPER_ROOT;SEASHELLS;11001;7
6100;SUBMISSION;;ASH_COATED_OSMIUM;SEASHELLS;9992;8
6200;SUBMISSION;;ASH_COATED_OSMIUM;SEASHELLS;9996;4
8500;SUBMISSION;;INTARIAN_PEPPER_ROOT;SEASHELLS;11005;4
9500;SUBMISSION;;ASH_COATED_OSMIUM;SEASHELLS;9998;4
13200;SUBMISSION;;ASH_COATED_OSMIUM;SEASHELLS;9995;4
13700;;SUBMISSION;INTARIAN_PEPPER_ROOT;SEASHELLS;11011;5
18700;SUBMISSION;;ASH_COATED_OSMIUM;SEASHELLS;9998;4
19300;;SUBMISSION;ASH_COATED_OSMIUM;SEASHELLS;10002;9
22100;;SUBMISSION;ASH_COATED_OSMIUM;SEASHELLS;10001;10
25800;;SUBMISSION;INTARIAN_PEPPER_ROOT;SEASHELLS;11029;3
26600;;SUBMISSION;INTARIAN_PEPPER_ROOT;SEASHELLS;11029;8
27800;;SUBMISSION;ASH_COATED_OSMIUM;SEASHELLS;10003;8
29700;SUBMISSION;;ASH_COATED_OSMIUM;SEASHELLS;10000;3
30200;;SUBMISSION;INTARIAN_PEPPER_ROOT;SEASHELLS;11033;3
35000;;SUBMISSION;INTARIAN_PEPPER_ROOT;SEASHELLS;11038;8
37100;;SUBMISSION;INTARIAN_PEPPER_ROOT;SEASHELLS;11040;6
38100;SUBMISSION;;INTARIAN_PEPPER_ROOT;SEASHELLS;11034;7
38700;SUBMISSION;;INTARIAN_PEPPER_ROOT;SEASHELLS;11035;5
40000;SUBMISSION;;INTARIAN_PEPPER_ROOT;SEASHELLS;11036;5
41100;SUBMISSION;;ASH_COATED_OSMIUM;SEASHELLS;9999;7
43700;;SUBMISSION;INTARIAN_PEPPER_ROOT;SEASHELLS;11047;4
47100;;SUBMISSION;ASH_COATED_OSMIUM;SEASHELLS;10001;7
48700;SUBMISSION;;INTARIAN_PEPPER_ROOT;SEASHELLS;11045;7
52700;SUBMISSION;;INTARIAN_PEPPER_ROOT;SEASHELLS;11049;6
53400;SUBMISSION;;ASH_COATED_OSMIUM;SEASHELLS;9999;2
55400;SUBMISSION;;ASH_COATED_OSMIUM;SEASHELLS;9998;3
55900;SUBMISSION;;ASH_COATED_OSMIUM;SEASHELLS;9998;5
57700;SUBMISSION;;ASH_COATED_OSMIUM;SEASHELLS;9996;8
59400;SUBMISSION;;INTARIAN_PEPPER_ROOT;SEASHELLS;11056;5
59900;SUBMISSION;;INTARIAN_PEPPER_ROOT;SEASHELLS;11056;8
63900;;SUBMISSION;INTARIAN_PEPPER_ROOT;SEASHELLS;11067;7
64200;SUBMISSION;;ASH_COATED_OSMIUM;SEASHELLS;9994;8
68100;SUBMISSION;;INTARIAN_PEPPER_ROOT;SEASHELLS;11064;5
70800;;SUBMISSION;ASH_COATED_OSMIUM;SEASHELLS;10000;8
72600;SUBMISSION;;ASH_COATED_OSMIUM;SEASHELLS;9997;7
73700;;SUBMISSION;ASH_COATED_OSMIUM;SEASHELLS;10002;10
80300;SUBMISSION;;ASH_COATED_OSMIUM;SEASHELLS;9999;5
83200;;SUBMISSION;ASH_COATED_OSMIUM;SEASHELLS;10002;4
84800;;SUBMISSION;INTARIAN_PEPPER_ROOT;SEASHELLS;11082;6
86400;;SUBMISSION;ASH_COATED_OSMIUM;SEASHELLS;10000;4
90500;;SUBMISSION;ASH_COATED_OSMIUM;SEASHELLS;10001;4
90500;;SUBMISSION;INTARIAN_PEPPER_ROOT;SEASHELLS;11093;7
91400;;SUBMISSION;ASH_COATED_OSMIUM;SEASHELLS;10006;4
91700;SUBMISSION;;INTARIAN_PEPPER_ROOT;SEASHELLS;11088;7
91900;;SUBMISSION;ASH_COATED_OSMIUM;SEASHELLS;10001;3
92600;;SUBMISSION;ASH_COATED_OSMIUM;SEASHELLS;10006;4
93100;;SUBMISSION;INTARIAN_PEPPER_ROOT;SEASHELLS;11096;6
94600;;SUBMISSION;INTARIAN_PEPPER_ROOT;SEASHELLS;11089;11
95400;;SUBMISSION;ASH_COATED_OSMIUM;SEASHELLS;10001;9
95500;SUBMISSION;;INTARIAN_PEPPER_ROOT;SEASHELLS;11092;4
97400;SUBMISSION;;ASH_COATED_OSMIUM;SEASHELLS;9997;8
97600;;SUBMISSION;INTARIAN_PEPPER_ROOT;SEASHELLS;11100;6
98000;;SUBMISSION;INTARIAN_PEPPER_ROOT;SEASHELLS;11101;6
98200;;SUBMISSION;INTARIAN_PEPPER_ROOT;SEASHELLS;11101;8
98700;;SUBMISSION;ASH_COATED_OSMIUM;SEASHELLS;10001;10
99400;SUBMISSION;;INTARIAN_PEPPER_ROOT;SEASHELLS;11096;8
99700;SUBMISSION;;INTARIAN_PEPPER_ROOT;SEASHELLS;11096;5
101000;SUBMISSION;;INTARIAN_PEPPER_ROOT;SEASHELLS;11097;4
101600;;SUBMISSION;INTARIAN_PEPPER_ROOT;SEASHELLS;11104;6
101800;SUBMISSION;;ASH_COATED_OSMIUM;SEASHELLS;9996;5
102300;SUBMISSION;;INTARIAN_PEPPER_ROOT;SEASHELLS;11098;8
103400;SUBMISSION;;INTARIAN_PEPPER_ROOT;SEASHELLS;11100;4
105000;SUBMISSION;;ASH_COATED_OSMIUM;SEASHELLS;9998;10
105900;SUBMISSION;;INTARIAN_PEPPER_ROOT;SEASHELLS;11102;6
112400;SUBMISSION;;INTARIAN_PEPPER_ROOT;SEASHELLS;11109;3
113400;SUBMISSION;;ASH_COATED_OSMIUM;SEASHELLS;9998;4
113600;;SUBMISSION;ASH_COATED_OSMIUM;SEASHELLS;10002;9
114400;;SUBMISSION;ASH_COATED_OSMIUM;SEASHELLS;10001;9
117300;SUBMISSION;;ASH_COATED_OSMIUM;SEASHELLS;9996;5
118500;SUBMISSION;;ASH_COATED_OSMIUM;SEASHELLS;9997;9
126500;;SUBMISSION;INTARIAN_PEPPER_ROOT;SEASHELLS;11129;8
126900;SUBMISSION;;INTARIAN_PEPPER_ROOT;SEASHELLS;11123;6
128500;;SUBMISSION;INTARIAN_PEPPER_ROOT;SEASHELLS;11131;8
128700;SUBMISSION;;INTARIAN_PEPPER_ROOT;SEASHELLS;11125;3
130300;SUBMISSION;;INTARIAN_PEPPER_ROOT;SEASHELLS;11126;5
130400;SUBMISSION;;INTARIAN_PEPPER_ROOT;SEASHELLS;11127;7
130500;SUBMISSION;;ASH_COATED_OSMIUM;SEASHELLS;9992;9
130600;SUBMISSION;;ASH_COATED_OSMIUM;SEASHELLS;9996;3
134300;SUBMISSION;;ASH_COATED_OSMIUM;SEASHELLS;9994;4
134300;;SUBMISSION;INTARIAN_PEPPER_ROOT;SEASHELLS;11132;12
135100;SUBMISSION;;ASH_COATED_OSMIUM;SEASHELLS;9999;2
136100;SUBMISSION;;INTARIAN_PEPPER_ROOT;SEASHELLS;11132;6
136300;SUBMISSION;;ASH_COATED_OSMIUM;SEASHELLS;9995;5
136400;SUBMISSION;;ASH_COATED_OSMIUM;SEASHELLS;9999;4
139300;SUBMISSION;;INTARIAN_PEPPER_ROOT;SEASHELLS;11135;6
140400;;SUBMISSION;ASH_COATED_OSMIUM;SEASHELLS;10000;7
140700;;SUBMISSION;INTARIAN_PEPPER_ROOT;SEASHELLS;11144;4
143800;SUBMISSION;;INTARIAN_PEPPER_ROOT;SEASHELLS;11140;7
149600;;SUBMISSION;ASH_COATED_OSMIUM;SEASHELLS;10003;10
150500;;SUBMISSION;ASH_COATED_OSMIUM;SEASHELLS;10002;5
150800;SUBMISSION;;ASH_COATED_OSMIUM;SEASHELLS;9998;10
154000;SUBMISSION;;ASH_COATED_OSMIUM;SEASHELLS;9999;7
158000;;SUBMISSION;INTARIAN_PEPPER_ROOT;SEASHELLS;11155;6
158600;;SUBMISSION;INTARIAN_PEPPER_ROOT;SEASHELLS;11161;6
158800;;SUBMISSION;INTARIAN_PEPPER_ROOT;SEASHELLS;11156;5
161000;SUBMISSION;;ASH_COATED_OSMIUM;SEASHELLS;9999;4
161100;;SUBMISSION;ASH_COATED_OSMIUM;SEASHELLS;10002;8
161800;;SUBMISSION;INTARIAN_PEPPER_ROOT;SEASHELLS;11165;6
163300;;SUBMISSION;INTARIAN_PEPPER_ROOT;SEASHELLS;11166;8
165200;SUBMISSION;;ASH_COATED_OSMIUM;SEASHELLS;9996;8
167200;;SUBMISSION;ASH_COATED_OSMIUM;SEASHELLS;10001;7
171700;SUBMISSION;;ASH_COATED_OSMIUM;SEASHELLS;9997;10
172400;SUBMISSION;;INTARIAN_PEPPER_ROOT;SEASHELLS;11169;8
175400;SUBMISSION;;ASH_COATED_OSMIUM;SEASHELLS;9998;4
175500;;SUBMISSION;INTARIAN_PEPPER_ROOT;SEASHELLS;11178;5
179300;;SUBMISSION;ASH_COATED_OSMIUM;SEASHELLS;10002;6
179500;;SUBMISSION;ASH_COATED_OSMIUM;SEASHELLS;10002;7
180700;;SUBMISSION;ASH_COATED_OSMIUM;SEASHELLS;10002;8
181600;;SUBMISSION;ASH_COATED_OSMIUM;SEASHELLS;10004;7
182200;;SUBMISSION;ASH_COATED_OSMIUM;SEASHELLS;10004;7
183700;SUBMISSION;;ASH_COATED_OSMIUM;SEASHELLS;10000;1
184800;;SUBMISSION;ASH_COATED_OSMIUM;SEASHELLS;10001;2
184800;;SUBMISSION;INTARIAN_PEPPER_ROOT;SEASHELLS;11188;7
187400;;SUBMISSION;ASH_COATED_OSMIUM;SEASHELLS;10001;5
188300;SUBMISSION;;INTARIAN_PEPPER_ROOT;SEASHELLS;11184;4
189300;;SUBMISSION;ASH_COATED_OSMIUM;SEASHELLS;10004;5
191300;;SUBMISSION;ASH_COATED_OSMIUM;SEASHELLS;10001;5
195800;;SUBMISSION;ASH_COATED_OSMIUM;SEASHELLS;10001;3
196500;;SUBMISSION;ASH_COATED_OSMIUM;SEASHELLS;10005;10
197200;;SUBMISSION;ASH_COATED_OSMIUM;SEASHELLS;10005;10
199000;;SUBMISSION;ASH_COATED_OSMIUM;SEASHELLS;10004;10
199000;;SUBMISSION;INTARIAN_PEPPER_ROOT;SEASHELLS;11202;3
199500;;SUBMISSION;INTARIAN_PEPPER_ROOT;SEASHELLS;11202;7
201800;SUBMISSION;;INTARIAN_PEPPER_ROOT;SEASHELLS;11198;6
204000;SUBMISSION;;INTARIAN_PEPPER_ROOT;SEASHELLS;11200;5
204400;SUBMISSION;;ASH_COATED_OSMIUM;SEASHELLS;10000;5
204500;SUBMISSION;;ASH_COATED_OSMIUM;SEASHELLS;9996;10
204900;;SUBMISSION;ASH_COATED_OSMIUM;SEASHELLS;10001;4
210200;;SUBMISSION;INTARIAN_PEPPER_ROOT;SEASHELLS;11213;3
210300;;SUBMISSION;INTARIAN_PEPPER_ROOT;SEASHELLS;11213;4
210900;;SUBMISSION;INTARIAN_PEPPER_ROOT;SEASHELLS;11214;3
214500;SUBMISSION;;INTARIAN_PEPPER_ROOT;SEASHELLS;11211;6
215300;SUBMISSION;;INTARIAN_PEPPER_ROOT;SEASHELLS;11211;5
215600;SUBMISSION;;INTARIAN_PEPPER_ROOT;SEASHELLS;11212;6
215800;SUBMISSION;;INTARIAN_PEPPER_ROOT;SEASHELLS;11212;3
216500;;SUBMISSION;INTARIAN_PEPPER_ROOT;SEASHELLS;11219;8
218100;;SUBMISSION;ASH_COATED_OSMIUM;SEASHELLS;10005;6
218400;SUBMISSION;;INTARIAN_PEPPER_ROOT;SEASHELLS;11215;4
224200;;SUBMISSION;INTARIAN_PEPPER_ROOT;SEASHELLS;11227;8
225800;;SUBMISSION;ASH_COATED_OSMIUM;SEASHELLS;10002;3
226500;;SUBMISSION;INTARIAN_PEPPER_ROOT;SEASHELLS;11229;3
226700;;SUBMISSION;ASH_COATED_OSMIUM;SEASHELLS;10002;5
228700;SUBMISSION;;ASH_COATED_OSMIUM;SEASHELLS;9999;5
232000;;SUBMISSION;INTARIAN_PEPPER_ROOT;SEASHELLS;11235;5
233600;SUBMISSION;;INTARIAN_PEPPER_ROOT;SEASHELLS;11230;4
235100;SUBMISSION;;INTARIAN_PEPPER_ROOT;SEASHELLS;11241;8
236800;SUBMISSION;;INTARIAN_PEPPER_ROOT;SEASHELLS;11233;8
239800;;SUBMISSION;ASH_COATED_OSMIUM;SEASHELLS;10004;5
241200;;SUBMISSION;INTARIAN_PEPPER_ROOT;SEASHELLS;11244;6
242700;;SUBMISSION;ASH_COATED_OSMIUM;SEASHELLS;10003;5
245200;SUBMISSION;;ASH_COATED_OSMIUM;SEASHELLS;10000;8
245900;SUBMISSION;;ASH_COATED_OSMIUM;SEASHELLS;9999;6
247600;;SUBMISSION;ASH_COATED_OSMIUM;SEASHELLS;10004;10
250500;;SUBMISSION;INTARIAN_PEPPER_ROOT;SEASHELLS;11253;3
251100;;SUBMISSION;ASH_COATED_OSMIUM;SEASHELLS;10001;6
252600;;SUBMISSION;ASH_COATED_OSMIUM;SEASHELLS;10002;9
254500;;SUBMISSION;ASH_COATED_OSMIUM;SEASHELLS;10002;8
258400;;SUBMISSION;INTARIAN_PEPPER_ROOT;SEASHELLS;11261;6
261200;;SUBMISSION;ASH_COATED_OSMIUM;SEASHELLS;10002;3
264300;SUBMISSION;;ASH_COATED_OSMIUM;SEASHELLS;9998;10
266400;SUBMISSION;;ASH_COATED_OSMIUM;SEASHELLS;9997;10
269500;SUBMISSION;;ASH_COATED_OSMIUM;SEASHELLS;10000;4
272700;SUBMISSION;;INTARIAN_PEPPER_ROOT;SEASHELLS;11269;6
273200;SUBMISSION;;ASH_COATED_OSMIUM;SEASHELLS;9994;6
274100;SUBMISSION;;INTARIAN_PEPPER_ROOT;SEASHELLS;11270;6
275300;SUBMISSION;;ASH_COATED_OSMIUM;SEASHELLS;9995;7
279400;;SUBMISSION;INTARIAN_PEPPER_ROOT;SEASHELLS;11282;5
280000;;SUBMISSION;INTARIAN_PEPPER_ROOT;SEASHELLS;11283;4
282100;;SUBMISSION;INTARIAN_PEPPER_ROOT;SEASHELLS;11285;4
282400;SUBMISSION;;ASH_COATED_OSMIUM;SEASHELLS;9993;9
283800;;SUBMISSION;INTARIAN_PEPPER_ROOT;SEASHELLS;11287;6
284300;SUBMISSION;;INTARIAN_PEPPER_ROOT;SEASHELLS;11286;8
284800;SUBMISSION;;INTARIAN_PEPPER_ROOT;SEASHELLS;11281;7
286300;SUBMISSION;;INTARIAN_PEPPER_ROOT;SEASHELLS;11282;7
287400;;SUBMISSION;INTARIAN_PEPPER_ROOT;SEASHELLS;11290;5
292600;SUBMISSION;;ASH_COATED_OSMIUM;SEASHELLS;9993;4
296500;;SUBMISSION;INTARIAN_PEPPER_ROOT;SEASHELLS;11299;4
297200;SUBMISSION;;ASH_COATED_OSMIUM;SEASHELLS;9998;2
298800;;SUBMISSION;INTARIAN_PEPPER_ROOT;SEASHELLS;11302;7
299100;;SUBMISSION;INTARIAN_PEPPER_ROOT;SEASHELLS;11302;4
301200;SUBMISSION;;INTARIAN_PEPPER_ROOT;SEASHELLS;11297;8
302100;;SUBMISSION;INTARIAN_PEPPER_ROOT;SEASHELLS;11305;8
302500;SUBMISSION;;INTARIAN_PEPPER_ROOT;SEASHELLS;11299;8
307100;;SUBMISSION;INTARIAN_PEPPER_ROOT;SEASHELLS;11310;4
312300;;SUBMISSION;ASH_COATED_OSMIUM;SEASHELLS;10001;2
313200;SUBMISSION;;INTARIAN_PEPPER_ROOT;SEASHELLS;11309;6
313600;SUBMISSION;;INTARIAN_PEPPER_ROOT;SEASHELLS;11310;4
315700;;SUBMISSION;ASH_COATED_OSMIUM;SEASHELLS;10006;4
316000;;SUBMISSION;ASH_COATED_OSMIUM;SEASHELLS;10001;4
316800;;SUBMISSION;ASH_COATED_OSMIUM;SEASHELLS;10001;5
317600;;SUBMISSION;ASH_COATED_OSMIUM;SEASHELLS;10005;9
318600;;SUBMISSION;ASH_COATED_OSMIUM;SEASHELLS;10006;8
320500;SUBMISSION;;INTARIAN_PEPPER_ROOT;SEASHELLS;11317;3
321200;;SUBMISSION;ASH_COATED_OSMIUM;SEASHELLS;10003;4
321300;;SUBMISSION;ASH_COATED_OSMIUM;SEASHELLS;10004;5
321500;SUBMISSION;;INTARIAN_PEPPER_ROOT;SEASHELLS;11318;3
322100;;SUBMISSION;INTARIAN_PEPPER_ROOT;SEASHELLS;11325;8
322400;;SUBMISSION;ASH_COATED_OSMIUM;SEASHELLS;10004;3
323700;;SUBMISSION;ASH_COATED_OSMIUM;SEASHELLS;10008;8
329700;SUBMISSION;;INTARIAN_PEPPER_ROOT;SEASHELLS;11326;4
332300;SUBMISSION;;INTARIAN_PEPPER_ROOT;SEASHELLS;11328;8
338300;SUBMISSION;;INTARIAN_PEPPER_ROOT;SEASHELLS;11334;6
341700;;SUBMISSION;INTARIAN_PEPPER_ROOT;SEASHELLS;11345;8
345100;SUBMISSION;;INTARIAN_PEPPER_ROOT;SEASHELLS;11341;5
346500;SUBMISSION;;INTARIAN_PEPPER_ROOT;SEASHELLS;11343;8
352200;SUBMISSION;;INTARIAN_PEPPER_ROOT;SEASHELLS;11348;8
353700;;SUBMISSION;INTARIAN_PEPPER_ROOT;SEASHELLS;11348;9
353700;;SUBMISSION;INTARIAN_PEPPER_ROOT;SEASHELLS;11345;24
354900;SUBMISSION;;ASH_COATED_OSMIUM;SEASHELLS;10000;3
357300;SUBMISSION;;ASH_COATED_OSMIUM;SEASHELLS;10000;3
359600;SUBMISSION;;ASH_COATED_OSMIUM;SEASHELLS;9998;8
360800;;SUBMISSION;INTARIAN_PEPPER_ROOT;SEASHELLS;11364;5
361800;;SUBMISSION;ASH_COATED_OSMIUM;SEASHELLS;10003;9
364700;SUBMISSION;;INTARIAN_PEPPER_ROOT;SEASHELLS;11366;11
365100;;SUBMISSION;ASH_COATED_OSMIUM;SEASHELLS;10001;5
367800;;SUBMISSION;INTARIAN_PEPPER_ROOT;SEASHELLS;11371;5
368000;SUBMISSION;;ASH_COATED_OSMIUM;SEASHELLS;10000;7
376500;SUBMISSION;;INTARIAN_PEPPER_ROOT;SEASHELLS;11373;5
377100;;SUBMISSION;ASH_COATED_OSMIUM;SEASHELLS;10002;7
380700;SUBMISSION;;INTARIAN_PEPPER_ROOT;SEASHELLS;11377;4
382500;;SUBMISSION;INTARIAN_PEPPER_ROOT;SEASHELLS;11385;4
382900;;SUBMISSION;INTARIAN_PEPPER_ROOT;SEASHELLS;11386;7
385700;SUBMISSION;;INTARIAN_PEPPER_ROOT;SEASHELLS;11387;7
387000;;SUBMISSION;INTARIAN_PEPPER_ROOT;SEASHELLS;11390;3
387700;SUBMISSION;;ASH_COATED_OSMIUM;SEASHELLS;9998;7
390300;;SUBMISSION;INTARIAN_PEPPER_ROOT;SEASHELLS;11393;6
390700;;SUBMISSION;ASH_COATED_OSMIUM;SEASHELLS;10005;4
393200;SUBMISSION;;INTARIAN_PEPPER_ROOT;SEASHELLS;11389;7
396100;;SUBMISSION;ASH_COATED_OSMIUM;SEASHELLS;10004;3
397600;;SUBMISSION;INTARIAN_PEPPER_ROOT;SEASHELLS;11401;6
398800;SUBMISSION;;INTARIAN_PEPPER_ROOT;SEASHELLS;11395;5
398900;SUBMISSION;;INTARIAN_PEPPER_ROOT;SEASHELLS;11395;6
399000;SUBMISSION;;INTARIAN_PEPPER_ROOT;SEASHELLS;11395;7
400300;;SUBMISSION;INTARIAN_PEPPER_ROOT;SEASHELLS;11403;8
400800;SUBMISSION;;INTARIAN_PEPPER_ROOT;SEASHELLS;11397;4
405600;SUBMISSION;;ASH_COATED_OSMIUM;SEASHELLS;10000;6
407300;;SUBMISSION;INTARIAN_PEPPER_ROOT;SEASHELLS;11410;6
407700;SUBMISSION;;ASH_COATED_OSMIUM;SEASHELLS;9999;10
409300;SUBMISSION;;INTARIAN_PEPPER_ROOT;SEASHELLS;11405;5
414100;SUBMISSION;;INTARIAN_PEPPER_ROOT;SEASHELLS;11410;8
420300;SUBMISSION;;ASH_COATED_OSMIUM;SEASHELLS;10000;2
420700;SUBMISSION;;ASH_COATED_OSMIUM;SEASHELLS;9997;4
421600;SUBMISSION;;INTARIAN_PEPPER_ROOT;SEASHELLS;11418;7
424800;SUBMISSION;;INTARIAN_PEPPER_ROOT;SEASHELLS;11421;6
426300;;SUBMISSION;INTARIAN_PEPPER_ROOT;SEASHELLS;11424;11
426900;SUBMISSION;;ASH_COATED_OSMIUM;SEASHELLS;9999;6
429400;;SUBMISSION;INTARIAN_PEPPER_ROOT;SEASHELLS;11432;4
429600;SUBMISSION;;INTARIAN_PEPPER_ROOT;SEASHELLS;11426;3
435500;;SUBMISSION;INTARIAN_PEPPER_ROOT;SEASHELLS;11438;5
435600;SUBMISSION;;INTARIAN_PEPPER_ROOT;SEASHELLS;11432;5
437200;;SUBMISSION;INTARIAN_PEPPER_ROOT;SEASHELLS;11440;6
438300;;SUBMISSION;ASH_COATED_OSMIUM;SEASHELLS;10003;4
438400;;SUBMISSION;ASH_COATED_OSMIUM;SEASHELLS;10003;2
440400;;SUBMISSION;ASH_COATED_OSMIUM;SEASHELLS;10009;7
441900;;SUBMISSION;ASH_COATED_OSMIUM;SEASHELLS;10004;3
442500;SUBMISSION;;INTARIAN_PEPPER_ROOT;SEASHELLS;11439;7
443100;;SUBMISSION;INTARIAN_PEPPER_ROOT;SEASHELLS;11446;3
446400;;SUBMISSION;INTARIAN_PEPPER_ROOT;SEASHELLS;11444;6
448800;SUBMISSION;;INTARIAN_PEPPER_ROOT;SEASHELLS;11445;6
451100;;SUBMISSION;ASH_COATED_OSMIUM;SEASHELLS;10001;3
453300;;SUBMISSION;ASH_COATED_OSMIUM;SEASHELLS;10002;3
454400;;SUBMISSION;INTARIAN_PEPPER_ROOT;SEASHELLS;11457;7
457900;;SUBMISSION;ASH_COATED_OSMIUM;SEASHELLS;10003;6
459200;;SUBMISSION;INTARIAN_PEPPER_ROOT;SEASHELLS;11462;8
460400;;SUBMISSION;INTARIAN_PEPPER_ROOT;SEASHELLS;11463;3
460700;;SUBMISSION;INTARIAN_PEPPER_ROOT;SEASHELLS;11464;7
464900;;SUBMISSION;INTARIAN_PEPPER_ROOT;SEASHELLS;11468;6
474500;SUBMISSION;;INTARIAN_PEPPER_ROOT;SEASHELLS;11471;6
478600;;SUBMISSION;INTARIAN_PEPPER_ROOT;SEASHELLS;11482;6
480400;SUBMISSION;;INTARIAN_PEPPER_ROOT;SEASHELLS;11482;8
490000;SUBMISSION;;INTARIAN_PEPPER_ROOT;SEASHELLS;11486;3
492700;SUBMISSION;;INTARIAN_PEPPER_ROOT;SEASHELLS;11489;7
492900;SUBMISSION;;INTARIAN_PEPPER_ROOT;SEASHELLS;11489;5
496500;;SUBMISSION;INTARIAN_PEPPER_ROOT;SEASHELLS;11499;6
496800;SUBMISSION;;INTARIAN_PEPPER_ROOT;SEASHELLS;11493;3
498800;;SUBMISSION;INTARIAN_PEPPER_ROOT;SEASHELLS;11502;3
502900;SUBMISSION;;ASH_COATED_OSMIUM;SEASHELLS;10000;5
506800;;SUBMISSION;ASH_COATED_OSMIUM;SEASHELLS;10003;5
512100;;SUBMISSION;INTARIAN_PEPPER_ROOT;SEASHELLS;11515;6
513000;SUBMISSION;;INTARIAN_PEPPER_ROOT;SEASHELLS;11509;7
514300;;SUBMISSION;INTARIAN_PEPPER_ROOT;SEASHELLS;11517;6
524600;SUBMISSION;;INTARIAN_PEPPER_ROOT;SEASHELLS;11521;3
524700;;SUBMISSION;INTARIAN_PEPPER_ROOT;SEASHELLS;11528;7
530500;SUBMISSION;;INTARIAN_PEPPER_ROOT;SEASHELLS;11532;9
532300;;SUBMISSION;INTARIAN_PEPPER_ROOT;SEASHELLS;11535;5
534000;;SUBMISSION;INTARIAN_PEPPER_ROOT;SEASHELLS;11537;4
534100;;SUBMISSION;INTARIAN_PEPPER_ROOT;SEASHELLS;11537;4
536800;SUBMISSION;;INTARIAN_PEPPER_ROOT;SEASHELLS;11539;6
537800;;SUBMISSION;INTARIAN_PEPPER_ROOT;SEASHELLS;11541;7
538100;SUBMISSION;;INTARIAN_PEPPER_ROOT;SEASHELLS;11540;5
538700;SUBMISSION;;ASH_COATED_OSMIUM;SEASHELLS;9996;6
539500;SUBMISSION;;INTARIAN_PEPPER_ROOT;SEASHELLS;11541;10
540300;SUBMISSION;;ASH_COATED_OSMIUM;SEASHELLS;9996;9
540300;SUBMISSION;;INTARIAN_PEPPER_ROOT;SEASHELLS;11536;7
543300;;SUBMISSION;INTARIAN_PEPPER_ROOT;SEASHELLS;11546;8
546700;SUBMISSION;;ASH_COATED_OSMIUM;SEASHELLS;9998;4
546900;SUBMISSION;;INTARIAN_PEPPER_ROOT;SEASHELLS;11543;5
548800;SUBMISSION;;ASH_COATED_OSMIUM;SEASHELLS;9996;8
549100;SUBMISSION;;ASH_COATED_OSMIUM;SEASHELLS;9999;4
550200;;SUBMISSION;INTARIAN_PEPPER_ROOT;SEASHELLS;11553;4
550300;SUBMISSION;;INTARIAN_PEPPER_ROOT;SEASHELLS;11546;5
552200;SUBMISSION;;INTARIAN_PEPPER_ROOT;SEASHELLS;11548;3
553500;;SUBMISSION;INTARIAN_PEPPER_ROOT;SEASHELLS;11556;4
554600;SUBMISSION;;INTARIAN_PEPPER_ROOT;SEASHELLS;11551;3
555600;;SUBMISSION;INTARIAN_PEPPER_ROOT;SEASHELLS;11559;3
556800;SUBMISSION;;ASH_COATED_OSMIUM;SEASHELLS;10000;5
556900;;SUBMISSION;INTARIAN_PEPPER_ROOT;SEASHELLS;11551;3
558100;SUBMISSION;;ASH_COATED_OSMIUM;SEASHELLS;9999;2
558700;SUBMISSION;;ASH_COATED_OSMIUM;SEASHELLS;9999;4
559500;SUBMISSION;;ASH_COATED_OSMIUM;SEASHELLS;9998;4
559700;SUBMISSION;;ASH_COATED_OSMIUM;SEASHELLS;9998;3
560900;;SUBMISSION;INTARIAN_PEPPER_ROOT;SEASHELLS;11564;3
562800;;SUBMISSION;INTARIAN_PEPPER_ROOT;SEASHELLS;11566;4
564200;SUBMISSION;;ASH_COATED_OSMIUM;SEASHELLS;9997;5
567500;SUBMISSION;;ASH_COATED_OSMIUM;SEASHELLS;9994;7
570300;SUBMISSION;;ASH_COATED_OSMIUM;SEASHELLS;9997;8
575700;SUBMISSION;;INTARIAN_PEPPER_ROOT;SEASHELLS;11572;3
577000;SUBMISSION;;ASH_COATED_OSMIUM;SEASHELLS;9997;4
577300;SUBMISSION;;INTARIAN_PEPPER_ROOT;SEASHELLS;11573;3
578000;SUBMISSION;;INTARIAN_PEPPER_ROOT;SEASHELLS;11574;8
578900;SUBMISSION;;ASH_COATED_OSMIUM;SEASHELLS;9997;6
579700;SUBMISSION;;INTARIAN_PEPPER_ROOT;SEASHELLS;11576;4
584700;;SUBMISSION;ASH_COATED_OSMIUM;SEASHELLS;10002;10
585900;SUBMISSION;;INTARIAN_PEPPER_ROOT;SEASHELLS;11582;6
586300;;SUBMISSION;ASH_COATED_OSMIUM;SEASHELLS;10002;4
586900;;SUBMISSION;INTARIAN_PEPPER_ROOT;SEASHELLS;11590;7
589600;SUBMISSION;;ASH_COATED_OSMIUM;SEASHELLS;9998;6
590300;;SUBMISSION;ASH_COATED_OSMIUM;SEASHELLS;10002;8
590700;;SUBMISSION;INTARIAN_PEPPER_ROOT;SEASHELLS;11594;8
591500;SUBMISSION;;ASH_COATED_OSMIUM;SEASHELLS;9999;9
591600;SUBMISSION;;INTARIAN_PEPPER_ROOT;SEASHELLS;11588;7
593200;SUBMISSION;;INTARIAN_PEPPER_ROOT;SEASHELLS;11589;4
596200;SUBMISSION;;ASH_COATED_OSMIUM;SEASHELLS;9999;4
598100;;SUBMISSION;ASH_COATED_OSMIUM;SEASHELLS;10001;4
598600;SUBMISSION;;ASH_COATED_OSMIUM;SEASHELLS;9997;8
599200;;SUBMISSION;ASH_COATED_OSMIUM;SEASHELLS;10002;10
602100;;SUBMISSION;ASH_COATED_OSMIUM;SEASHELLS;10001;4
603200;SUBMISSION;;ASH_COATED_OSMIUM;SEASHELLS;9997;6
604900;;SUBMISSION;INTARIAN_PEPPER_ROOT;SEASHELLS;11608;8
606500;SUBMISSION;;INTARIAN_PEPPER_ROOT;SEASHELLS;11603;6
607000;SUBMISSION;;INTARIAN_PEPPER_ROOT;SEASHELLS;11603;4
607900;;SUBMISSION;INTARIAN_PEPPER_ROOT;SEASHELLS;11611;3
610000;SUBMISSION;;ASH_COATED_OSMIUM;SEASHELLS;9999;9
611000;SUBMISSION;;INTARIAN_PEPPER_ROOT;SEASHELLS;11607;4
611300;;SUBMISSION;ASH_COATED_OSMIUM;SEASHELLS;10005;4
613300;;SUBMISSION;INTARIAN_PEPPER_ROOT;SEASHELLS;11610;11
615700;;SUBMISSION;ASH_COATED_OSMIUM;SEASHELLS;10005;4
617100;SUBMISSION;;ASH_COATED_OSMIUM;SEASHELLS;9999;5
617700;SUBMISSION;;INTARIAN_PEPPER_ROOT;SEASHELLS;11614;3
621600;;SUBMISSION;INTARIAN_PEPPER_ROOT;SEASHELLS;11625;8
621900;SUBMISSION;;ASH_COATED_OSMIUM;SEASHELLS;9999;7
622700;;SUBMISSION;ASH_COATED_OSMIUM;SEASHELLS;10001;2
624000;;SUBMISSION;ASH_COATED_OSMIUM;SEASHELLS;10002;4
636500;;SUBMISSION;ASH_COATED_OSMIUM;SEASHELLS;10002;2
637900;;SUBMISSION;INTARIAN_PEPPER_ROOT;SEASHELLS;11641;6
639300;;SUBMISSION;INTARIAN_PEPPER_ROOT;SEASHELLS;11642;6
640900;;SUBMISSION;INTARIAN_PEPPER_ROOT;SEASHELLS;11644;5
642000;SUBMISSION;;INTARIAN_PEPPER_ROOT;SEASHELLS;11638;4
644700;;SUBMISSION;ASH_COATED_OSMIUM;SEASHELLS;10002;2
648800;SUBMISSION;;INTARIAN_PEPPER_ROOT;SEASHELLS;11645;3
649200;SUBMISSION;;INTARIAN_PEPPER_ROOT;SEASHELLS;11645;5
652600;;SUBMISSION;ASH_COATED_OSMIUM;SEASHELLS;10001;10
654000;;SUBMISSION;INTARIAN_PEPPER_ROOT;SEASHELLS;11657;6
654500;SUBMISSION;;INTARIAN_PEPPER_ROOT;SEASHELLS;11651;8
654700;;SUBMISSION;ASH_COATED_OSMIUM;SEASHELLS;10003;4
655800;SUBMISSION;;INTARIAN_PEPPER_ROOT;SEASHELLS;11652;5
656600;;SUBMISSION;INTARIAN_PEPPER_ROOT;SEASHELLS;11660;3
658300;;SUBMISSION;ASH_COATED_OSMIUM;SEASHELLS;10006;5
658600;;SUBMISSION;ASH_COATED_OSMIUM;SEASHELLS;10001;12
658800;;SUBMISSION;ASH_COATED_OSMIUM;SEASHELLS;10001;11
658900;;SUBMISSION;ASH_COATED_OSMIUM;SEASHELLS;10001;15
659000;;SUBMISSION;ASH_COATED_OSMIUM;SEASHELLS;10001;14
659100;SUBMISSION;;INTARIAN_PEPPER_ROOT;SEASHELLS;11655;5
659200;;SUBMISSION;ASH_COATED_OSMIUM;SEASHELLS;10001;4
664600;SUBMISSION;;INTARIAN_PEPPER_ROOT;SEASHELLS;11661;3
667300;SUBMISSION;;INTARIAN_PEPPER_ROOT;SEASHELLS;11663;3
668300;;SUBMISSION;INTARIAN_PEPPER_ROOT;SEASHELLS;11671;8
671000;;SUBMISSION;INTARIAN_PEPPER_ROOT;SEASHELLS;11674;6
671600;SUBMISSION;;INTARIAN_PEPPER_ROOT;SEASHELLS;11668;3
672400;;SUBMISSION;INTARIAN_PEPPER_ROOT;SEASHELLS;11675;6
684400;;SUBMISSION;INTARIAN_PEPPER_ROOT;SEASHELLS;11687;3
686100;SUBMISSION;;INTARIAN_PEPPER_ROOT;SEASHELLS;11682;3
689700;SUBMISSION;;INTARIAN_PEPPER_ROOT;SEASHELLS;11686;4
699800;;SUBMISSION;INTARIAN_PEPPER_ROOT;SEASHELLS;11703;5
704100;SUBMISSION;;INTARIAN_PEPPER_ROOT;SEASHELLS;11700;8
704600;;SUBMISSION;INTARIAN_PEPPER_ROOT;SEASHELLS;11708;7
706500;;SUBMISSION;INTARIAN_PEPPER_ROOT;SEASHELLS;11710;6
709200;SUBMISSION;;INTARIAN_PEPPER_ROOT;SEASHELLS;11705;8
709600;SUBMISSION;;INTARIAN_PEPPER_ROOT;SEASHELLS;11706;5
709800;SUBMISSION;;INTARIAN_PEPPER_ROOT;SEASHELLS;11706;6
710100;;SUBMISSION;INTARIAN_PEPPER_ROOT;SEASHELLS;11713;5
712300;SUBMISSION;;ASH_COATED_OSMIUM;SEASHELLS;10000;4
715900;SUBMISSION;;INTARIAN_PEPPER_ROOT;SEASHELLS;11712;4
720000;;SUBMISSION;INTARIAN_PEPPER_ROOT;SEASHELLS;11723;6
723200;;SUBMISSION;INTARIAN_PEPPER_ROOT;SEASHELLS;11726;3
723600;SUBMISSION;;ASH_COATED_OSMIUM;SEASHELLS;9995;5
724400;;SUBMISSION;ASH_COATED_OSMIUM;SEASHELLS;10001;9
725100;;SUBMISSION;INTARIAN_PEPPER_ROOT;SEASHELLS;11728;3
726700;SUBMISSION;;INTARIAN_PEPPER_ROOT;SEASHELLS;11729;7
727700;;SUBMISSION;INTARIAN_PEPPER_ROOT;SEASHELLS;11731;5
728000;;SUBMISSION;INTARIAN_PEPPER_ROOT;SEASHELLS;11731;3
728300;;SUBMISSION;INTARIAN_PEPPER_ROOT;SEASHELLS;11731;6
730700;SUBMISSION;;ASH_COATED_OSMIUM;SEASHELLS;9999;2
735000;SUBMISSION;;ASH_COATED_OSMIUM;SEASHELLS;9998;5
735600;SUBMISSION;;ASH_COATED_OSMIUM;SEASHELLS;9999;5
736400;SUBMISSION;;ASH_COATED_OSMIUM;SEASHELLS;9998;5
737200;SUBMISSION;;ASH_COATED_OSMIUM;SEASHELLS;9994;10
738600;SUBMISSION;;INTARIAN_PEPPER_ROOT;SEASHELLS;11740;10
740200;;SUBMISSION;INTARIAN_PEPPER_ROOT;SEASHELLS;11743;5
740400;SUBMISSION;;INTARIAN_PEPPER_ROOT;SEASHELLS;11736;3
740700;;SUBMISSION;INTARIAN_PEPPER_ROOT;SEASHELLS;11744;5
743100;SUBMISSION;;ASH_COATED_OSMIUM;SEASHELLS;9992;9
744200;SUBMISSION;;ASH_COATED_OSMIUM;SEASHELLS;9995;4
744400;SUBMISSION;;ASH_COATED_OSMIUM;SEASHELLS;9991;4
744800;SUBMISSION;;ASH_COATED_OSMIUM;SEASHELLS;10000;14
745000;SUBMISSION;;ASH_COATED_OSMIUM;SEASHELLS;10000;10
745200;SUBMISSION;;ASH_COATED_OSMIUM;SEASHELLS;10000;12
745300;SUBMISSION;;ASH_COATED_OSMIUM;SEASHELLS;9994;5
746100;SUBMISSION;;ASH_COATED_OSMIUM;SEASHELLS;9990;4
746400;SUBMISSION;;INTARIAN_PEPPER_ROOT;SEASHELLS;11742;6
749400;SUBMISSION;;ASH_COATED_OSMIUM;SEASHELLS;9992;10
751000;SUBMISSION;;INTARIAN_PEPPER_ROOT;SEASHELLS;11747;6
752200;;SUBMISSION;INTARIAN_PEPPER_ROOT;SEASHELLS;11755;4
754400;SUBMISSION;;ASH_COATED_OSMIUM;SEASHELLS;9999;15
754500;SUBMISSION;;ASH_COATED_OSMIUM;SEASHELLS;9999;11
754600;SUBMISSION;;ASH_COATED_OSMIUM;SEASHELLS;9999;13
754700;SUBMISSION;;ASH_COATED_OSMIUM;SEASHELLS;9999;13
754800;SUBMISSION;;ASH_COATED_OSMIUM;SEASHELLS;9999;9
755200;SUBMISSION;;INTARIAN_PEPPER_ROOT;SEASHELLS;11751;6
760600;SUBMISSION;;INTARIAN_PEPPER_ROOT;SEASHELLS;11757;3
761400;SUBMISSION;;INTARIAN_PEPPER_ROOT;SEASHELLS;11757;4
767200;;SUBMISSION;INTARIAN_PEPPER_ROOT;SEASHELLS;11770;3
769400;;SUBMISSION;INTARIAN_PEPPER_ROOT;SEASHELLS;11772;5
775300;;SUBMISSION;ASH_COATED_OSMIUM;SEASHELLS;10004;10
775500;;SUBMISSION;ASH_COATED_OSMIUM;SEASHELLS;10003;7
779700;SUBMISSION;;INTARIAN_PEPPER_ROOT;SEASHELLS;11776;8
781200;;SUBMISSION;ASH_COATED_OSMIUM;SEASHELLS;10002;9
784300;;SUBMISSION;ASH_COATED_OSMIUM;SEASHELLS;10002;4
785400;;SUBMISSION;INTARIAN_PEPPER_ROOT;SEASHELLS;11788;6
785700;SUBMISSION;;INTARIAN_PEPPER_ROOT;SEASHELLS;11782;6
786500;;SUBMISSION;ASH_COATED_OSMIUM;SEASHELLS;10002;9
788300;SUBMISSION;;ASH_COATED_OSMIUM;SEASHELLS;9998;4
790200;SUBMISSION;;INTARIAN_PEPPER_ROOT;SEASHELLS;11786;3
790900;SUBMISSION;;INTARIAN_PEPPER_ROOT;SEASHELLS;11787;8
793600;;SUBMISSION;INTARIAN_PEPPER_ROOT;SEASHELLS;11791;5
793800;SUBMISSION;;ASH_COATED_OSMIUM;SEASHELLS;9994;7
795000;SUBMISSION;;INTARIAN_PEPPER_ROOT;SEASHELLS;11791;8
795700;;SUBMISSION;INTARIAN_PEPPER_ROOT;SEASHELLS;11799;7
796700;SUBMISSION;;ASH_COATED_OSMIUM;SEASHELLS;9997;3
797500;SUBMISSION;;ASH_COATED_OSMIUM;SEASHELLS;9996;4
799900;;SUBMISSION;INTARIAN_PEPPER_ROOT;SEASHELLS;11803;3
802400;SUBMISSION;;INTARIAN_PEPPER_ROOT;SEASHELLS;11798;7
805300;SUBMISSION;;ASH_COATED_OSMIUM;SEASHELLS;9992;6
805900;SUBMISSION;;ASH_COATED_OSMIUM;SEASHELLS;9992;8
807700;SUBMISSION;;ASH_COATED_OSMIUM;SEASHELLS;9990;4
808100;;SUBMISSION;INTARIAN_PEPPER_ROOT;SEASHELLS;11811;7
809200;SUBMISSION;;ASH_COATED_OSMIUM;SEASHELLS;9993;3
809600;;SUBMISSION;INTARIAN_PEPPER_ROOT;SEASHELLS;11807;6
810100;;SUBMISSION;INTARIAN_PEPPER_ROOT;SEASHELLS;11813;6
810600;;SUBMISSION;INTARIAN_PEPPER_ROOT;SEASHELLS;11814;7
815100;;SUBMISSION;INTARIAN_PEPPER_ROOT;SEASHELLS;11818;8
817100;SUBMISSION;;INTARIAN_PEPPER_ROOT;SEASHELLS;11813;5
829600;SUBMISSION;;INTARIAN_PEPPER_ROOT;SEASHELLS;11826;8
830100;SUBMISSION;;INTARIAN_PEPPER_ROOT;SEASHELLS;11826;6
830900;SUBMISSION;;INTARIAN_PEPPER_ROOT;SEASHELLS;11827;7
836900;;SUBMISSION;INTARIAN_PEPPER_ROOT;SEASHELLS;11840;5
844500;;SUBMISSION;INTARIAN_PEPPER_ROOT;SEASHELLS;11842;8
847400;SUBMISSION;;INTARIAN_PEPPER_ROOT;SEASHELLS;11843;7
849400;;SUBMISSION;INTARIAN_PEPPER_ROOT;SEASHELLS;11852;5
851900;SUBMISSION;;INTARIAN_PEPPER_ROOT;SEASHELLS;11848;4
854700;;SUBMISSION;INTARIAN_PEPPER_ROOT;SEASHELLS;11858;5
856800;SUBMISSION;;INTARIAN_PEPPER_ROOT;SEASHELLS;11853;8
857100;;SUBMISSION;INTARIAN_PEPPER_ROOT;SEASHELLS;11860;5
859800;;SUBMISSION;INTARIAN_PEPPER_ROOT;SEASHELLS;11863;4
867900;;SUBMISSION;INTARIAN_PEPPER_ROOT;SEASHELLS;11871;6
869700;SUBMISSION;;INTARIAN_PEPPER_ROOT;SEASHELLS;11866;3
874600;SUBMISSION;;INTARIAN_PEPPER_ROOT;SEASHELLS;11871;4
875100;;SUBMISSION;ASH_COATED_OSMIUM;SEASHELLS;10001;4
877300;;SUBMISSION;ASH_COATED_OSMIUM;SEASHELLS;10000;4
879300;;SUBMISSION;INTARIAN_PEPPER_ROOT;SEASHELLS;11882;3
885700;;SUBMISSION;ASH_COATED_OSMIUM;SEASHELLS;10000;2
888900;SUBMISSION;;INTARIAN_PEPPER_ROOT;SEASHELLS;11885;3
889200;;SUBMISSION;INTARIAN_PEPPER_ROOT;SEASHELLS;11892;4
893300;;SUBMISSION;INTARIAN_PEPPER_ROOT;SEASHELLS;11896;5
895300;;SUBMISSION;ASH_COATED_OSMIUM;SEASHELLS;10002;5
896500;SUBMISSION;;INTARIAN_PEPPER_ROOT;SEASHELLS;11903;10
897900;;SUBMISSION;INTARIAN_PEPPER_ROOT;SEASHELLS;11901;5
901200;;SUBMISSION;INTARIAN_PEPPER_ROOT;SEASHELLS;11904;4
901700;SUBMISSION;;ASH_COATED_OSMIUM;SEASHELLS;9996;6
902300;SUBMISSION;;ASH_COATED_OSMIUM;SEASHELLS;9995;5
903900;;SUBMISSION;INTARIAN_PEPPER_ROOT;SEASHELLS;11907;4
904700;SUBMISSION;;INTARIAN_PEPPER_ROOT;SEASHELLS;11901;6
909300;;SUBMISSION;INTARIAN_PEPPER_ROOT;SEASHELLS;11912;4
909800;;SUBMISSION;ASH_COATED_OSMIUM;SEASHELLS;10000;6
911500;SUBMISSION;;ASH_COATED_OSMIUM;SEASHELLS;9998;4
912300;SUBMISSION;;ASH_COATED_OSMIUM;SEASHELLS;9999;5
913000;SUBMISSION;;ASH_COATED_OSMIUM;SEASHELLS;9995;1
913600;SUBMISSION;;INTARIAN_PEPPER_ROOT;SEASHELLS;11910;6
915400;SUBMISSION;;INTARIAN_PEPPER_ROOT;SEASHELLS;11911;6
916100;;SUBMISSION;ASH_COATED_OSMIUM;SEASHELLS;10000;4
918300;;SUBMISSION;INTARIAN_PEPPER_ROOT;SEASHELLS;11921;3
918500;SUBMISSION;;ASH_COATED_OSMIUM;SEASHELLS;9999;4
918800;SUBMISSION;;INTARIAN_PEPPER_ROOT;SEASHELLS;11915;3
929100;;SUBMISSION;INTARIAN_PEPPER_ROOT;SEASHELLS;11932;5
931200;;SUBMISSION;INTARIAN_PEPPER_ROOT;SEASHELLS;11934;6
933500;;SUBMISSION;ASH_COATED_OSMIUM;SEASHELLS;10000;4
933700;SUBMISSION;;INTARIAN_PEPPER_ROOT;SEASHELLS;11936;8
935700;SUBMISSION;;INTARIAN_PEPPER_ROOT;SEASHELLS;11932;5
936100;SUBMISSION;;ASH_COATED_OSMIUM;SEASHELLS;9999;3
936200;;SUBMISSION;INTARIAN_PEPPER_ROOT;SEASHELLS;11939;8
936300;SUBMISSION;;ASH_COATED_OSMIUM;SEASHELLS;9995;1
938200;SUBMISSION;;INTARIAN_PEPPER_ROOT;SEASHELLS;11934;3
939800;SUBMISSION;;INTARIAN_PEPPER_ROOT;SEASHELLS;11936;8
943700;;SUBMISSION;ASH_COATED_OSMIUM;SEASHELLS;10001;8
945800;;SUBMISSION;INTARIAN_PEPPER_ROOT;SEASHELLS;11949;3
949100;;SUBMISSION;ASH_COATED_OSMIUM;SEASHELLS;10001;4
949200;;SUBMISSION;ASH_COATED_OSMIUM;SEASHELLS;10001;2
949400;;SUBMISSION;INTARIAN_PEPPER_ROOT;SEASHELLS;11943;9
950800;;SUBMISSION;ASH_COATED_OSMIUM;SEASHELLS;10001;2
956100;SUBMISSION;;INTARIAN_PEPPER_ROOT;SEASHELLS;11952;7
956400;;SUBMISSION;ASH_COATED_OSMIUM;SEASHELLS;10000;2
958200;;SUBMISSION;INTARIAN_PEPPER_ROOT;SEASHELLS;11961;7
963100;;SUBMISSION;INTARIAN_PEPPER_ROOT;SEASHELLS;11966;5
963600;;SUBMISSION;ASH_COATED_OSMIUM;SEASHELLS;10003;4
964200;;SUBMISSION;ASH_COATED_OSMIUM;SEASHELLS;10006;7
964700;;SUBMISSION;ASH_COATED_OSMIUM;SEASHELLS;10002;3
969700;;SUBMISSION;ASH_COATED_OSMIUM;SEASHELLS;10000;5
970500;;SUBMISSION;ASH_COATED_OSMIUM;SEASHELLS;10000;3
972800;;SUBMISSION;ASH_COATED_OSMIUM;SEASHELLS;10003;5
974400;;SUBMISSION;INTARIAN_PEPPER_ROOT;SEASHELLS;11977;5
978700;SUBMISSION;;INTARIAN_PEPPER_ROOT;SEASHELLS;11975;8
981900;;SUBMISSION;ASH_COATED_OSMIUM;SEASHELLS;10003;4
983700;SUBMISSION;;INTARIAN_PEPPER_ROOT;SEASHELLS;11980;7
984100;;SUBMISSION;ASH_COATED_OSMIUM;SEASHELLS;10006;9
984300;;SUBMISSION;INTARIAN_PEPPER_ROOT;SEASHELLS;11987;3
986900;SUBMISSION;;INTARIAN_PEPPER_ROOT;SEASHELLS;11983;8
989500;;SUBMISSION;ASH_COATED_OSMIUM;SEASHELLS;10000;2
990300;;SUBMISSION;INTARIAN_PEPPER_ROOT;SEASHELLS;11993;3
991700;SUBMISSION;;ASH_COATED_OSMIUM;SEASHELLS;9999;7
991900;;SUBMISSION;INTARIAN_PEPPER_ROOT;SEASHELLS;11995;6
993200;SUBMISSION;;ASH_COATED_OSMIUM;SEASHELLS;9999;10
995400;;SUBMISSION;ASH_COATED_OSMIUM;SEASHELLS;10003;4
998100;;SUBMISSION;ASH_COATED_OSMIUM;SEASHELLS;10000;5
