timestamp;buyer;seller;symbol;currency;price;quantity
900;;SUBMISSION;TOMATOES;SEASHELLS;5007;2
1700;;SUBMISSION;TOMATOES;SEASHELLS;5005;3
3300;SUBMISSION;;TOMATOES;SEASHELLS;4993;11
4000;;SUBMISSION;EMERALDS;SEASHELLS;10007;7
4100;;SUBMISSION;TOMATOES;SEASHELLS;5001;3
5200;SUBMISSION;;EMERALDS;SEASHELLS;9993;5
6700;SUBMISSION;;TOMATOES;SEASHELLS;4989;5
6800;SUBMISSION;;TOMATOES;SEASHELLS;4992;11
7100;;SUBMISSION;TOMATOES;SEASHELLS;4999;3
10500;;SUBMISSION;EMERALDS;SEASHELLS;10007;5
11200;SUBMISSION;;TOMATOES;SEASHELLS;4986;4
11300;SUBMISSION;;EMERALDS;SEASHELLS;9993;3
12700;;SUBMISSION;TOMATOES;SEASHELLS;4998;2
13600;SUBMISSION;;TOMATOES;SEASHELLS;4992;2
14100;;SUBMISSION;TOMATOES;SEASHELLS;4997;2
17100;SUBMISSION;;TOMATOES;SEASHELLS;4987;4
17800;SUBMISSION;;TOMATOES;SEASHELLS;4987;5
18000;SUBMISSION;;TOMATOES;SEASHELLS;4991;3
24000;;SUBMISSION;TOMATOES;SEASHELLS;5000;5
26800;SUBMISSION;;TOMATOES;SEASHELLS;4994;12
27300;SUBMISSION;;TOMATOES;SEASHELLS;4989;5
32700;;SUBMISSION;TOMATOES;SEASHELLS;5003;3
35600;SUBMISSION;;EMERALDS;SEASHELLS;9993;5
38300;;SUBMISSION;EMERALDS;SEASHELLS;10007;4
38800;SUBMISSION;;EMERALDS;SEASHELLS;9993;6
39000;;SUBMISSION;TOMATOES;SEASHELLS;5004;5
41700;SUBMISSION;;TOMATOES;SEASHELLS;4990;2
42100;;SUBMISSION;EMERALDS;SEASHELLS;10007;8
43200;SUBMISSION;;TOMATOES;SEASHELLS;4992;3
45700;;SUBMISSION;EMERALDS;SEASHELLS;10007;4
47000;;SUBMISSION;EMERALDS;SEASHELLS;10007;4
51500;SUBMISSION;;TOMATOES;SEASHELLS;4999;2
53500;SUBMISSION;;EMERALDS;SEASHELLS;9993;6
62900;;SUBMISSION;EMERALDS;SEASHELLS;10007;5
65000;;SUBMISSION;TOMATOES;SEASHELLS;5016;5
65500;SUBMISSION;;EMERALDS;SEASHELLS;9993;5
67000;;SUBMISSION;TOMATOES;SEASHELLS;5019;5
68300;;SUBMISSION;TOMATOES;SEASHELLS;5020;2
68700;;SUBMISSION;TOMATOES;SEASHELLS;5019;4
69000;SUBMISSION;;TOMATOES;SEASHELLS;5006;5
73400;;SUBMISSION;TOMATOES;SEASHELLS;5021;5
84300;SUBMISSION;;EMERALDS;SEASHELLS;9993;8
91000;;SUBMISSION;EMERALDS;SEASHELLS;10007;3
91700;SUBMISSION;;TOMATOES;SEASHELLS;5017;12
92800;SUBMISSION;;EMERALDS;SEASHELLS;9993;6
93000;SUBMISSION;;TOMATOES;SEASHELLS;5012;5
93300;SUBMISSION;;TOMATOES;SEASHELLS;5011;3
98800;;SUBMISSION;TOMATOES;SEASHELLS;5023;3
99600;;SUBMISSION;TOMATOES;SEASHELLS;5023;4
103000;SUBMISSION;;TOMATOES;SEASHELLS;5014;3
104300;;SUBMISSION;EMERALDS;SEASHELLS;10007;6
104600;SUBMISSION;;TOMATOES;SEASHELLS;5013;3
111900;SUBMISSION;;EMERALDS;SEASHELLS;9993;7
112000;SUBMISSION;;TOMATOES;SEASHELLS;5017;5
114400;SUBMISSION;;TOMATOES;SEASHELLS;5015;2
115300;SUBMISSION;;TOMATOES;SEASHELLS;5014;4
115500;;SUBMISSION;TOMATOES;SEASHELLS;5024;3
116900;;SUBMISSION;TOMATOES;SEASHELLS;5016;3
119000;SUBMISSION;;TOMATOES;SEASHELLS;5016;7
119100;;SUBMISSION;TOMATOES;SEASHELLS;5023;5
120700;SUBMISSION;;EMERALDS;SEASHELLS;9993;8
120700;;SUBMISSION;TOMATOES;SEASHELLS;5023;2
121200;SUBMISSION;;TOMATOES;SEASHELLS;5016;8
121200;SUBMISSION;;TOMATOES;SEASHELLS;5012;5
121800;;SUBMISSION;TOMATOES;SEASHELLS;5026;4
122400;;SUBMISSION;TOMATOES;SEASHELLS;5028;5
123000;SUBMISSION;;EMERALDS;SEASHELLS;9993;8
125300;SUBMISSION;;TOMATOES;SEASHELLS;5013;4
125900;SUBMISSION;;EMERALDS;SEASHELLS;9993;4
127200;;SUBMISSION;EMERALDS;SEASHELLS;10007;7
127400;SUBMISSION;;TOMATOES;SEASHELLS;5012;2
129700;SUBMISSION;;EMERALDS;SEASHELLS;9993;3
131400;;SUBMISSION;TOMATOES;SEASHELLS;5019;2
131700;;SUBMISSION;EMERALDS;SEASHELLS;10000;5
131900;;SUBMISSION;TOMATOES;SEASHELLS;5018;2
132600;;SUBMISSION;EMERALDS;SEASHELLS;10007;5
133800;;SUBMISSION;TOMATOES;SEASHELLS;5015;2
135400;SUBMISSION;;TOMATOES;SEASHELLS;5008;6
137000;SUBMISSION;;TOMATOES;SEASHELLS;5004;4
139800;;SUBMISSION;TOMATOES;SEASHELLS;5013;3
140400;;SUBMISSION;EMERALDS;SEASHELLS;10007;8
140600;SUBMISSION;;EMERALDS;SEASHELLS;9993;5
140900;SUBMISSION;;TOMATOES;SEASHELLS;5003;9
143400;SUBMISSION;;TOMATOES;SEASHELLS;5001;2
143800;;SUBMISSION;EMERALDS;SEASHELLS;10007;5
147200;;SUBMISSION;TOMATOES;SEASHELLS;5008;4
147600;;SUBMISSION;TOMATOES;SEASHELLS;5007;4
149200;SUBMISSION;;EMERALDS;SEASHELLS;9993;8
153300;SUBMISSION;;TOMATOES;SEASHELLS;4997;3
156400;SUBMISSION;;EMERALDS;SEASHELLS;9993;6
157200;;SUBMISSION;TOMATOES;SEASHELLS;5006;3
158700;SUBMISSION;;TOMATOES;SEASHELLS;4992;2
159600;SUBMISSION;;EMERALDS;SEASHELLS;9993;8
159700;;SUBMISSION;EMERALDS;SEASHELLS;10007;8
159900;;SUBMISSION;EMERALDS;SEASHELLS;10007;8
164000;SUBMISSION;;EMERALDS;SEASHELLS;9993;3
164200;SUBMISSION;;TOMATOES;SEASHELLS;4989;5
165500;SUBMISSION;;TOMATOES;SEASHELLS;4992;3
165700;SUBMISSION;;TOMATOES;SEASHELLS;4991;3
167200;SUBMISSION;;TOMATOES;SEASHELLS;4993;2
168900;;SUBMISSION;TOMATOES;SEASHELLS;5005;2
174400;SUBMISSION;;TOMATOES;SEASHELLS;4992;4
175800;;SUBMISSION;TOMATOES;SEASHELLS;5000;5
176700;SUBMISSION;;TOMATOES;SEASHELLS;4992;5
178600;SUBMISSION;;EMERALDS;SEASHELLS;9993;5
179200;;SUBMISSION;TOMATOES;SEASHELLS;4994;6
179200;;SUBMISSION;TOMATOES;SEASHELLS;4999;2
179400;;SUBMISSION;TOMATOES;SEASHELLS;4999;2
181700;SUBMISSION;;TOMATOES;SEASHELLS;4991;8
182800;;SUBMISSION;TOMATOES;SEASHELLS;5000;5
183100;SUBMISSION;;TOMATOES;SEASHELLS;4987;2
183700;SUBMISSION;;TOMATOES;SEASHELLS;4987;4
183900;;SUBMISSION;TOMATOES;SEASHELLS;4999;2
185200;SUBMISSION;;TOMATOES;SEASHELLS;4986;3
188000;;SUBMISSION;TOMATOES;SEASHELLS;5001;3
191400;;SUBMISSION;TOMATOES;SEASHELLS;5002;5
192400;SUBMISSION;;TOMATOES;SEASHELLS;4992;5
192900;;SUBMISSION;EMERALDS;SEASHELLS;10007;8
193400;;SUBMISSION;TOMATOES;SEASHELLS;5004;2
193500;SUBMISSION;;TOMATOES;SEASHELLS;4992;3
193700;SUBMISSION;;EMERALDS;SEASHELLS;9993;5
194100;SUBMISSION;;EMERALDS;SEASHELLS;9993;5
197100;SUBMISSION;;TOMATOES;SEASHELLS;4992;2
203900;;SUBMISSION;TOMATOES;SEASHELLS;5006;5
204100;;SUBMISSION;TOMATOES;SEASHELLS;5006;3
207600;;SUBMISSION;EMERALDS;SEASHELLS;10007;3
209300;SUBMISSION;;TOMATOES;SEASHELLS;4997;4
209600;SUBMISSION;;TOMATOES;SEASHELLS;4996;2
209900;SUBMISSION;;EMERALDS;SEASHELLS;9993;8
210200;SUBMISSION;;TOMATOES;SEASHELLS;4996;2
210800;;SUBMISSION;EMERALDS;SEASHELLS;10000;8
211800;;SUBMISSION;TOMATOES;SEASHELLS;5008;2
211900;SUBMISSION;;EMERALDS;SEASHELLS;9993;6
211900;SUBMISSION;;TOMATOES;SEASHELLS;4997;2
215200;SUBMISSION;;EMERALDS;SEASHELLS;9993;7
217300;SUBMISSION;;EMERALDS;SEASHELLS;9993;3
217700;;SUBMISSION;TOMATOES;SEASHELLS;5004;3
218700;SUBMISSION;;TOMATOES;SEASHELLS;4992;3
222300;;SUBMISSION;EMERALDS;SEASHELLS;10000;8
225100;;SUBMISSION;EMERALDS;SEASHELLS;10000;6
225900;;SUBMISSION;TOMATOES;SEASHELLS;5005;3
232400;SUBMISSION;;EMERALDS;SEASHELLS;9993;5
233400;;SUBMISSION;TOMATOES;SEASHELLS;5003;2
233500;SUBMISSION;;TOMATOES;SEASHELLS;4991;2
233700;SUBMISSION;;TOMATOES;SEASHELLS;4991;3
236900;SUBMISSION;;EMERALDS;SEASHELLS;9993;6
244200;SUBMISSION;;EMERALDS;SEASHELLS;9993;3
245500;;SUBMISSION;TOMATOES;SEASHELLS;5001;5
247400;SUBMISSION;;TOMATOES;SEASHELLS;4992;4
247500;;SUBMISSION;EMERALDS;SEASHELLS;10000;5
249900;;SUBMISSION;EMERALDS;SEASHELLS;10000;5
250200;SUBMISSION;;TOMATOES;SEASHELLS;4993;1
255300;SUBMISSION;;EMERALDS;SEASHELLS;9993;6
258100;;SUBMISSION;TOMATOES;SEASHELLS;5001;3
258200;;SUBMISSION;TOMATOES;SEASHELLS;5001;4
259000;;SUBMISSION;TOMATOES;SEASHELLS;5000;3
259700;SUBMISSION;;TOMATOES;SEASHELLS;4989;2
259900;;SUBMISSION;TOMATOES;SEASHELLS;5001;3
260200;SUBMISSION;;TOMATOES;SEASHELLS;4990;3
260800;SUBMISSION;;TOMATOES;SEASHELLS;4990;4
261400;;SUBMISSION;EMERALDS;SEASHELLS;10007;3
263300;SUBMISSION;;EMERALDS;SEASHELLS;9993;3
263400;;SUBMISSION;TOMATOES;SEASHELLS;5003;2
263500;SUBMISSION;;TOMATOES;SEASHELLS;4992;3
264200;SUBMISSION;;EMERALDS;SEASHELLS;9993;3
270900;;SUBMISSION;TOMATOES;SEASHELLS;5000;10
271100;;SUBMISSION;EMERALDS;SEASHELLS;10007;3
272200;;SUBMISSION;EMERALDS;SEASHELLS;10000;6
272600;;SUBMISSION;TOMATOES;SEASHELLS;5007;4
273100;SUBMISSION;;EMERALDS;SEASHELLS;9993;6
274200;;SUBMISSION;TOMATOES;SEASHELLS;5011;2
274300;;SUBMISSION;EMERALDS;SEASHELLS;10000;7
275200;;SUBMISSION;TOMATOES;SEASHELLS;5012;2
275500;;SUBMISSION;TOMATOES;SEASHELLS;5012;2
276900;SUBMISSION;;TOMATOES;SEASHELLS;4999;4
277500;;SUBMISSION;TOMATOES;SEASHELLS;5007;5
277700;;SUBMISSION;EMERALDS;SEASHELLS;10000;7
278500;;SUBMISSION;EMERALDS;SEASHELLS;10007;5
280900;SUBMISSION;;TOMATOES;SEASHELLS;5009;4
281200;;SUBMISSION;TOMATOES;SEASHELLS;5015;5
282200;;SUBMISSION;TOMATOES;SEASHELLS;5015;4
283400;SUBMISSION;;TOMATOES;SEASHELLS;5002;5
286300;SUBMISSION;;TOMATOES;SEASHELLS;5003;2
289600;;SUBMISSION;EMERALDS;SEASHELLS;10007;4
289600;SUBMISSION;;TOMATOES;SEASHELLS;4996;3
292200;;SUBMISSION;TOMATOES;SEASHELLS;5007;5
295200;SUBMISSION;;TOMATOES;SEASHELLS;5002;5
298300;;SUBMISSION;TOMATOES;SEASHELLS;5007;3
298800;;SUBMISSION;EMERALDS;SEASHELLS;10007;5
302300;;SUBMISSION;EMERALDS;SEASHELLS;10007;5
305800;;SUBMISSION;EMERALDS;SEASHELLS;10007;7
307300;SUBMISSION;;TOMATOES;SEASHELLS;4999;4
307700;;SUBMISSION;EMERALDS;SEASHELLS;10007;4
308300;SUBMISSION;;EMERALDS;SEASHELLS;9993;5
308400;;SUBMISSION;EMERALDS;SEASHELLS;10007;6
308500;SUBMISSION;;EMERALDS;SEASHELLS;9993;4
311300;SUBMISSION;;TOMATOES;SEASHELLS;4997;3
311600;SUBMISSION;;TOMATOES;SEASHELLS;4997;4
313700;;SUBMISSION;TOMATOES;SEASHELLS;5008;4
316600;;SUBMISSION;TOMATOES;SEASHELLS;5004;9
316800;;SUBMISSION;TOMATOES;SEASHELLS;5009;4
322400;;SUBMISSION;TOMATOES;SEASHELLS;5012;5
322500;SUBMISSION;;TOMATOES;SEASHELLS;5000;3
324200;SUBMISSION;;EMERALDS;SEASHELLS;9993;4
324400;;SUBMISSION;EMERALDS;SEASHELLS;10007;4
324600;;SUBMISSION;EMERALDS;SEASHELLS;10007;6
325400;SUBMISSION;;EMERALDS;SEASHELLS;9993;4
330500;SUBMISSION;;TOMATOES;SEASHELLS;5007;3
331600;SUBMISSION;;EMERALDS;SEASHELLS;9993;6
332500;SUBMISSION;;EMERALDS;SEASHELLS;9993;4
332500;SUBMISSION;;TOMATOES;SEASHELLS;5008;4
332600;;SUBMISSION;TOMATOES;SEASHELLS;5019;4
334400;;SUBMISSION;TOMATOES;SEASHELLS;5020;3
335100;;SUBMISSION;TOMATOES;SEASHELLS;5020;5
335500;;SUBMISSION;EMERALDS;SEASHELLS;10007;4
337000;;SUBMISSION;TOMATOES;SEASHELLS;5017;9
337000;;SUBMISSION;TOMATOES;SEASHELLS;5022;4
340000;SUBMISSION;;TOMATOES;SEASHELLS;5009;4
342000;SUBMISSION;;TOMATOES;SEASHELLS;5006;2
345300;SUBMISSION;;EMERALDS;SEASHELLS;9993;5
345400;;SUBMISSION;TOMATOES;SEASHELLS;5019;5
349400;SUBMISSION;;TOMATOES;SEASHELLS;5008;3
350400;SUBMISSION;;EMERALDS;SEASHELLS;9993;3
351100;SUBMISSION;;TOMATOES;SEASHELLS;5009;5
355700;SUBMISSION;;EMERALDS;SEASHELLS;9993;8
355700;;SUBMISSION;TOMATOES;SEASHELLS;5018;8
356100;;SUBMISSION;TOMATOES;SEASHELLS;5023;2
357700;SUBMISSION;;TOMATOES;SEASHELLS;5011;5
359800;SUBMISSION;;TOMATOES;SEASHELLS;5011;4
363300;;SUBMISSION;EMERALDS;SEASHELLS;10007;6
367500;SUBMISSION;;TOMATOES;SEASHELLS;5011;5
368900;SUBMISSION;;TOMATOES;SEASHELLS;5009;3
370300;;SUBMISSION;TOMATOES;SEASHELLS;5019;5
372000;SUBMISSION;;TOMATOES;SEASHELLS;5009;2
375700;SUBMISSION;;TOMATOES;SEASHELLS;5014;5
376600;;SUBMISSION;EMERALDS;SEASHELLS;10007;5
376700;SUBMISSION;;TOMATOES;SEASHELLS;5010;2
380500;SUBMISSION;;TOMATOES;SEASHELLS;5009;2
382300;SUBMISSION;;TOMATOES;SEASHELLS;5012;5
382700;;SUBMISSION;TOMATOES;SEASHELLS;5023;4
384000;;SUBMISSION;TOMATOES;SEASHELLS;5023;4
386800;;SUBMISSION;TOMATOES;SEASHELLS;5020;5
390300;;SUBMISSION;TOMATOES;SEASHELLS;5017;5
392600;SUBMISSION;;EMERALDS;SEASHELLS;9993;6
394300;;SUBMISSION;TOMATOES;SEASHELLS;5015;3
396600;SUBMISSION;;EMERALDS;SEASHELLS;9993;7
397600;SUBMISSION;;TOMATOES;SEASHELLS;5004;12
397900;;SUBMISSION;TOMATOES;SEASHELLS;5011;2
398100;;SUBMISSION;TOMATOES;SEASHELLS;5008;9
398700;;SUBMISSION;EMERALDS;SEASHELLS;10007;8
402300;;SUBMISSION;EMERALDS;SEASHELLS;10007;6
404400;;SUBMISSION;TOMATOES;SEASHELLS;5011;5
404800;;SUBMISSION;EMERALDS;SEASHELLS;10007;5
408800;;SUBMISSION;EMERALDS;SEASHELLS;10007;7
409800;SUBMISSION;;TOMATOES;SEASHELLS;5008;11
411200;;SUBMISSION;TOMATOES;SEASHELLS;5014;2
412100;SUBMISSION;;TOMATOES;SEASHELLS;5006;10
413000;;SUBMISSION;EMERALDS;SEASHELLS;10007;4
413600;SUBMISSION;;EMERALDS;SEASHELLS;9993;8
413900;SUBMISSION;;TOMATOES;SEASHELLS;5003;2
414000;SUBMISSION;;EMERALDS;SEASHELLS;9993;7
415800;;SUBMISSION;TOMATOES;SEASHELLS;5010;5
417900;;SUBMISSION;TOMATOES;SEASHELLS;5009;7
417900;;SUBMISSION;TOMATOES;SEASHELLS;5009;4
418500;;SUBMISSION;TOMATOES;SEASHELLS;5012;9
419700;SUBMISSION;;EMERALDS;SEASHELLS;9993;4
420800;SUBMISSION;;EMERALDS;SEASHELLS;9993;7
422300;;SUBMISSION;TOMATOES;SEASHELLS;5019;4
426300;SUBMISSION;;TOMATOES;SEASHELLS;5005;2
427500;;SUBMISSION;TOMATOES;SEASHELLS;5013;5
428600;;SUBMISSION;TOMATOES;SEASHELLS;5015;5
429100;;SUBMISSION;EMERALDS;SEASHELLS;10007;8
429500;SUBMISSION;;TOMATOES;SEASHELLS;5004;3
431000;;SUBMISSION;TOMATOES;SEASHELLS;5013;3
431500;;SUBMISSION;TOMATOES;SEASHELLS;5014;2
431900;SUBMISSION;;TOMATOES;SEASHELLS;5002;4
432700;SUBMISSION;;TOMATOES;SEASHELLS;5001;3
432900;;SUBMISSION;TOMATOES;SEASHELLS;5013;5
434900;SUBMISSION;;TOMATOES;SEASHELLS;5004;3
435100;;SUBMISSION;TOMATOES;SEASHELLS;5015;4
436600;;SUBMISSION;EMERALDS;SEASHELLS;10007;4
437300;SUBMISSION;;TOMATOES;SEASHELLS;5003;4
441400;SUBMISSION;;TOMATOES;SEASHELLS;5004;12
442000;SUBMISSION;;TOMATOES;SEASHELLS;4999;2
443900;;SUBMISSION;TOMATOES;SEASHELLS;5010;2
445800;SUBMISSION;;TOMATOES;SEASHELLS;5000;5
450300;SUBMISSION;;TOMATOES;SEASHELLS;4999;3
452300;SUBMISSION;;TOMATOES;SEASHELLS;4998;2
452400;;SUBMISSION;TOMATOES;SEASHELLS;5010;5
453100;SUBMISSION;;TOMATOES;SEASHELLS;4999;3
456000;;SUBMISSION;EMERALDS;SEASHELLS;10007;8
457800;SUBMISSION;;EMERALDS;SEASHELLS;9993;8
459000;;SUBMISSION;TOMATOES;SEASHELLS;5006;5
459200;;SUBMISSION;TOMATOES;SEASHELLS;5005;3
459700;;SUBMISSION;EMERALDS;SEASHELLS;10007;8
460900;SUBMISSION;;TOMATOES;SEASHELLS;4993;4
463900;;SUBMISSION;TOMATOES;SEASHELLS;5007;5
464700;SUBMISSION;;TOMATOES;SEASHELLS;4999;7
467600;SUBMISSION;;TOMATOES;SEASHELLS;4996;5
469700;SUBMISSION;;TOMATOES;SEASHELLS;4992;2
472400;;SUBMISSION;TOMATOES;SEASHELLS;5001;10
473100;;SUBMISSION;EMERALDS;SEASHELLS;10007;6
474600;SUBMISSION;;TOMATOES;SEASHELLS;4995;2
475300;;SUBMISSION;TOMATOES;SEASHELLS;5007;2
476100;SUBMISSION;;TOMATOES;SEASHELLS;4998;12
479300;;SUBMISSION;TOMATOES;SEASHELLS;5002;4
480500;;SUBMISSION;TOMATOES;SEASHELLS;5004;4
482700;SUBMISSION;;TOMATOES;SEASHELLS;4996;10
484700;SUBMISSION;;TOMATOES;SEASHELLS;4993;11
485700;;SUBMISSION;TOMATOES;SEASHELLS;4999;5
488400;SUBMISSION;;TOMATOES;SEASHELLS;4988;4
488800;SUBMISSION;;EMERALDS;SEASHELLS;10000;7
488900;SUBMISSION;;TOMATOES;SEASHELLS;4987;5
490800;SUBMISSION;;TOMATOES;SEASHELLS;4987;5
491600;SUBMISSION;;EMERALDS;SEASHELLS;9993;5
491900;SUBMISSION;;EMERALDS;SEASHELLS;9993;5
492400;;SUBMISSION;TOMATOES;SEASHELLS;5001;4
493300;SUBMISSION;;EMERALDS;SEASHELLS;9993;6
496700;SUBMISSION;;TOMATOES;SEASHELLS;4985;5
497900;SUBMISSION;;TOMATOES;SEASHELLS;4986;3
499000;SUBMISSION;;TOMATOES;SEASHELLS;4988;4
502900;;SUBMISSION;TOMATOES;SEASHELLS;4998;4
504900;;SUBMISSION;TOMATOES;SEASHELLS;4997;4
506800;SUBMISSION;;TOMATOES;SEASHELLS;4987;3
507200;SUBMISSION;;EMERALDS;SEASHELLS;9993;6
510400;SUBMISSION;;TOMATOES;SEASHELLS;4992;7
517600;SUBMISSION;;EMERALDS;SEASHELLS;9993;6
517700;;SUBMISSION;EMERALDS;SEASHELLS;10007;3
520600;;SUBMISSION;TOMATOES;SEASHELLS;5000;4
521000;;SUBMISSION;EMERALDS;SEASHELLS;10007;4
522600;SUBMISSION;;TOMATOES;SEASHELLS;4989;4
524100;SUBMISSION;;EMERALDS;SEASHELLS;9993;4
527600;SUBMISSION;;EMERALDS;SEASHELLS;9993;4
529600;SUBMISSION;;EMERALDS;SEASHELLS;9993;3
535200;SUBMISSION;;EMERALDS;SEASHELLS;9993;3
536100;;SUBMISSION;TOMATOES;SEASHELLS;5006;5
540000;SUBMISSION;;TOMATOES;SEASHELLS;4997;5
546500;;SUBMISSION;EMERALDS;SEASHELLS;10000;8
548300;;SUBMISSION;TOMATOES;SEASHELLS;5012;4
549100;;SUBMISSION;EMERALDS;SEASHELLS;10007;6
551500;SUBMISSION;;EMERALDS;SEASHELLS;9993;5
553700;;SUBMISSION;TOMATOES;SEASHELLS;5011;4
554300;SUBMISSION;;TOMATOES;SEASHELLS;4999;3
562200;;SUBMISSION;EMERALDS;SEASHELLS;10007;7
563000;;SUBMISSION;TOMATOES;SEASHELLS;5010;5
566200;SUBMISSION;;EMERALDS;SEASHELLS;9993;5
567100;SUBMISSION;;TOMATOES;SEASHELLS;4993;2
568600;SUBMISSION;;TOMATOES;SEASHELLS;4990;4
569000;SUBMISSION;;TOMATOES;SEASHELLS;4994;4
569200;;SUBMISSION;EMERALDS;SEASHELLS;10007;4
569800;;SUBMISSION;TOMATOES;SEASHELLS;4999;11
576300;SUBMISSION;;EMERALDS;SEASHELLS;9993;8
576300;;SUBMISSION;TOMATOES;SEASHELLS;5007;4
587300;SUBMISSION;;TOMATOES;SEASHELLS;4999;9
588900;SUBMISSION;;EMERALDS;SEASHELLS;9993;5
591600;SUBMISSION;;TOMATOES;SEASHELLS;4994;3
592000;;SUBMISSION;TOMATOES;SEASHELLS;5005;5
592200;;SUBMISSION;EMERALDS;SEASHELLS;10007;3
593000;;SUBMISSION;TOMATOES;SEASHELLS;5007;2
593200;;SUBMISSION;EMERALDS;SEASHELLS;10007;5
595200;;SUBMISSION;EMERALDS;SEASHELLS;10007;6
596300;SUBMISSION;;EMERALDS;SEASHELLS;9993;3
598100;;SUBMISSION;EMERALDS;SEASHELLS;10007;5
602100;SUBMISSION;;TOMATOES;SEASHELLS;5001;4
602500;;SUBMISSION;TOMATOES;SEASHELLS;5014;3
603300;;SUBMISSION;TOMATOES;SEASHELLS;5016;2
604600;;SUBMISSION;EMERALDS;SEASHELLS;10007;7
608700;;SUBMISSION;TOMATOES;SEASHELLS;5011;5
609700;SUBMISSION;;TOMATOES;SEASHELLS;4997;2
610200;;SUBMISSION;TOMATOES;SEASHELLS;5006;5
611100;SUBMISSION;;EMERALDS;SEASHELLS;9993;6
611300;;SUBMISSION;TOMATOES;SEASHELLS;5012;4
616700;;SUBMISSION;TOMATOES;SEASHELLS;5002;4
616900;SUBMISSION;;EMERALDS;SEASHELLS;9993;7
619000;SUBMISSION;;EMERALDS;SEASHELLS;9993;5
619700;;SUBMISSION;TOMATOES;SEASHELLS;5008;3
624900;SUBMISSION;;TOMATOES;SEASHELLS;4997;4
625300;SUBMISSION;;TOMATOES;SEASHELLS;4998;10
625800;;SUBMISSION;TOMATOES;SEASHELLS;5007;5
626200;SUBMISSION;;TOMATOES;SEASHELLS;4997;5
626500;;SUBMISSION;TOMATOES;SEASHELLS;5009;4
627400;SUBMISSION;;EMERALDS;SEASHELLS;9993;7
631000;;SUBMISSION;EMERALDS;SEASHELLS;10000;6
632600;;SUBMISSION;EMERALDS;SEASHELLS;10007;7
633400;SUBMISSION;;EMERALDS;SEASHELLS;9993;4
635000;;SUBMISSION;EMERALDS;SEASHELLS;10007;6
636300;SUBMISSION;;EMERALDS;SEASHELLS;9993;8
636900;;SUBMISSION;TOMATOES;SEASHELLS;5013;4
637100;SUBMISSION;;EMERALDS;SEASHELLS;9993;5
643800;;SUBMISSION;TOMATOES;SEASHELLS;5014;5
645600;;SUBMISSION;TOMATOES;SEASHELLS;5018;5
646000;;SUBMISSION;TOMATOES;SEASHELLS;5019;3
650600;SUBMISSION;;EMERALDS;SEASHELLS;9993;4
651300;;SUBMISSION;EMERALDS;SEASHELLS;10007;5
655400;SUBMISSION;;EMERALDS;SEASHELLS;9993;7
656300;SUBMISSION;;EMERALDS;SEASHELLS;9993;4
658800;SUBMISSION;;TOMATOES;SEASHELLS;5016;7
660400;;SUBMISSION;EMERALDS;SEASHELLS;10000;7
661500;;SUBMISSION;EMERALDS;SEASHELLS;10007;3
662600;SUBMISSION;;EMERALDS;SEASHELLS;9993;6
663000;;SUBMISSION;EMERALDS;SEASHELLS;10007;8
665700;SUBMISSION;;EMERALDS;SEASHELLS;9993;4
665700;SUBMISSION;;TOMATOES;SEASHELLS;5013;2
666200;;SUBMISSION;TOMATOES;SEASHELLS;5021;6
666400;SUBMISSION;;TOMATOES;SEASHELLS;5015;5
669200;;SUBMISSION;EMERALDS;SEASHELLS;10000;8
669400;SUBMISSION;;TOMATOES;SEASHELLS;5012;3
672600;SUBMISSION;;TOMATOES;SEASHELLS;5006;2
673200;;SUBMISSION;TOMATOES;SEASHELLS;5018;5
673800;;SUBMISSION;TOMATOES;SEASHELLS;5019;5
674200;;SUBMISSION;TOMATOES;SEASHELLS;5017;5
674500;;SUBMISSION;EMERALDS;SEASHELLS;10007;8
675500;;SUBMISSION;TOMATOES;SEASHELLS;5015;5
676900;;SUBMISSION;TOMATOES;SEASHELLS;5009;7
677900;;SUBMISSION;EMERALDS;SEASHELLS;10007;6
678500;SUBMISSION;;EMERALDS;SEASHELLS;9993;6
678800;SUBMISSION;;EMERALDS;SEASHELLS;9993;7
681200;SUBMISSION;;TOMATOES;SEASHELLS;5002;2
682100;SUBMISSION;;EMERALDS;SEASHELLS;9993;4
684400;;SUBMISSION;TOMATOES;SEASHELLS;5011;3
684800;SUBMISSION;;TOMATOES;SEASHELLS;5001;5
685300;;SUBMISSION;EMERALDS;SEASHELLS;10007;3
685600;SUBMISSION;;EMERALDS;SEASHELLS;9993;3
686700;SUBMISSION;;TOMATOES;SEASHELLS;4999;3
687300;;SUBMISSION;TOMATOES;SEASHELLS;5009;4
688200;SUBMISSION;;TOMATOES;SEASHELLS;4996;3
690000;SUBMISSION;;TOMATOES;SEASHELLS;4993;2
690400;;SUBMISSION;TOMATOES;SEASHELLS;5003;3
691700;SUBMISSION;;TOMATOES;SEASHELLS;4990;4
697900;;SUBMISSION;TOMATOES;SEASHELLS;5001;5
698000;;SUBMISSION;EMERALDS;SEASHELLS;10007;3
698400;SUBMISSION;;TOMATOES;SEASHELLS;4989;3
701000;SUBMISSION;;TOMATOES;SEASHELLS;4991;9
701300;SUBMISSION;;TOMATOES;SEASHELLS;4988;5
702600;;SUBMISSION;TOMATOES;SEASHELLS;4999;3
703300;SUBMISSION;;EMERALDS;SEASHELLS;9993;4
707100;SUBMISSION;;EMERALDS;SEASHELLS;9993;6
707500;SUBMISSION;;EMERALDS;SEASHELLS;9993;4
709000;SUBMISSION;;TOMATOES;SEASHELLS;4989;3
709100;SUBMISSION;;TOMATOES;SEASHELLS;4990;2
710100;;SUBMISSION;TOMATOES;SEASHELLS;5000;7
711900;SUBMISSION;;TOMATOES;SEASHELLS;4994;4
714700;;SUBMISSION;TOMATOES;SEASHELLS;5007;4
714800;;SUBMISSION;TOMATOES;SEASHELLS;5008;4
716800;;SUBMISSION;EMERALDS;SEASHELLS;10000;7
718700;SUBMISSION;;TOMATOES;SEASHELLS;5000;2
721700;SUBMISSION;;TOMATOES;SEASHELLS;4999;2
722900;SUBMISSION;;TOMATOES;SEASHELLS;4998;5
723200;;SUBMISSION;TOMATOES;SEASHELLS;5009;4
724400;SUBMISSION;;TOMATOES;SEASHELLS;4996;3
726100;SUBMISSION;;TOMATOES;SEASHELLS;5000;12
727100;SUBMISSION;;EMERALDS;SEASHELLS;9993;6
727800;;SUBMISSION;EMERALDS;SEASHELLS;10000;8
727800;SUBMISSION;;TOMATOES;SEASHELLS;4997;4
731400;;SUBMISSION;TOMATOES;SEASHELLS;5010;4
731700;;SUBMISSION;EMERALDS;SEASHELLS;10007;4
735300;;SUBMISSION;TOMATOES;SEASHELLS;5011;5
737600;;SUBMISSION;TOMATOES;SEASHELLS;5010;4
737700;SUBMISSION;;TOMATOES;SEASHELLS;4998;2
738800;;SUBMISSION;TOMATOES;SEASHELLS;5010;2
739000;SUBMISSION;;TOMATOES;SEASHELLS;4999;4
740700;;SUBMISSION;TOMATOES;SEASHELLS;5009;5
741900;;SUBMISSION;EMERALDS;SEASHELLS;10007;5
744900;;SUBMISSION;EMERALDS;SEASHELLS;10007;3
745000;;SUBMISSION;EMERALDS;SEASHELLS;10007;8
745700;;SUBMISSION;TOMATOES;SEASHELLS;5007;2
748000;SUBMISSION;;TOMATOES;SEASHELLS;4996;3
748600;SUBMISSION;;EMERALDS;SEASHELLS;9993;8
750000;SUBMISSION;;TOMATOES;SEASHELLS;4996;2
752500;SUBMISSION;;TOMATOES;SEASHELLS;5000;12
753400;SUBMISSION;;TOMATOES;SEASHELLS;4997;4
757800;;SUBMISSION;TOMATOES;SEASHELLS;5008;3
758400;SUBMISSION;;TOMATOES;SEASHELLS;4998;5
760600;SUBMISSION;;TOMATOES;SEASHELLS;4996;3
761000;;SUBMISSION;EMERALDS;SEASHELLS;10007;8
764900;SUBMISSION;;TOMATOES;SEASHELLS;5009;5
766500;;SUBMISSION;EMERALDS;SEASHELLS;10007;3
773400;;SUBMISSION;TOMATOES;SEASHELLS;5021;4
775500;;SUBMISSION;TOMATOES;SEASHELLS;5023;4
776500;SUBMISSION;;TOMATOES;SEASHELLS;5016;2
777500;;SUBMISSION;TOMATOES;SEASHELLS;5020;12
778600;SUBMISSION;;TOMATOES;SEASHELLS;5013;3
780900;;SUBMISSION;TOMATOES;SEASHELLS;5025;3
782200;SUBMISSION;;TOMATOES;SEASHELLS;5017;7
783400;;SUBMISSION;EMERALDS;SEASHELLS;10007;7
783800;SUBMISSION;;TOMATOES;SEASHELLS;5014;7
784200;;SUBMISSION;TOMATOES;SEASHELLS;5022;3
784400;SUBMISSION;;TOMATOES;SEASHELLS;5014;5
786500;;SUBMISSION;TOMATOES;SEASHELLS;5022;3
792000;;SUBMISSION;EMERALDS;SEASHELLS;10007;4
793300;;SUBMISSION;TOMATOES;SEASHELLS;5024;5
796100;;SUBMISSION;TOMATOES;SEASHELLS;5024;5
797300;;SUBMISSION;TOMATOES;SEASHELLS;5024;2
797800;SUBMISSION;;EMERALDS;SEASHELLS;9993;8
799100;;SUBMISSION;TOMATOES;SEASHELLS;5027;5
799300;SUBMISSION;;TOMATOES;SEASHELLS;5016;4
800400;;SUBMISSION;TOMATOES;SEASHELLS;5025;3
803000;;SUBMISSION;TOMATOES;SEASHELLS;5024;3
806200;SUBMISSION;;EMERALDS;SEASHELLS;9993;7
808200;SUBMISSION;;TOMATOES;SEASHELLS;5016;4
808900;SUBMISSION;;EMERALDS;SEASHELLS;9993;3
811500;SUBMISSION;;EMERALDS;SEASHELLS;9993;5
811700;SUBMISSION;;TOMATOES;SEASHELLS;5019;7
811900;;SUBMISSION;TOMATOES;SEASHELLS;5026;5
815100;;SUBMISSION;TOMATOES;SEASHELLS;5032;5
815300;;SUBMISSION;TOMATOES;SEASHELLS;5033;2
817800;SUBMISSION;;EMERALDS;SEASHELLS;9993;4
818800;SUBMISSION;;TOMATOES;SEASHELLS;5025;2
822100;SUBMISSION;;EMERALDS;SEASHELLS;9993;4
822100;SUBMISSION;;TOMATOES;SEASHELLS;5024;5
822200;SUBMISSION;;TOMATOES;SEASHELLS;5024;3
822500;;SUBMISSION;EMERALDS;SEASHELLS;10007;7
822700;;SUBMISSION;EMERALDS;SEASHELLS;10007;7
823100;;SUBMISSION;EMERALDS;SEASHELLS;10007;3
824000;SUBMISSION;;EMERALDS;SEASHELLS;9993;6
825300;;SUBMISSION;TOMATOES;SEASHELLS;5033;4
826800;SUBMISSION;;EMERALDS;SEASHELLS;9993;6
829300;SUBMISSION;;TOMATOES;SEASHELLS;5019;3
830400;;SUBMISSION;TOMATOES;SEASHELLS;5031;4
831200;;SUBMISSION;TOMATOES;SEASHELLS;5027;10
832400;SUBMISSION;;TOMATOES;SEASHELLS;5021;5
833200;SUBMISSION;;TOMATOES;SEASHELLS;5017;3
833500;;SUBMISSION;TOMATOES;SEASHELLS;5030;5
834700;;SUBMISSION;EMERALDS;SEASHELLS;10007;8
835200;SUBMISSION;;TOMATOES;SEASHELLS;5020;8
837600;;SUBMISSION;EMERALDS;SEASHELLS;10007;7
839200;;SUBMISSION;EMERALDS;SEASHELLS;10007;3
845200;SUBMISSION;;TOMATOES;SEASHELLS;5012;2
846300;SUBMISSION;;TOMATOES;SEASHELLS;5012;2
846400;SUBMISSION;;TOMATOES;SEASHELLS;5012;4
848000;;SUBMISSION;EMERALDS;SEASHELLS;10007;7
848300;SUBMISSION;;TOMATOES;SEASHELLS;5012;5
848700;;SUBMISSION;TOMATOES;SEASHELLS;5020;12
849500;SUBMISSION;;EMERALDS;SEASHELLS;9993;6
851000;;SUBMISSION;EMERALDS;SEASHELLS;10007;7
851300;SUBMISSION;;TOMATOES;SEASHELLS;5016;5
853700;;SUBMISSION;TOMATOES;SEASHELLS;5028;5
855100;SUBMISSION;;TOMATOES;SEASHELLS;5018;4
856000;;SUBMISSION;TOMATOES;SEASHELLS;5031;2
856600;;SUBMISSION;TOMATOES;SEASHELLS;5031;4
858500;;SUBMISSION;TOMATOES;SEASHELLS;5032;5
860200;SUBMISSION;;TOMATOES;SEASHELLS;5020;2
860400;;SUBMISSION;TOMATOES;SEASHELLS;5032;5
861500;SUBMISSION;;TOMATOES;SEASHELLS;5021;3
862300;SUBMISSION;;TOMATOES;SEASHELLS;5022;5
864100;SUBMISSION;;TOMATOES;SEASHELLS;5024;5
864900;SUBMISSION;;EMERALDS;SEASHELLS;9993;5
864900;;SUBMISSION;TOMATOES;SEASHELLS;5037;4
867700;;SUBMISSION;TOMATOES;SEASHELLS;5037;5
868200;SUBMISSION;;EMERALDS;SEASHELLS;9993;5
868300;;SUBMISSION;TOMATOES;SEASHELLS;5038;5
868600;SUBMISSION;;TOMATOES;SEASHELLS;5026;4
870100;SUBMISSION;;TOMATOES;SEASHELLS;5026;12
870400;;SUBMISSION;EMERALDS;SEASHELLS;10007;7
870900;SUBMISSION;;TOMATOES;SEASHELLS;5024;10
871800;SUBMISSION;;TOMATOES;SEASHELLS;5019;3
873300;;SUBMISSION;TOMATOES;SEASHELLS;5032;3
876000;SUBMISSION;;TOMATOES;SEASHELLS;5019;2
884000;SUBMISSION;;TOMATOES;SEASHELLS;5022;1
886600;;SUBMISSION;TOMATOES;SEASHELLS;5035;2
889100;SUBMISSION;;TOMATOES;SEASHELLS;5023;2
891200;;SUBMISSION;EMERALDS;SEASHELLS;10007;8
894700;;SUBMISSION;TOMATOES;SEASHELLS;5037;5
895400;SUBMISSION;;TOMATOES;SEASHELLS;5032;5
896700;;SUBMISSION;TOMATOES;SEASHELLS;5031;2
898100;;SUBMISSION;TOMATOES;SEASHELLS;5039;4
898300;;SUBMISSION;TOMATOES;SEASHELLS;5039;4
900000;;SUBMISSION;TOMATOES;SEASHELLS;5036;3
901700;SUBMISSION;;TOMATOES;SEASHELLS;5025;3
902500;SUBMISSION;;EMERALDS;SEASHELLS;10000;8
902600;SUBMISSION;;TOMATOES;SEASHELLS;5025;2
906300;;SUBMISSION;TOMATOES;SEASHELLS;5036;5
906500;;SUBMISSION;TOMATOES;SEASHELLS;5037;3
909600;;SUBMISSION;EMERALDS;SEASHELLS;10007;3
910000;SUBMISSION;;TOMATOES;SEASHELLS;5021;4
910800;SUBMISSION;;TOMATOES;SEASHELLS;5021;4
912100;SUBMISSION;;TOMATOES;SEASHELLS;5018;3
913500;SUBMISSION;;TOMATOES;SEASHELLS;5016;5
916800;;SUBMISSION;TOMATOES;SEASHELLS;5019;5
919800;;SUBMISSION;EMERALDS;SEASHELLS;10007;3
923000;SUBMISSION;;TOMATOES;SEASHELLS;5020;2
927000;SUBMISSION;;TOMATOES;SEASHELLS;5024;3
927400;SUBMISSION;;EMERALDS;SEASHELLS;9993;5
932900;;SUBMISSION;EMERALDS;SEASHELLS;10007;5
937200;;SUBMISSION;TOMATOES;SEASHELLS;5031;4
940200;;SUBMISSION;EMERALDS;SEASHELLS;10007;7
941100;SUBMISSION;;TOMATOES;SEASHELLS;5020;4
941600;SUBMISSION;;EMERALDS;SEASHELLS;10000;8
942400;SUBMISSION;;EMERALDS;SEASHELLS;9993;6
943600;SUBMISSION;;EMERALDS;SEASHELLS;9993;6
945100;;SUBMISSION;TOMATOES;SEASHELLS;5027;4
947200;;SUBMISSION;EMERALDS;SEASHELLS;10007;4
949400;;SUBMISSION;EMERALDS;SEASHELLS;10007;6
949800;;SUBMISSION;TOMATOES;SEASHELLS;5019;5
950000;;SUBMISSION;EMERALDS;SEASHELLS;10007;8
950300;SUBMISSION;;TOMATOES;SEASHELLS;5009;2
950600;SUBMISSION;;EMERALDS;SEASHELLS;10000;6
950600;SUBMISSION;;TOMATOES;SEASHELLS;5007;2
952400;SUBMISSION;;EMERALDS;SEASHELLS;9993;6
954600;;SUBMISSION;EMERALDS;SEASHELLS;10007;5
955200;;SUBMISSION;TOMATOES;SEASHELLS;5011;9
957400;;SUBMISSION;EMERALDS;SEASHELLS;10007;8
957800;;SUBMISSION;TOMATOES;SEASHELLS;5019;2
958200;SUBMISSION;;TOMATOES;SEASHELLS;5008;4
960300;;SUBMISSION;EMERALDS;SEASHELLS;10007;4
961000;;SUBMISSION;TOMATOES;SEASHELLS;5016;5
961100;SUBMISSION;;TOMATOES;SEASHELLS;5004;5
962800;SUBMISSION;;TOMATOES;SEASHELLS;5004;2
965400;SUBMISSION;;TOMATOES;SEASHELLS;5003;4
965500;;SUBMISSION;TOMATOES;SEASHELLS;5010;8
966900;;SUBMISSION;EMERALDS;SEASHELLS;10007;6
967600;SUBMISSION;;EMERALDS;SEASHELLS;10000;7
968300;;SUBMISSION;TOMATOES;SEASHELLS;5014;4
969000;;SUBMISSION;EMERALDS;SEASHELLS;10007;3
969000;;SUBMISSION;TOMATOES;SEASHELLS;5015;2
969800;;SUBMISSION;TOMATOES;SEASHELLS;5016;2
972700;;SUBMISSION;TOMATOES;SEASHELLS;5015;2
973400;;SUBMISSION;TOMATOES;SEASHELLS;5015;3
973600;SUBMISSION;;TOMATOES;SEASHELLS;5004;2
974800;SUBMISSION;;TOMATOES;SEASHELLS;5003;5
976300;SUBMISSION;;TOMATOES;SEASHELLS;5005;5
980300;;SUBMISSION;TOMATOES;SEASHELLS;5018;3
985400;;SUBMISSION;TOMATOES;SEASHELLS;5015;2
985800;;SUBMISSION;TOMATOES;SEASHELLS;5014;2
986000;SUBMISSION;;EMERALDS;SEASHELLS;10000;7
986100;SUBMISSION;;TOMATOES;SEASHELLS;5003;5
988600;SUBMISSION;;TOMATOES;SEASHELLS;5005;5
989300;;SUBMISSION;TOMATOES;SEASHELLS;5016;2
991500;;SUBMISSION;TOMATOES;SEASHELLS;5016;2
991700;SUBMISSION;;TOMATOES;SEASHELLS;5005;4
995500;SUBMISSION;;EMERALDS;SEASHELLS;10000;8
